{"INDIANCARD.BO": {"cashflowStatementHistory": {"cashflowStatements": [{"maxAge": 1, "endDate": "2020-03-31", "netIncome": -50624000, "depreciation": 41526000, "changeToNetincome": -18397000, "changeToAccountReceivables": -2151000, "changeToLiabilities": -15494000, "changeToInventory": 28694000, "changeToOperatingActivities": -98502000, "totalCashFromOperatingActivities": -114661000, "capitalExpenditures": -39042000, "investments": 124577000, "otherCashflowsFromInvestingActivities": 11146000, "totalCashflowsFromInvestingActivities": 130228000, "dividendsPaid": -240000, "netBorrowings": 40920000, "otherCashflowsFromFinancingActivities": -16840000, "totalCashFromFinancingActivities": 23840000, "changeInCash": 39406000}, {"maxAge": 1, "endDate": "2019-03-31", "netIncome": -205431000, "depreciation": 42902000, "changeToNetincome": -1756000, "changeToAccountReceivables": 12178000, "changeToLiabilities": -47183000, "changeToInventory": 19546000, "changeToOperatingActivities": -165720000, "totalCashFromOperatingActivities": -345380000, "capitalExpenditures": -44615000, "investments": 392339000, "otherCashflowsFromInvestingActivities": 12803000, "totalCashflowsFromInvestingActivities": 360680000, "dividendsPaid": -779000, "netBorrowings": 5253000, "otherCashflowsFromFinancingActivities": -13281000, "totalCashFromFinancingActivities": -8807000, "changeInCash": 6492000}, {"maxAge": 1, "endDate": "2018-03-31", "netIncome": -182256000, "depreciation": 54289000, "changeToNetincome": -78232000, "changeToAccountReceivables": -23996000, "changeToLiabilities": 71296000, "changeToInventory": -18003000, "changeToOperatingActivities": 178335000, "totalCashFromOperatingActivities": 1579000, "capitalExpenditures": -3286000, "investments": -1109000, "otherCashflowsFromInvestingActivities": 19488000, "totalCashflowsFromInvestingActivities": 18781000, "dividendsPaid": -9168000, "netBorrowings": 16065000, "otherCashflowsFromFinancingActivities": -24246000, "totalCashFromFinancingActivities": -17349000, "changeInCash": 3011000}, {"maxAge": 1, "endDate": "2017-03-31", "netIncome": 86731000, "depreciation": 62139000, "changeToNetincome": -189436000, "changeToAccountReceivables": -4135000, "changeToLiabilities": 12234000, "changeToInventory": -33002000, "changeToOperatingActivities": -25814000, "totalCashFromOperatingActivities": -90377000, "capitalExpenditures": -60936000, "investments": -54638000, "otherCashflowsFromInvestingActivities": 14156000, "totalCashflowsFromInvestingActivities": 108757000, "dividendsPaid": -95111000, "netBorrowings": 28597000, "otherCashflowsFromFinancingActivities": -28777000, "totalCashFromFinancingActivities": -140802000, "changeInCash": -122422000}], "maxAge": 86400}, "institutionOwnership": {"maxAge": 1, "ownershipList": []}, "balanceSheetHistoryQuarterly": {"balanceSheetStatements": [{"maxAge": 1, "endDate": "2020-06-30", "totalStockholderEquity": 588597000, "netTangibleAssets": 588572000}, {"maxAge": 1, "endDate": "2020-03-31", "cash": 68832000, "shortTermInvestments": 918000, "netReceivables": 116787000, "inventory": 137541000, "otherCurrentAssets": 77444000, "totalCurrentAssets": 474598000, "longTermInvestments": 51541000, "propertyPlantEquipment": 332478000, "intangibleAssets": 25000, "otherAssets": 143657000, "deferredLongTermAssetCharges": 35841000, "totalAssets": 1002299000, "accountsPayable": 91097000, "otherCurrentLiab": 41423000, "longTermDebt": 77276000, "otherLiab": 36793000, "minorityInterest": 53384000, "totalCurrentLiabilities": 242563000, "totalLiab": 360318000, "commonStock": 45511000, "retainedEarnings": 461428000, "treasuryStock": -9364000, "capitalSurplus": 91022000, "otherStockholderEquity": -9364000, "totalStockholderEquity": 588597000, "netTangibleAssets": 588572000}, {"maxAge": 1, "endDate": "2019-12-31", "totalStockholderEquity": 597837000, "netTangibleAssets": 597605000}, {"maxAge": 1, "endDate": "2019-09-30", "cash": 40448000, "shortTermInvestments": 128234000, "netReceivables": 108765000, "inventory": 141064000, "otherCurrentAssets": 46322000, "totalCurrentAssets": 464833000, "longTermInvestments": 108530000, "propertyPlantEquipment": 346669000, "intangibleAssets": 232000, "otherAssets": 147373000, "deferredLongTermAssetCharges": 40297000, "totalAssets": 1067637000, "accountsPayable": 90821000, "otherCurrentLiab": 146854000, "longTermDebt": 19747000, "otherLiab": 50725000, "minorityInterest": 54111000, "totalCurrentLiabilities": 345217000, "totalLiab": 415689000, "commonStock": 45511000, "treasuryStock": 552326000, "otherStockholderEquity": 552326000, "totalStockholderEquity": 597837000, "netTangibleAssets": 597605000}], "maxAge": 86400}, "indexTrend": {"maxAge": 1, "symbol": "SP5", "peRatio": 19.7411, "pegRatio": 1.34172, "estimates": [{"period": "0q", "growth": 0.549}, {"period": "+1q", "growth": 0.431}, {"period": "0y", "growth": 0.305}, {"period": "+1y", "growth": 0.109}, {"period": "+5y", "growth": 0.120865}, {"period": "-5y"}]}, "insiderTransactions": {"transactions": [{"maxAge": 1, "shares": 1390000, "value": 1991313, "filerUrl": "", "transactionText": "Other at price 1.43 per share.", "filerName": "Multi-Act Industrial Enterprises Ltd", "filerRelation": "Promoter", "moneyText": "", "startDate": "2020-10-08", "ownership": "D"}], "maxAge": 1}, "quoteType": {"exchange": "BSE", "quoteType": "EQUITY", "symbol": "INDIANCARD.BO", "underlyingSymbol": "INDIANCARD.BO", "shortName": "INDIAN CARD CLOTHING CO.LTD.", "longName": "The Indian Card Clothing Company Limited", "firstTradeDateEpochUtc": "2000-01-03 09:15:00", "timeZoneFullName": "Asia/Kolkata", "timeZoneShortName": "IST", "uuid": "ba145209-7764-3bc5-87f1-caf2fbfbd87c", "messageBoardId": null, "gmtOffSetMilliseconds": 19800000, "maxAge": 1}, "incomeStatementHistory": {"incomeStatementHistory": [{"maxAge": 1, "endDate": "2020-03-31", "totalRevenue": 613087000, "costOfRevenue": 216852000, "grossProfit": 396235000, "researchDevelopment": {}, "sellingGeneralAdministrative": 179854000, "nonRecurring": {}, "otherOperatingExpenses": 229678000, "totalOperatingExpenses": 668299000, "operatingIncome": -55212000, "totalOtherIncomeExpenseNet": 13797000, "ebit": -55212000, "interestExpense": -17908000, "incomeBeforeTax": -41415000, "incomeTaxExpense": 9609000, "minorityInterest": 53384000, "netIncomeFromContinuingOps": -51024000, "discontinuedOperations": {}, "extraordinaryItems": {}, "effectOfAccountingCharges": {}, "otherItems": {}, "netIncome": -50624000, "netIncomeApplicableToCommonShares": -50624000}, {"maxAge": 1, "endDate": "2019-03-31", "totalRevenue": 576053000, "costOfRevenue": 230149000, "grossProfit": 345904000, "researchDevelopment": {}, "sellingGeneralAdministrative": 196704000, "nonRecurring": {}, "otherOperatingExpenses": 296634000, "totalOperatingExpenses": 768701000, "operatingIncome": -192648000, "totalOtherIncomeExpenseNet": -3594000, "ebit": -192648000, "interestExpense": -15777000, "incomeBeforeTax": -196242000, "incomeTaxExpense": 8701000, "minorityInterest": 53785000, "netIncomeFromContinuingOps": -204943000, "discontinuedOperations": {}, "extraordinaryItems": {}, "effectOfAccountingCharges": {}, "otherItems": {}, "netIncome": -205431000, "netIncomeApplicableToCommonShares": -205431000}, {"maxAge": 1, "endDate": "2018-03-31", "totalRevenue": 715161000, "costOfRevenue": 255989000, "grossProfit": 459172000, "researchDevelopment": {}, "sellingGeneralAdministrative": 301735000, "nonRecurring": {}, "otherOperatingExpenses": 201939000, "totalOperatingExpenses": 823747000, "operatingIncome": -108586000, "totalOtherIncomeExpenseNet": -121417000, "ebit": -108586000, "interestExpense": -14207000, "incomeBeforeTax": -230003000, "incomeTaxExpense": -48587000, "minorityInterest": 53297000, "netIncomeFromContinuingOps": -181416000, "discontinuedOperations": {}, "extraordinaryItems": {}, "effectOfAccountingCharges": {}, "otherItems": {}, "netIncome": -182256000, "netIncomeApplicableToCommonShares": -182256000}, {"maxAge": 1, "endDate": "2017-03-31", "totalRevenue": 645362000, "costOfRevenue": 209556000, "grossProfit": 435806000, "researchDevelopment": {}, "sellingGeneralAdministrative": 255210000, "nonRecurring": {}, "otherOperatingExpenses": 222453000, "totalOperatingExpenses": 750264000, "operatingIncome": -104902000, "totalOtherIncomeExpenseNet": 220419000, "ebit": -104902000, "interestExpense": -8138000, "incomeBeforeTax": 115517000, "incomeTaxExpense": 29454000, "minorityInterest": 52457000, "netIncomeFromContinuingOps": 86063000, "discontinuedOperations": {}, "extraordinaryItems": {}, "effectOfAccountingCharges": {}, "otherItems": {}, "netIncome": 86731000, "netIncomeApplicableToCommonShares": 86731000}], "maxAge": 86400}, "fundOwnership": {"maxAge": 1, "ownershipList": []}, "summaryDetail": {"maxAge": 1, "priceHint": 2, "previousClose": 129.45, "open": 130.6, "dayLow": 127.0, "dayHigh": 130.6, "regularMarketPreviousClose": 129.45, "regularMarketOpen": 130.6, "regularMarketDayLow": 127.0, "regularMarketDayHigh": 130.6, "volume": 54, "regularMarketVolume": 54, "averageVolume": 917, "averageVolume10days": 982, "averageDailyVolume10Day": 982, "bid": 127.0, "ask": 130.0, "bidSize": 0, "askSize": 0, "marketCap": 769375040, "fiftyTwoWeekLow": 75.15, "fiftyTwoWeekHigh": 155.0, "fiftyDayAverage": 135.73529, "twoHundredDayAverage": 108.50184, "trailingAnnualDividendRate": 2.0, "trailingAnnualDividendYield": 0.015449981, "currency": "INR", "fromCurrency": null, "toCurrency": null, "lastMarket": null, "algorithm": null, "tradeable": false}, "incomeStatementHistoryQuarterly": {"incomeStatementHistory": [{"maxAge": 1, "endDate": "2020-06-30", "totalRevenue": 83984000, "costOfRevenue": 27349000, "grossProfit": 56635000, "researchDevelopment": {}, "sellingGeneralAdministrative": 32311000, "nonRecurring": {}, "otherOperatingExpenses": 36577000, "totalOperatingExpenses": 105694000, "operatingIncome": -21710000, "totalOtherIncomeExpenseNet": -1220000, "ebit": -21710000, "interestExpense": -6103000, "incomeBeforeTax": -22930000, "incomeTaxExpense": 1318000, "minorityInterest": {}, "netIncomeFromContinuingOps": -24248000, "discontinuedOperations": {}, "extraordinaryItems": {}, "effectOfAccountingCharges": {}, "otherItems": {}, "netIncome": -23851000, "netIncomeApplicableToCommonShares": -23851000}, {"maxAge": 1, "endDate": "2020-03-31", "totalRevenue": 161578000, "costOfRevenue": 66392000, "grossProfit": 95186000, "researchDevelopment": {}, "sellingGeneralAdministrative": 52988000, "nonRecurring": {}, "otherOperatingExpenses": 43195000, "totalOperatingExpenses": 173981000, "operatingIncome": -12403000, "totalOtherIncomeExpenseNet": -5357000, "ebit": -12403000, "interestExpense": -6103000, "incomeBeforeTax": -17760000, "incomeTaxExpense": 2261000, "minorityInterest": 53384000, "netIncomeFromContinuingOps": -20021000, "discontinuedOperations": {}, "extraordinaryItems": {}, "effectOfAccountingCharges": {}, "otherItems": {}, "netIncome": -18806000, "netIncomeApplicableToCommonShares": -18806000}, {"maxAge": 1, "endDate": "2019-12-31", "totalRevenue": 138168000, "costOfRevenue": 42357000, "grossProfit": 95811000, "researchDevelopment": {}, "sellingGeneralAdministrative": 39384000, "nonRecurring": {}, "otherOperatingExpenses": 52175000, "totalOperatingExpenses": 144665000, "operatingIncome": -6497000, "totalOtherIncomeExpenseNet": 14235000, "ebit": -6497000, "interestExpense": -6881000, "incomeBeforeTax": 7738000, "incomeTaxExpense": 1594000, "minorityInterest": 53384000, "netIncomeFromContinuingOps": 6144000, "discontinuedOperations": {}, "extraordinaryItems": {}, "effectOfAccountingCharges": {}, "otherItems": {}, "netIncome": 5655000, "netIncomeApplicableToCommonShares": 5655000}, {"maxAge": 1, "endDate": "2019-09-30", "totalRevenue": 165013000, "costOfRevenue": 50959000, "grossProfit": 114054000, "researchDevelopment": {}, "sellingGeneralAdministrative": 45656000, "nonRecurring": {}, "otherOperatingExpenses": 63597000, "totalOperatingExpenses": 169990000, "operatingIncome": -4977000, "totalOtherIncomeExpenseNet": 5583000, "ebit": -4977000, "interestExpense": -7261000, "incomeBeforeTax": 606000, "incomeTaxExpense": 3441000, "minorityInterest": 54111000, "netIncomeFromContinuingOps": -2835000, "discontinuedOperations": {}, "extraordinaryItems": {}, "effectOfAccountingCharges": {}, "otherItems": {}, "netIncome": -3102000, "netIncomeApplicableToCommonShares": -3102000}], "maxAge": 86400}, "cashflowStatementHistoryQuarterly": {"cashflowStatements": [{"maxAge": 1, "endDate": "2020-06-30", "netIncome": -23851000, "changeToLiabilities": 0}, {"maxAge": 1, "endDate": "2020-03-31", "netIncome": -18806000, "changeToLiabilities": 0}, {"maxAge": 1, "endDate": "2019-12-31", "netIncome": 5655000, "changeToLiabilities": 0}, {"maxAge": 1, "endDate": "2019-09-30", "netIncome": -3102000, "changeToLiabilities": 0}], "maxAge": 86400}, "insiderHolders": {"holders": [{"maxAge": 1, "name": "Multi-Act Industrial Enterprises Ltd", "relation": "Promoter", "url": "", "transactionDescription": "Other", "latestTransDate": "2020-10-08", "positionDirect": 4000066, "positionDirectDate": "2020-10-08"}], "maxAge": 1}, "calendarEvents": {"maxAge": 1, "earnings": {"earningsDate": []}}, "price": {"maxAge": 1, "regularMarketChangePercent": 0.0003862731, "regularMarketChange": 0.05000305, "regularMarketTime": "2021-04-30 15:05:15", "priceHint": 2, "regularMarketPrice": 129.5, "regularMarketDayHigh": 130.6, "regularMarketDayLow": 127.0, "regularMarketVolume": 54, "averageDailyVolume10Day": 982, "averageDailyVolume3Month": 917, "regularMarketPreviousClose": 129.45, "regularMarketSource": "FREE_REALTIME", "regularMarketOpen": 130.6, "exchange": "BSE", "exchangeName": "BSE", "exchangeDataDelayedBy": 0, "marketState": "CLOSED", "quoteType": "EQUITY", "symbol": "INDIANCARD.BO", "underlyingSymbol": null, "shortName": "INDIAN CARD CLOTHING CO.LTD.", "longName": "The Indian Card Clothing Company Limited", "currency": "INR", "quoteSourceName": "Delayed Quote", "currencySymbol": "\u20b9", "fromCurrency": null, "toCurrency": null, "lastMarket": null, "marketCap": 769375040}, "balanceSheetHistory": {"balanceSheetStatements": [{"maxAge": 1, "endDate": "2020-03-31", "cash": 68832000, "shortTermInvestments": 918000, "netReceivables": 116787000, "inventory": 137541000, "otherCurrentAssets": 77444000, "totalCurrentAssets": 474598000, "longTermInvestments": 51541000, "propertyPlantEquipment": 332478000, "intangibleAssets": 25000, "otherAssets": 143657000, "deferredLongTermAssetCharges": 35841000, "totalAssets": 1002299000, "accountsPayable": 91097000, "otherCurrentLiab": 41423000, "longTermDebt": 77276000, "otherLiab": 36793000, "minorityInterest": 53384000, "totalCurrentLiabilities": 242563000, "totalLiab": 360318000, "commonStock": 45511000, "retainedEarnings": 461428000, "treasuryStock": -9364000, "capitalSurplus": 91022000, "otherStockholderEquity": -9364000, "totalStockholderEquity": 588597000, "netTangibleAssets": 588572000}, {"maxAge": 1, "endDate": "2019-03-31", "cash": 29426000, "shortTermInvestments": 6327000, "netReceivables": 115680000, "inventory": 166235000, "otherCurrentAssets": 66431000, "totalCurrentAssets": 521899000, "longTermInvestments": 105846000, "propertyPlantEquipment": 346487000, "intangibleAssets": 312000, "otherAssets": 132964000, "deferredLongTermAssetCharges": 45165000, "totalAssets": 1107508000, "accountsPayable": 107017000, "shortLongTermDebt": 6658000, "otherCurrentLiab": 50591000, "longTermDebt": 22824000, "otherLiab": 107930000, "minorityInterest": 53785000, "totalCurrentLiabilities": 285096000, "totalLiab": 415850000, "commonStock": 45511000, "retainedEarnings": 512051000, "treasuryStock": -10711000, "capitalSurplus": 91022000, "otherStockholderEquity": -10711000, "totalStockholderEquity": 637873000, "netTangibleAssets": 637561000}, {"maxAge": 1, "endDate": "2018-03-31", "cash": 22934000, "shortTermInvestments": 15339000, "netReceivables": 138253000, "inventory": 185781000, "otherCurrentAssets": 45754000, "totalCurrentAssets": 903241000, "longTermInvestments": 126364000, "propertyPlantEquipment": 376974000, "otherAssets": 101826000, "deferredLongTermAssetCharges": 52504000, "totalAssets": 1508405000, "accountsPayable": 152140000, "shortLongTermDebt": 1559000, "otherCurrentLiab": 19260000, "longTermDebt": 9135000, "otherLiab": 120584000, "minorityInterest": 53297000, "totalCurrentLiabilities": 479872000, "totalLiab": 609591000, "commonStock": 45511000, "retainedEarnings": 717483000, "treasuryStock": -8499000, "capitalSurplus": 91022000, "otherStockholderEquity": -8499000, "totalStockholderEquity": 845517000, "netTangibleAssets": 845517000}, {"maxAge": 1, "endDate": "2017-03-31", "cash": 19923000, "shortTermInvestments": 578792000, "netReceivables": 120329000, "inventory": 167778000, "otherCurrentAssets": 6333000, "totalCurrentAssets": 908283000, "longTermInvestments": 73518000, "propertyPlantEquipment": 435413000, "intangibleAssets": 99000, "otherAssets": 63988000, "deferredLongTermAssetCharges": 2113000, "totalAssets": 1481301000, "accountsPayable": 101926000, "shortLongTermDebt": 8763000, "otherCurrentLiab": 41349000, "longTermDebt": 2752000, "otherLiab": 110186000, "minorityInterest": 52457000, "totalCurrentLiabilities": 273394000, "totalLiab": 386332000, "commonStock": 45511000, "retainedEarnings": 910693000, "treasuryStock": -4714000, "capitalSurplus": 91022000, "otherStockholderEquity": -4714000, "totalStockholderEquity": 1042512000, "netTangibleAssets": 1042413000}], "maxAge": 86400}, "financialData": {"maxAge": 86400, "currentPrice": 129.5, "recommendationKey": "none", "grossProfits": 396235000, "financialCurrency": "INR"}}}