{"INDIANHUME.BO": {"cashflowStatementHistory": {"cashflowStatements": [{"maxAge": 1, "endDate": "2020-03-31", "netIncome": 734084000, "depreciation": 181977000, "changeToNetincome": 702300000, "changeToAccountReceivables": -1674296000, "changeToLiabilities": -137470000, "changeToInventory": -48089000, "totalCashFromOperatingActivities": -238974000, "capitalExpenditures": -455723000, "otherCashflowsFromInvestingActivities": -152894000, "totalCashflowsFromInvestingActivities": -597329000, "dividendsPaid": -209401000, "netBorrowings": 1435157000, "otherCashflowsFromFinancingActivities": -754075000, "totalCashFromFinancingActivities": 471681000, "changeInCash": -364622000}, {"maxAge": 1, "endDate": "2019-03-31", "netIncome": 863124000, "depreciation": 114631000, "changeToNetincome": 482807000, "changeToAccountReceivables": -1759745000, "changeToLiabilities": 484095000, "changeToInventory": -235304000, "totalCashFromOperatingActivities": -47689000, "capitalExpenditures": -419218000, "investments": -1568000, "otherCashflowsFromInvestingActivities": -147982000, "totalCashflowsFromInvestingActivities": -537882000, "dividendsPaid": -199842000, "netBorrowings": 1432236000, "otherCashflowsFromFinancingActivities": -525662000, "totalCashFromFinancingActivities": 706732000, "changeInCash": 121161000}, {"maxAge": 1, "endDate": "2018-03-31", "netIncome": 660627000, "depreciation": 106453000, "changeToNetincome": 656839000, "changeToAccountReceivables": -3093185000, "changeToLiabilities": 1233970000, "changeToInventory": 126794000, "totalCashFromOperatingActivities": -306542000, "capitalExpenditures": -115563000, "investments": -1568000, "otherCashflowsFromInvestingActivities": -71818000, "totalCashflowsFromInvestingActivities": -184393000, "dividendsPaid": -140993000, "netBorrowings": 467897000, "otherCashflowsFromFinancingActivities": -428575000, "totalCashFromFinancingActivities": -101671000, "changeInCash": -592606000}, {"maxAge": 1, "endDate": "2017-03-31", "netIncome": 996764000, "depreciation": 103448000, "changeToNetincome": 482777000, "changeToAccountReceivables": -2256841000, "changeToLiabilities": 2332746000, "changeToInventory": -139076000, "totalCashFromOperatingActivities": 1521639000, "capitalExpenditures": -194313000, "investments": 1461000, "otherCashflowsFromInvestingActivities": -17168000, "totalCashflowsFromInvestingActivities": -205894000, "dividendsPaid": -47606000, "netBorrowings": 86110000, "otherCashflowsFromFinancingActivities": -463289000, "totalCashFromFinancingActivities": -424785000, "changeInCash": 890960000}], "maxAge": 86400}, "institutionOwnership": {"maxAge": 1, "ownershipList": []}, "balanceSheetHistoryQuarterly": {"balanceSheetStatements": [{"maxAge": 1, "endDate": "2020-06-30", "totalStockholderEquity": 5686473000, "netTangibleAssets": 5678853000}, {"maxAge": 1, "endDate": "2020-03-31", "cash": 179725000, "shortTermInvestments": 99957000, "netReceivables": 15306116000, "inventory": 756622000, "otherCurrentAssets": 378462000, "totalCurrentAssets": 16720882000, "longTermInvestments": 35547000, "propertyPlantEquipment": 1358907000, "intangibleAssets": 7620000, "otherAssets": 2115069000, "deferredLongTermAssetCharges": 79015000, "totalAssets": 20238025000, "accountsPayable": 5293660000, "shortLongTermDebt": 88155000, "otherCurrentLiab": 1617782000, "longTermDebt": 436941000, "otherLiab": 670962000, "totalCurrentLiabilities": 13394049000, "totalLiab": 14551552000, "commonStock": 96894000, "retainedEarnings": 5576606000, "treasuryStock": 12973000, "otherStockholderEquity": 12973000, "totalStockholderEquity": 5686473000, "netTangibleAssets": 5678853000}, {"maxAge": 1, "endDate": "2019-12-31", "totalStockholderEquity": 5309559000, "netTangibleAssets": 5302095000}, {"maxAge": 1, "endDate": "2019-09-30", "cash": 154191000, "shortTermInvestments": 66761000, "netReceivables": 6435904000, "inventory": 862502000, "otherCurrentAssets": 9753930000, "totalCurrentAssets": 17273288000, "longTermInvestments": 278738000, "propertyPlantEquipment": 1299064000, "intangibleAssets": 7464000, "otherAssets": 1733130000, "deferredLongTermAssetCharges": 73519000, "totalAssets": 20591684000, "accountsPayable": 5327382000, "otherCurrentLiab": 2241255000, "longTermDebt": 489109000, "otherLiab": 640574000, "totalCurrentLiabilities": 14090924000, "totalLiab": 15282125000, "commonStock": 96894000, "treasuryStock": 5212665000, "otherStockholderEquity": 5212665000, "totalStockholderEquity": 5309559000, "netTangibleAssets": 5302095000}], "maxAge": 86400}, "indexTrend": {"maxAge": 1, "symbol": "SP5", "peRatio": 19.7411, "pegRatio": 1.34172, "estimates": [{"period": "0q", "growth": 0.549}, {"period": "+1q", "growth": 0.431}, {"period": "0y", "growth": 0.305}, {"period": "+1y", "growth": 0.109}, {"period": "+5y", "growth": 0.120865}, {"period": "-5y"}]}, "insiderTransactions": {"transactions": [{"maxAge": 1, "shares": 741, "filerUrl": "", "transactionText": "", "filerName": "Doshi (Aditya R)", "filerRelation": "UNREPORTED", "moneyText": "", "startDate": "2010-03-29", "ownership": "D"}, {"maxAge": 1, "shares": 741, "filerUrl": "", "transactionText": "", "filerName": "Doshi (Mayur Rajas)", "filerRelation": "UNREPORTED", "moneyText": "", "startDate": "2010-03-29", "ownership": "D"}, {"maxAge": 1, "shares": 1482, "filerUrl": "", "transactionText": "", "filerName": "Doshi (Rajas Ratanchand)", "filerRelation": "Managing Director", "moneyText": "", "startDate": "2010-03-29", "ownership": "D"}], "maxAge": 1}, "quoteType": {"exchange": "BSE", "quoteType": "EQUITY", "symbol": "INDIANHUME.BO", "underlyingSymbol": "INDIANHUME.BO", "shortName": "INDIAN HUME PIPE CO.LTD.", "longName": "The Indian Hume Pipe Company Limited", "firstTradeDateEpochUtc": "2002-07-01 09:15:00", "timeZoneFullName": "Asia/Kolkata", "timeZoneShortName": "IST", "uuid": "5e54ab03-e154-3cc5-950c-42eacd5a3e46", "messageBoardId": null, "gmtOffSetMilliseconds": 19800000, "maxAge": 1}, "incomeStatementHistory": {"incomeStatementHistory": [{"maxAge": 1, "endDate": "2020-03-31", "totalRevenue": 16236223000, "costOfRevenue": 12881819000, "grossProfit": 3354404000, "researchDevelopment": {}, "sellingGeneralAdministrative": 810389000, "nonRecurring": {}, "otherOperatingExpenses": 615871000, "totalOperatingExpenses": 14505396000, "operatingIncome": 1730827000, "totalOtherIncomeExpenseNet": -727234000, "ebit": 1730827000, "interestExpense": -652475000, "incomeBeforeTax": 1003593000, "incomeTaxExpense": 269509000, "minorityInterest": {}, "netIncomeFromContinuingOps": 734084000, "discontinuedOperations": {}, "extraordinaryItems": {}, "effectOfAccountingCharges": {}, "otherItems": {}, "netIncome": 734084000, "netIncomeApplicableToCommonShares": 734084000}, {"maxAge": 1, "endDate": "2019-03-31", "totalRevenue": 16455277000, "costOfRevenue": 13189060000, "grossProfit": 3266217000, "researchDevelopment": {}, "sellingGeneralAdministrative": 781295000, "nonRecurring": {}, "otherOperatingExpenses": 563591000, "totalOperatingExpenses": 14700695000, "operatingIncome": 1754582000, "totalOtherIncomeExpenseNet": -431907000, "ebit": 1754582000, "interestExpense": -436973000, "incomeBeforeTax": 1322675000, "incomeTaxExpense": 459551000, "minorityInterest": {}, "netIncomeFromContinuingOps": 863124000, "discontinuedOperations": {}, "extraordinaryItems": {}, "effectOfAccountingCharges": {}, "otherItems": {}, "netIncome": 863124000, "netIncomeApplicableToCommonShares": 863124000}, {"maxAge": 1, "endDate": "2018-03-31", "totalRevenue": 15467582000, "costOfRevenue": 12284798000, "grossProfit": 3182784000, "researchDevelopment": {}, "sellingGeneralAdministrative": 715027000, "nonRecurring": {}, "otherOperatingExpenses": 935008000, "totalOperatingExpenses": 14049766000, "operatingIncome": 1417816000, "totalOtherIncomeExpenseNet": -413995000, "ebit": 1417816000, "interestExpense": -342011000, "incomeBeforeTax": 1003821000, "incomeTaxExpense": 343194000, "minorityInterest": {}, "netIncomeFromContinuingOps": 660627000, "discontinuedOperations": {}, "extraordinaryItems": {}, "effectOfAccountingCharges": {}, "otherItems": {}, "netIncome": 660627000, "netIncomeApplicableToCommonShares": 660627000}, {"maxAge": 1, "endDate": "2017-03-31", "totalRevenue": 17919862000, "costOfRevenue": 13965699000, "grossProfit": 3954163000, "researchDevelopment": {}, "sellingGeneralAdministrative": 690514000, "nonRecurring": {}, "otherOperatingExpenses": 1167033000, "totalOperatingExpenses": 15954103000, "operatingIncome": 1965759000, "totalOtherIncomeExpenseNet": -435709000, "ebit": 1965759000, "interestExpense": -383574000, "incomeBeforeTax": 1530050000, "incomeTaxExpense": 533286000, "minorityInterest": {}, "netIncomeFromContinuingOps": 996764000, "discontinuedOperations": {}, "extraordinaryItems": {}, "effectOfAccountingCharges": {}, "otherItems": {}, "netIncome": 996764000, "netIncomeApplicableToCommonShares": 996764000}], "maxAge": 86400}, "fundOwnership": {"maxAge": 1, "ownershipList": [{"maxAge": 1, "reportDate": "2020-07-31", "organization": "DFA Emerging Markets Core Equity Portfolio", "pctHeld": 0.0011999999, "position": 55892, "value": 9238947}, {"maxAge": 1, "reportDate": "2020-07-31", "organization": "DFA Emerging Markets Small Cap Series", "pctHeld": 0.00090000004, "position": 42583, "value": 7038969}, {"maxAge": 1, "reportDate": "2020-07-31", "organization": "DFA Investment Dimensions-Emerging Markets Social Core Equity", "pctHeld": 0.0002, "position": 8416, "value": 1391164}, {"maxAge": 1, "reportDate": "2020-07-31", "organization": "DFA T.A. World Ex U.S. Core Equity Portfolio", "pctHeld": 0.0002, "position": 7493, "value": 1238592}, {"maxAge": 1, "reportDate": "2020-07-31", "organization": "DFA Investment Dimensions-World Ex U.S. Core Equity Port", "pctHeld": 0.0001, "position": 6838, "value": 1130321}, {"maxAge": 1, "reportDate": "2020-07-31", "organization": "DFA Investment Dimensions-DFA World Ex U.S. Targeted Value Port", "pctHeld": 0.0001, "position": 4202, "value": 694590}, {"maxAge": 1, "reportDate": "2020-07-31", "organization": "DFA Investment Dimensions-DFA Emerging Mkts Value", "pctHeld": 0.0001, "position": 2945, "value": 486808}, {"maxAge": 1, "reportDate": "2020-07-31", "organization": "John Hancock Fds II-Emerging Markets Fund", "pctHeld": 0.0001, "position": 2579, "value": 426308}]}, "summaryDetail": {"maxAge": 1, "priceHint": 2, "previousClose": 171.05, "open": 172.0, "dayLow": 171.0, "dayHigh": 174.4, "regularMarketPreviousClose": 171.05, "regularMarketOpen": 172.0, "regularMarketDayLow": 171.0, "regularMarketDayHigh": 174.4, "trailingPE": 17.761595, "volume": 2338, "regularMarketVolume": 2338, "averageVolume": 13067, "averageVolume10days": 6459, "averageDailyVolume10Day": 6459, "bid": 171.05, "ask": 173.45, "bidSize": 0, "askSize": 0, "marketCap": 8330496000, "fiftyTwoWeekLow": 101.0, "fiftyTwoWeekHigh": 220.1, "fiftyDayAverage": 199.03824, "twoHundredDayAverage": 180.5864, "trailingAnnualDividendRate": 2.0, "trailingAnnualDividendYield": 0.011692488, "currency": "INR", "fromCurrency": null, "toCurrency": null, "lastMarket": null, "algorithm": null, "tradeable": false}, "incomeStatementHistoryQuarterly": {"incomeStatementHistory": [{"maxAge": 1, "endDate": "2020-06-30", "totalRevenue": 2177313000, "costOfRevenue": 1741228000, "grossProfit": 436085000, "researchDevelopment": {}, "sellingGeneralAdministrative": 175045000, "nonRecurring": {}, "otherOperatingExpenses": 108383000, "totalOperatingExpenses": 2073526000, "operatingIncome": 103787000, "totalOtherIncomeExpenseNet": -177905000, "ebit": 103787000, "interestExpense": -193345000, "incomeBeforeTax": -74118000, "incomeTaxExpense": -18727000, "minorityInterest": {}, "netIncomeFromContinuingOps": -55391000, "discontinuedOperations": {}, "extraordinaryItems": {}, "effectOfAccountingCharges": {}, "otherItems": {}, "netIncome": -55391000, "netIncomeApplicableToCommonShares": -55391000}, {"maxAge": 1, "endDate": "2020-03-31", "totalRevenue": 3969215000, "costOfRevenue": 3007262000, "grossProfit": 961953000, "researchDevelopment": {}, "sellingGeneralAdministrative": 210923000, "nonRecurring": {}, "otherOperatingExpenses": 144264000, "totalOperatingExpenses": 3431504000, "operatingIncome": 537711000, "totalOtherIncomeExpenseNet": -202605000, "ebit": 537711000, "interestExpense": -90384000, "incomeBeforeTax": 335106000, "incomeTaxExpense": 81678000, "minorityInterest": {}, "netIncomeFromContinuingOps": 253428000, "discontinuedOperations": {}, "extraordinaryItems": {}, "effectOfAccountingCharges": {}, "otherItems": {}, "netIncome": 253428000, "netIncomeApplicableToCommonShares": 253428000}, {"maxAge": 1, "endDate": "2019-12-31", "totalRevenue": 3928796000, "costOfRevenue": 3158281000, "grossProfit": 770515000, "researchDevelopment": {}, "sellingGeneralAdministrative": 201604000, "nonRecurring": {}, "otherOperatingExpenses": 161917000, "totalOperatingExpenses": 3573654000, "operatingIncome": 355142000, "totalOtherIncomeExpenseNet": -191414000, "ebit": 355142000, "interestExpense": -212242000, "incomeBeforeTax": 163728000, "incomeTaxExpense": 34586000, "minorityInterest": {}, "netIncomeFromContinuingOps": 129142000, "discontinuedOperations": {}, "extraordinaryItems": {}, "effectOfAccountingCharges": {}, "otherItems": {}, "netIncome": 129142000, "netIncomeApplicableToCommonShares": 129142000}, {"maxAge": 1, "endDate": "2019-09-30", "totalRevenue": 3706282000, "costOfRevenue": 2965693000, "grossProfit": 740589000, "researchDevelopment": {}, "sellingGeneralAdministrative": 192710000, "nonRecurring": {}, "otherOperatingExpenses": 146461000, "totalOperatingExpenses": 3342928000, "operatingIncome": 363354000, "totalOtherIncomeExpenseNet": -182860000, "ebit": 363354000, "interestExpense": -190952000, "incomeBeforeTax": 180494000, "incomeTaxExpense": 38405000, "minorityInterest": {}, "netIncomeFromContinuingOps": 142089000, "discontinuedOperations": {}, "extraordinaryItems": {}, "effectOfAccountingCharges": {}, "otherItems": {}, "netIncome": 142089000, "netIncomeApplicableToCommonShares": 142089000}], "maxAge": 86400}, "cashflowStatementHistoryQuarterly": {"cashflowStatements": [{"maxAge": 1, "endDate": "2020-06-30", "netIncome": -55391000, "changeToLiabilities": 0}, {"maxAge": 1, "endDate": "2020-03-31", "netIncome": 253428000, "changeToLiabilities": 0}, {"maxAge": 1, "endDate": "2019-12-31", "netIncome": 129142000, "changeToLiabilities": 0}, {"maxAge": 1, "endDate": "2019-09-30", "netIncome": 142089000, "changeToLiabilities": 0}], "maxAge": 86400}, "insiderHolders": {"holders": [{"maxAge": 1, "name": "Doshi (Aditya R)", "relation": "UNREPORTED", "url": "", "transactionDescription": "Acquisition", "latestTransDate": "2010-03-29", "positionDirect": 17374, "positionDirectDate": "2010-03-29"}, {"maxAge": 1, "name": "Doshi (Mayur Rajas)", "relation": "UNREPORTED", "url": "", "transactionDescription": "Acquisition", "latestTransDate": "2010-03-29", "positionDirect": 17207, "positionDirectDate": "2010-03-29"}, {"maxAge": 1, "name": "Doshi (Rajas Ratanchand)", "relation": "Managing Director", "url": "", "transactionDescription": "Sale", "latestTransDate": "2010-03-29", "positionDirect": 40915, "positionDirectDate": "2010-03-29"}], "maxAge": 1}, "calendarEvents": {"maxAge": 1, "earnings": {"earningsDate": []}}, "price": {"maxAge": 1, "regularMarketChangePercent": 0.0052615837, "regularMarketChange": 0.8999939, "regularMarketTime": "2021-04-30 15:28:59", "priceHint": 2, "regularMarketPrice": 171.95, "regularMarketDayHigh": 174.4, "regularMarketDayLow": 171.0, "regularMarketVolume": 2338, "averageDailyVolume10Day": 6459, "averageDailyVolume3Month": 13067, "regularMarketPreviousClose": 171.05, "regularMarketSource": "FREE_REALTIME", "regularMarketOpen": 172.0, "exchange": "BSE", "exchangeName": "BSE", "exchangeDataDelayedBy": 0, "marketState": "CLOSED", "quoteType": "EQUITY", "symbol": "INDIANHUME.BO", "underlyingSymbol": null, "shortName": "INDIAN HUME PIPE CO.LTD.", "longName": "The Indian Hume Pipe Company Limited", "currency": "INR", "quoteSourceName": "Delayed Quote", "currencySymbol": "\u20b9", "fromCurrency": null, "toCurrency": null, "lastMarket": null, "marketCap": 8330496000}, "balanceSheetHistory": {"balanceSheetStatements": [{"maxAge": 1, "endDate": "2020-03-31", "cash": 179725000, "shortTermInvestments": 99957000, "netReceivables": 15306116000, "inventory": 756622000, "otherCurrentAssets": 378462000, "totalCurrentAssets": 16720882000, "longTermInvestments": 35547000, "propertyPlantEquipment": 1358907000, "intangibleAssets": 7620000, "otherAssets": 2115069000, "deferredLongTermAssetCharges": 79015000, "totalAssets": 20238025000, "accountsPayable": 5293660000, "shortLongTermDebt": 88155000, "otherCurrentLiab": 1617782000, "longTermDebt": 436941000, "otherLiab": 670962000, "totalCurrentLiabilities": 13394049000, "totalLiab": 14551552000, "commonStock": 96894000, "retainedEarnings": 5576606000, "treasuryStock": 12973000, "otherStockholderEquity": 12973000, "totalStockholderEquity": 5686473000, "netTangibleAssets": 5678853000}, {"maxAge": 1, "endDate": "2019-03-31", "cash": 103251000, "shortTermInvestments": 83206000, "netReceivables": 13834524000, "inventory": 708533000, "otherCurrentAssets": 649749000, "totalCurrentAssets": 15379263000, "longTermInvestments": 45232000, "propertyPlantEquipment": 1003797000, "intangibleAssets": 6827000, "otherAssets": 1460098000, "deferredLongTermAssetCharges": 87002000, "totalAssets": 17895217000, "accountsPayable": 4959438000, "shortLongTermDebt": 11055000, "otherCurrentLiab": 2173125000, "longTermDebt": 22885000, "otherLiab": 551064000, "totalCurrentLiabilities": 12125258000, "totalLiab": 12699207000, "commonStock": 96894000, "retainedEarnings": 5078757000, "treasuryStock": 20359000, "otherStockholderEquity": 20359000, "totalStockholderEquity": 5196010000, "netTangibleAssets": 5189183000}, {"maxAge": 1, "endDate": "2018-03-31", "cash": 50880000, "shortTermInvestments": 72693000, "netReceivables": 12752974000, "inventory": 472937000, "otherCurrentAssets": 430576000, "totalCurrentAssets": 13780060000, "longTermInvestments": 47653000, "propertyPlantEquipment": 711513000, "intangibleAssets": 9530000, "otherAssets": 858601000, "deferredLongTermAssetCharges": 93460000, "totalAssets": 15407357000, "accountsPayable": 4329679000, "shortLongTermDebt": 65066000, "otherCurrentLiab": 2454890000, "longTermDebt": 26646000, "otherLiab": 462662000, "totalCurrentLiabilities": 10387126000, "totalLiab": 10876434000, "commonStock": 96894000, "retainedEarnings": 4415534000, "treasuryStock": 18495000, "otherStockholderEquity": 18495000, "totalStockholderEquity": 4530923000, "netTangibleAssets": 4521393000}, {"maxAge": 1, "endDate": "2017-03-31", "cash": 424176000, "shortTermInvestments": 11956000, "netReceivables": 9383619000, "inventory": 599731000, "otherCurrentAssets": 586377000, "totalCurrentAssets": 11005859000, "longTermInvestments": 25455000, "propertyPlantEquipment": 709313000, "intangibleAssets": 5010000, "otherAssets": 990312000, "deferredLongTermAssetCharges": 22451000, "totalAssets": 12735949000, "accountsPayable": 3177041000, "shortLongTermDebt": 81384000, "otherCurrentLiab": 2412912000, "longTermDebt": 81565000, "otherLiab": 273121000, "totalCurrentLiabilities": 8380215000, "totalLiab": 8734901000, "commonStock": 96894000, "retainedEarnings": 3881890000, "treasuryStock": 22264000, "otherStockholderEquity": 22264000, "totalStockholderEquity": 4001048000, "netTangibleAssets": 3996038000}], "maxAge": 86400}, "financialData": {"maxAge": 86400, "currentPrice": 171.95, "recommendationKey": "none", "grossProfits": 3354404000, "financialCurrency": "INR"}}}