{"INDLMETER.BO": {"recommendationTrend": {"trend": [{"period": "0m", "strongBuy": 0, "buy": 0, "hold": 0, "sell": 0, "strongSell": 0}, {"period": "-1m", "strongBuy": 0, "buy": 0, "hold": 0, "sell": 0, "strongSell": 0}, {"period": "-2m", "strongBuy": 0, "buy": 0, "hold": 0, "sell": 0, "strongSell": 0}, {"period": "-3m", "strongBuy": 0, "buy": 0, "hold": 0, "sell": 0, "strongSell": 0}], "maxAge": 86400}, "cashflowStatementHistory": {"cashflowStatements": [{"maxAge": 1, "endDate": "2020-03-31", "netIncome": -142411000, "depreciation": 72753000, "changeToNetincome": 239332000, "changeToAccountReceivables": 475439000, "changeToLiabilities": -162702000, "changeToInventory": -354802000, "changeToOperatingActivities": -108886000, "totalCashFromOperatingActivities": 18723000, "capitalExpenditures": -25563000, "totalCashflowsFromInvestingActivities": -19731000, "netBorrowings": 311341000, "otherCashflowsFromFinancingActivities": -311152000, "totalCashFromFinancingActivities": 189000, "changeInCash": -819000}, {"maxAge": 1, "endDate": "2019-03-31", "netIncome": 20828903, "depreciation": 65566586, "changeToNetincome": 294284652, "changeToAccountReceivables": 183242066, "changeToLiabilities": -292428383, "changeToInventory": -116964713, "changeToOperatingActivities": 175189359, "totalCashFromOperatingActivities": 329829182, "capitalExpenditures": -95418116, "totalCashflowsFromInvestingActivities": -94885271, "dividendsPaid": -4318282, "netBorrowings": 31684973, "otherCashflowsFromFinancingActivities": -273738166, "totalCashFromFinancingActivities": -246371475, "changeInCash": -11427564}, {"maxAge": 1, "endDate": "2018-03-31", "netIncome": 60593612, "depreciation": 64577549, "changeToNetincome": 275043047, "changeToAccountReceivables": 133825069, "changeToLiabilities": -89028614, "changeToInventory": -268476051, "changeToOperatingActivities": 147995361, "totalCashFromOperatingActivities": 324649311, "capitalExpenditures": -58034743, "otherCashflowsFromInvestingActivities": 100, "totalCashflowsFromInvestingActivities": -58034643, "dividendsPaid": -4318282, "netBorrowings": 22203311, "otherCashflowsFromFinancingActivities": -278280464, "totalCashFromFinancingActivities": -260395435, "changeInCash": 6219233}, {"maxAge": 1, "endDate": "2017-03-31", "netIncome": 36127444, "depreciation": 61328479, "changeToNetincome": 248568311, "changeToAccountReceivables": -102171350, "changeToLiabilities": 231099498, "changeToInventory": -125615085, "changeToOperatingActivities": -25992760, "totalCashFromOperatingActivities": 323406887, "capitalExpenditures": -76167023, "otherCashflowsFromInvestingActivities": 100000, "totalCashflowsFromInvestingActivities": -75339023, "dividendsPaid": -4318282, "netBorrowings": 9130967, "otherCashflowsFromFinancingActivities": -249790656, "totalCashFromFinancingActivities": -240659689, "changeInCash": 7408175}], "maxAge": 86400}, "institutionOwnership": {"maxAge": 1, "ownershipList": []}, "balanceSheetHistoryQuarterly": {"balanceSheetStatements": [{"maxAge": 1, "endDate": "2020-06-30", "totalStockholderEquity": 1012844000, "netTangibleAssets": 1004488000}, {"maxAge": 1, "endDate": "2020-03-31", "cash": 246644000, "netReceivables": 943097000, "inventory": 1733141000, "otherCurrentAssets": 212922000, "totalCurrentAssets": 3135804000, "longTermInvestments": 2000, "propertyPlantEquipment": 710714000, "goodWill": 2376000, "intangibleAssets": 5980000, "otherAssets": 31889000, "deferredLongTermAssetCharges": 26708000, "totalAssets": 3886765000, "accountsPayable": 1042235000, "otherCurrentLiab": 314099000, "longTermDebt": 211670000, "otherLiab": 8107000, "minorityInterest": 6460000, "totalCurrentLiabilities": 2647684000, "totalLiab": 2867461000, "commonStock": 86366000, "treasuryStock": 926478000, "otherStockholderEquity": 926478000, "totalStockholderEquity": 1012844000, "netTangibleAssets": 1004488000}, {"maxAge": 1, "endDate": "2019-12-31", "totalStockholderEquity": 1101587000, "netTangibleAssets": 1092896000}, {"maxAge": 1, "endDate": "2019-09-30", "cash": 230420000, "netReceivables": 1049571000, "inventory": 1732381000, "otherCurrentAssets": 153308000, "totalCurrentAssets": 3165680000, "longTermInvestments": 2000, "propertyPlantEquipment": 773084000, "goodWill": 2377000, "intangibleAssets": 6314000, "otherAssets": 32940000, "totalAssets": 3980397000, "accountsPayable": 1094333000, "otherCurrentLiab": 392189000, "longTermDebt": 229614000, "otherLiab": 47435000, "minorityInterest": 6526000, "totalCurrentLiabilities": 2595235000, "totalLiab": 2872284000, "commonStock": 86366000, "treasuryStock": 1015221000, "otherStockholderEquity": 1015221000, "totalStockholderEquity": 1101587000, "netTangibleAssets": 1092896000}], "maxAge": 86400}, "earningsHistory": {"history": [{"maxAge": 1, "epsActual": {}, "epsEstimate": {}, "epsDifference": {}, "surprisePercent": {}, "quarter": {}, "period": "-4q"}, {"maxAge": 1, "epsActual": {}, "epsEstimate": {}, "epsDifference": {}, "surprisePercent": {}, "quarter": {}, "period": "-3q"}, {"maxAge": 1, "epsActual": {}, "epsEstimate": {}, "epsDifference": {}, "surprisePercent": {}, "quarter": {}, "period": "-2q"}, {"maxAge": 1, "epsActual": {}, "epsEstimate": {}, "epsDifference": {}, "surprisePercent": {}, "quarter": {}, "period": "-1q"}], "maxAge": 86400}, "indexTrend": {"maxAge": 1, "symbol": "SP5", "peRatio": 19.7411, "pegRatio": 1.34172, "estimates": [{"period": "0q", "growth": 0.549}, {"period": "+1q", "growth": 0.431}, {"period": "0y", "growth": 0.305}, {"period": "+1y", "growth": 0.109}, {"period": "+5y", "growth": 0.120865}, {"period": "-5y"}]}, "industryTrend": {"maxAge": 1, "symbol": null, "estimates": []}, "insiderTransactions": {"transactions": [{"maxAge": 1, "shares": 6359, "filerUrl": "", "transactionText": "", "filerName": "Dhoot (Aaditya R)", "filerRelation": "Joint Managing director", "moneyText": "", "startDate": "2016-01-13", "ownership": "D"}, {"maxAge": 1, "shares": 7048, "filerUrl": "", "transactionText": "", "filerName": "Dhoot (Aaditya R)", "filerRelation": "Joint Managing director", "moneyText": "", "startDate": "2016-01-06", "ownership": "D"}, {"maxAge": 1, "shares": 2610, "filerUrl": "", "transactionText": "", "filerName": "Dhoot (Smita A)", "filerRelation": "Promoter", "moneyText": "", "startDate": "2016-01-05", "ownership": "D"}, {"maxAge": 1, "shares": 2005, "filerUrl": "", "transactionText": "", "filerName": "Dhoot (Ramniwas Ramdayal)", "filerRelation": "Executive Chairman", "moneyText": "", "startDate": "2016-01-05", "ownership": "D"}, {"maxAge": 1, "shares": 580, "filerUrl": "", "transactionText": "", "filerName": "Dhoot (Smita A)", "filerRelation": "Promoter", "moneyText": "", "startDate": "2016-01-05", "ownership": "D"}, {"maxAge": 1, "shares": 25926, "filerUrl": "", "transactionText": "", "filerName": "Dhoot (Aaditya R)", "filerRelation": "Joint Managing director", "moneyText": "", "startDate": "2016-01-04", "ownership": "D"}, {"maxAge": 1, "shares": 4495, "filerUrl": "", "transactionText": "", "filerName": "Dhoot (Ramniwas Ramdayal)", "filerRelation": "Executive Chairman", "moneyText": "", "startDate": "2016-01-04", "ownership": "D"}, {"maxAge": 1, "shares": 20000, "filerUrl": "", "transactionText": "", "filerName": "Dhoot (Smita A)", "filerRelation": "Promoter", "moneyText": "", "startDate": "2016-01-04", "ownership": "D"}, {"maxAge": 1, "shares": 132771, "filerUrl": "", "transactionText": "", "filerName": "Dhoot (Smita A)", "filerRelation": "Promoter", "moneyText": "", "startDate": "2013-12-23", "ownership": "D"}, {"maxAge": 1, "shares": 132771, "filerUrl": "", "transactionText": "", "filerName": "Dhoot (Ajay R)", "filerRelation": "Managing Director", "moneyText": "", "startDate": "2013-12-23", "ownership": "D"}, {"maxAge": 1, "shares": 156, "filerUrl": "", "transactionText": "", "filerName": "Shree Kishoriju Trading Investment Pvt Ltd", "filerRelation": "Promoter", "moneyText": "", "startDate": "2013-05-02", "ownership": "D"}, {"maxAge": 1, "shares": 700, "filerUrl": "", "transactionText": "", "filerName": "Shree Kishoriju Trading Investment Pvt Ltd", "filerRelation": "Promoter", "moneyText": "", "startDate": "2013-04-29", "ownership": "D"}, {"maxAge": 1, "shares": 995, "filerUrl": "", "transactionText": "", "filerName": "Shree Kishoriju Trading Investment Pvt Ltd", "filerRelation": "Promoter", "moneyText": "", "startDate": "2013-04-25", "ownership": "D"}, {"maxAge": 1, "shares": 2005, "filerUrl": "", "transactionText": "", "filerName": "Shree Kishoriju Trading Investment Pvt Ltd", "filerRelation": "Promoter", "moneyText": "", "startDate": "2013-04-23", "ownership": "D"}, {"maxAge": 1, "shares": 4350, "filerUrl": "", "transactionText": "", "filerName": "Shree Kishoriju Trading Investment Pvt Ltd", "filerRelation": "Promoter", "moneyText": "", "startDate": "2013-04-22", "ownership": "D"}, {"maxAge": 1, "shares": 1789, "filerUrl": "", "transactionText": "", "filerName": "Shree Kishoriju Trading Investment Pvt Ltd", "filerRelation": "Promoter", "moneyText": "", "startDate": "2013-04-18", "ownership": "D"}, {"maxAge": 1, "shares": 1657, "filerUrl": "", "transactionText": "", "filerName": "Shree Kishoriju Trading Investment Pvt Ltd", "filerRelation": "Promoter", "moneyText": "", "startDate": "2013-04-17", "ownership": "D"}, {"maxAge": 1, "shares": 2350, "filerUrl": "", "transactionText": "", "filerName": "Shree Kishoriju Trading Investment Pvt Ltd", "filerRelation": "Promoter", "moneyText": "", "startDate": "2013-04-16", "ownership": "D"}, {"maxAge": 1, "shares": 85, "filerUrl": "", "transactionText": "", "filerName": "Shree Kishoriju Trading Investment Pvt Ltd", "filerRelation": "Promoter", "moneyText": "", "startDate": "2013-04-15", "ownership": "D"}, {"maxAge": 1, "shares": 750, "filerUrl": "", "transactionText": "", "filerName": "Shree Kishoriju Trading Investment Pvt Ltd", "filerRelation": "Promoter", "moneyText": "", "startDate": "2013-04-10", "ownership": "D"}, {"maxAge": 1, "shares": 1573, "filerUrl": "", "transactionText": "", "filerName": "Shree Kishoriju Trading Investment Pvt Ltd", "filerRelation": "Promoter", "moneyText": "", "startDate": "2013-04-04", "ownership": "D"}, {"maxAge": 1, "shares": 505, "filerUrl": "", "transactionText": "", "filerName": "Shree Kishoriju Trading Investment Pvt Ltd", "filerRelation": "Promoter", "moneyText": "", "startDate": "2013-04-02", "ownership": "D"}, {"maxAge": 1, "shares": 4133, "filerUrl": "", "transactionText": "", "filerName": "Shree Kishoriju Trading Investment Pvt Ltd", "filerRelation": "Promoter", "moneyText": "", "startDate": "2013-03-28", "ownership": "D"}, {"maxAge": 1, "shares": 275, "filerUrl": "", "transactionText": "", "filerName": "Dhoot (Aaditya R)", "filerRelation": "Joint Managing director", "moneyText": "", "startDate": "2012-06-27", "ownership": "D"}, {"maxAge": 1, "shares": 18, "filerUrl": "", "transactionText": "", "filerName": "Dhoot (Aaditya R)", "filerRelation": "Joint Managing director", "moneyText": "", "startDate": "2012-06-26", "ownership": "D"}, {"maxAge": 1, "shares": 111, "filerUrl": "", "transactionText": "", "filerName": "Dhoot (Aaditya R)", "filerRelation": "Joint Managing director", "moneyText": "", "startDate": "2012-06-25", "ownership": "D"}, {"maxAge": 1, "shares": 1197, "filerUrl": "", "transactionText": "", "filerName": "Dhoot (Aaditya R)", "filerRelation": "Joint Managing director", "moneyText": "", "startDate": "2012-06-21", "ownership": "D"}, {"maxAge": 1, "shares": 4943, "filerUrl": "", "transactionText": "", "filerName": "Dhoot (Aaditya R)", "filerRelation": "Joint Managing director", "moneyText": "", "startDate": "2012-06-20", "ownership": "D"}, {"maxAge": 1, "shares": 10000, "filerUrl": "", "transactionText": "", "filerName": "Dhoot (Aaditya R)", "filerRelation": "Joint Managing director", "moneyText": "", "startDate": "2012-06-18", "ownership": "D"}, {"maxAge": 1, "shares": 7798, "filerUrl": "", "transactionText": "", "filerName": "Dhoot (Aaditya R)", "filerRelation": "Joint Managing director", "moneyText": "", "startDate": "2012-06-05", "ownership": "D"}, {"maxAge": 1, "shares": 400000, "filerUrl": "", "transactionText": "", "filerName": "Stressed Assets Stabilization Fund", "filerRelation": "Institution- Corporation", "moneyText": "", "startDate": "2010-03-19", "ownership": "D"}, {"maxAge": 1, "shares": 200000, "filerUrl": "", "transactionText": "", "filerName": "Shree Rasbihari Trading Investment Pvt Ltd", "filerRelation": "Institution- Corporation", "moneyText": "", "startDate": "2010-03-19", "ownership": "D"}, {"maxAge": 1, "shares": 200000, "filerUrl": "", "transactionText": "", "filerName": "Advance Transformer & Equipment Pvt. Ltd.", "filerRelation": "Institution- Corporation", "moneyText": "", "startDate": "2010-03-19", "ownership": "D"}], "maxAge": 1}, "quoteType": {"exchange": "BSE", "quoteType": "EQUITY", "symbol": "INDLMETER.BO", "underlyingSymbol": "INDLMETER.BO", "shortName": "IMP POWERS LTD.", "longName": "IMP Powers Limited", "firstTradeDateEpochUtc": "1995-03-31 09:15:00", "timeZoneFullName": "Asia/Kolkata", "timeZoneShortName": "IST", "uuid": "68a921c1-b96e-3366-a9e7-2f16e4e5a578", "messageBoardId": null, "gmtOffSetMilliseconds": 19800000, "maxAge": 1}, "incomeStatementHistory": {"incomeStatementHistory": [{"maxAge": 1, "endDate": "2020-03-31", "totalRevenue": 2666748000, "costOfRevenue": 2133219000, "grossProfit": 533529000, "researchDevelopment": {}, "sellingGeneralAdministrative": 214227000, "nonRecurring": {}, "otherOperatingExpenses": 149629000, "totalOperatingExpenses": 2569828000, "operatingIncome": 96920000, "totalOtherIncomeExpenseNet": -311152000, "ebit": 96920000, "interestExpense": -311152000, "incomeBeforeTax": -214232000, "incomeTaxExpense": -71831000, "minorityInterest": 6460000, "netIncomeFromContinuingOps": -142401000, "discontinuedOperations": {}, "extraordinaryItems": {}, "effectOfAccountingCharges": {}, "otherItems": {}, "netIncome": -142411000, "netIncomeApplicableToCommonShares": -142411000}, {"maxAge": 1, "endDate": "2019-03-31", "totalRevenue": 4133056789, "costOfRevenue": 3303617706, "grossProfit": 829439083, "researchDevelopment": {}, "sellingGeneralAdministrative": 174507662, "nonRecurring": {}, "otherOperatingExpenses": 277818701, "totalOperatingExpenses": 3821621367, "operatingIncome": 311435422, "totalOtherIncomeExpenseNet": -281961780, "ebit": 311435422, "interestExpense": -227898380, "incomeBeforeTax": 29473642, "incomeTaxExpense": 8644739, "minorityInterest": 6470410, "netIncomeFromContinuingOps": 20828903, "discontinuedOperations": {}, "extraordinaryItems": {}, "effectOfAccountingCharges": {}, "otherItems": {}, "netIncome": 20828903, "netIncomeApplicableToCommonShares": 20548506}, {"maxAge": 1, "endDate": "2018-03-31", "totalRevenue": 4456400344, "costOfRevenue": 3577907907, "grossProfit": 878492437, "researchDevelopment": {}, "sellingGeneralAdministrative": 171975048, "nonRecurring": {}, "otherOperatingExpenses": 286671672, "totalOperatingExpenses": 4103094506, "operatingIncome": 353305838, "totalOtherIncomeExpenseNet": -269503395, "ebit": 353305838, "interestExpense": -221746584, "incomeBeforeTax": 83802443, "incomeTaxExpense": 23208831, "minorityInterest": 6190013, "netIncomeFromContinuingOps": 60593612, "discontinuedOperations": {}, "extraordinaryItems": {}, "effectOfAccountingCharges": {}, "otherItems": {}, "netIncome": 60593612, "netIncomeApplicableToCommonShares": 60187102}, {"maxAge": 1, "endDate": "2017-03-31", "totalRevenue": 3949922556, "costOfRevenue": 3187370198, "grossProfit": 762552358, "researchDevelopment": {}, "sellingGeneralAdministrative": 165549510, "nonRecurring": {}, "otherOperatingExpenses": 241031165, "totalOperatingExpenses": 3655341702, "operatingIncome": 294580854, "totalOtherIncomeExpenseNet": -240569539, "ebit": 294580854, "interestExpense": -198148229, "incomeBeforeTax": 54011315, "incomeTaxExpense": 17883871, "minorityInterest": 5783503, "netIncomeFromContinuingOps": 36127444, "discontinuedOperations": {}, "extraordinaryItems": {}, "effectOfAccountingCharges": {}, "otherItems": {}, "netIncome": 36127444, "netIncomeApplicableToCommonShares": 33591339}], "maxAge": 86400}, "fundOwnership": {"maxAge": 1, "ownershipList": []}, "summaryDetail": {"maxAge": 1, "priceHint": 2, "previousClose": 15.15, "open": 15.25, "dayLow": 15.2, "dayHigh": 15.25, "regularMarketPreviousClose": 15.15, "regularMarketOpen": 15.25, "regularMarketDayLow": 15.2, "regularMarketDayHigh": 15.25, "volume": 70, "regularMarketVolume": 70, "averageVolume": 1947, "averageVolume10days": 1828, "averageDailyVolume10Day": 1828, "bid": 14.5, "ask": 15.2, "bidSize": 0, "askSize": 0, "marketCap": 131275712, "fiftyTwoWeekLow": 9.45, "fiftyTwoWeekHigh": 21.15, "fiftyDayAverage": 17.786177, "twoHundredDayAverage": 16.223383, "trailingAnnualDividendRate": 0.5, "trailingAnnualDividendYield": 0.0330033, "currency": "INR", "fromCurrency": null, "toCurrency": null, "lastMarket": null, "algorithm": null, "tradeable": false}, "sectorTrend": {"maxAge": 1, "symbol": null, "estimates": []}, "incomeStatementHistoryQuarterly": {"incomeStatementHistory": [{"maxAge": 1, "endDate": "2020-06-30", "totalRevenue": 286299000, "costOfRevenue": 246311000, "grossProfit": 39988000, "researchDevelopment": {}, "sellingGeneralAdministrative": 18089000, "nonRecurring": {}, "otherOperatingExpenses": 34153000, "totalOperatingExpenses": 317612000, "operatingIncome": -31313000, "totalOtherIncomeExpenseNet": -90321000, "ebit": -31313000, "interestExpense": -90321000, "incomeBeforeTax": -121634000, "incomeTaxExpense": -40297000, "minorityInterest": {}, "netIncomeFromContinuingOps": -81337000, "discontinuedOperations": {}, "extraordinaryItems": {}, "effectOfAccountingCharges": {}, "otherItems": {}, "netIncome": -81122000, "netIncomeApplicableToCommonShares": -81122000}, {"maxAge": 1, "endDate": "2020-03-31", "totalRevenue": 515325000, "costOfRevenue": 423365000, "grossProfit": 91960000, "researchDevelopment": {}, "sellingGeneralAdministrative": 52884000, "nonRecurring": {}, "otherOperatingExpenses": 35790000, "totalOperatingExpenses": 530148000, "operatingIncome": -14823000, "totalOtherIncomeExpenseNet": -84182000, "ebit": -14823000, "interestExpense": -84182000, "incomeBeforeTax": -99005000, "incomeTaxExpense": -69210000, "minorityInterest": 6460000, "netIncomeFromContinuingOps": -29795000, "discontinuedOperations": {}, "extraordinaryItems": {}, "effectOfAccountingCharges": {}, "otherItems": {}, "netIncome": -29739000, "netIncomeApplicableToCommonShares": -29739000}, {"maxAge": 1, "endDate": "2019-12-31", "totalRevenue": 492250000, "costOfRevenue": 365534000, "grossProfit": 126716000, "researchDevelopment": {}, "sellingGeneralAdministrative": 39284000, "nonRecurring": {}, "otherOperatingExpenses": 43648000, "totalOperatingExpenses": 466774000, "operatingIncome": 25476000, "totalOtherIncomeExpenseNet": -82749000, "ebit": 25476000, "interestExpense": -82749000, "incomeBeforeTax": -57273000, "incomeTaxExpense": -431000, "minorityInterest": 6460000, "netIncomeFromContinuingOps": -56842000, "discontinuedOperations": {}, "extraordinaryItems": {}, "effectOfAccountingCharges": {}, "otherItems": {}, "netIncome": -56848000, "netIncomeApplicableToCommonShares": -56848000}, {"maxAge": 1, "endDate": "2019-09-30", "totalRevenue": 967444000, "costOfRevenue": 765877000, "grossProfit": 201567000, "researchDevelopment": {}, "sellingGeneralAdministrative": 41241000, "nonRecurring": {}, "otherOperatingExpenses": 50076000, "totalOperatingExpenses": 876898000, "operatingIncome": 90546000, "totalOtherIncomeExpenseNet": -74965000, "ebit": 90546000, "interestExpense": -74965000, "incomeBeforeTax": 15581000, "incomeTaxExpense": -1048000, "minorityInterest": 6526000, "netIncomeFromContinuingOps": 16629000, "discontinuedOperations": {}, "extraordinaryItems": {}, "effectOfAccountingCharges": {}, "otherItems": {}, "netIncome": 16415000, "netIncomeApplicableToCommonShares": 16415000}], "maxAge": 86400}, "cashflowStatementHistoryQuarterly": {"cashflowStatements": [{"maxAge": 1, "endDate": "2020-06-30", "netIncome": -81122000, "changeToLiabilities": 0}, {"maxAge": 1, "endDate": "2020-03-31", "netIncome": -29739000, "changeToLiabilities": 0}, {"maxAge": 1, "endDate": "2019-12-31", "netIncome": -56848000, "changeToLiabilities": 0}, {"maxAge": 1, "endDate": "2019-09-30", "netIncome": 16415000, "changeToLiabilities": 0}], "maxAge": 86400}, "insiderHolders": {"holders": [{"maxAge": 1, "name": "Advance Transformer & Equipment Pvt. Ltd.", "relation": "Institution- Corporation", "url": "", "transactionDescription": "Acquisition", "latestTransDate": "2010-03-19", "positionDirect": 703947, "positionDirectDate": "2010-03-19"}, {"maxAge": 1, "name": "Dhoot (Aaditya R)", "relation": "Joint Managing director", "url": "", "transactionDescription": "Sale", "latestTransDate": "2016-01-13", "positionDirect": 216907, "positionDirectDate": "2016-01-13"}, {"maxAge": 1, "name": "Dhoot (Ajay R)", "relation": "Managing Director", "url": "", "transactionDescription": "Gift", "latestTransDate": "2013-12-23", "positionDirect": 232977, "positionDirectDate": "2013-12-23"}, {"maxAge": 1, "name": "Dhoot (Ramniwas Ramdayal)", "relation": "Executive Chairman", "url": "", "transactionDescription": "Sale", "latestTransDate": "2016-01-05", "positionDirect": 234812, "positionDirectDate": "2016-01-05"}, {"maxAge": 1, "name": "Dhoot (Smita A)", "relation": "Promoter", "url": "", "transactionDescription": "Sale", "latestTransDate": "2016-01-05", "positionDirect": 188784, "positionDirectDate": "2016-01-05"}, {"maxAge": 1, "name": "Shree Kishoriju Trading Investment Pvt Ltd", "relation": "Promoter", "url": "", "transactionDescription": "Acquisition", "latestTransDate": "2013-05-02", "positionDirect": 582455, "positionDirectDate": "2013-05-02"}, {"maxAge": 1, "name": "Shree Rasbihari Trading Investment Pvt Ltd", "relation": "Institution- Corporation", "url": "", "transactionDescription": "Acquisition", "latestTransDate": "2010-03-19", "positionDirect": 635714, "positionDirectDate": "2010-03-19"}, {"maxAge": 1, "name": "Stressed Assets Stabilization Fund", "relation": "Institution- Corporation", "url": "", "transactionDescription": "Sale", "latestTransDate": "2010-03-19", "positionDirect": 344206, "positionDirectDate": "2010-03-19"}], "maxAge": 1}, "earnings": {"maxAge": 86400, "earningsChart": {"quarterly": [], "earningsDate": []}, "financialsChart": {"yearly": [{"date": 2017, "revenue": 3949922556, "earnings": 36127444}, {"date": 2018, "revenue": 4456400344, "earnings": 60593612}, {"date": 2019, "revenue": 4133056789, "earnings": 20828903}, {"date": 2020, "revenue": 2666748000, "earnings": -142411000}], "quarterly": [{"date": "3Q2019", "revenue": 967444000, "earnings": 16415000}, {"date": "4Q2019", "revenue": 492250000, "earnings": -56848000}, {"date": "1Q2020", "revenue": 515325000, "earnings": -29739000}, {"date": "2Q2020", "revenue": 286299000, "earnings": -81122000}]}, "financialCurrency": "INR"}, "calendarEvents": {"maxAge": 1, "earnings": {"earningsDate": []}}, "price": {"maxAge": 1, "regularMarketChangePercent": 0.0033003425, "regularMarketChange": 0.05000019, "regularMarketTime": "2021-04-30 15:00:03", "priceHint": 2, "regularMarketPrice": 15.2, "regularMarketDayHigh": 15.25, "regularMarketDayLow": 15.2, "regularMarketVolume": 70, "averageDailyVolume10Day": 1828, "averageDailyVolume3Month": 1947, "regularMarketPreviousClose": 15.15, "regularMarketSource": "FREE_REALTIME", "regularMarketOpen": 15.25, "exchange": "BSE", "exchangeName": "BSE", "exchangeDataDelayedBy": 0, "marketState": "CLOSED", "quoteType": "EQUITY", "symbol": "INDLMETER.BO", "underlyingSymbol": null, "shortName": "IMP POWERS LTD.", "longName": "IMP Powers Limited", "currency": "INR", "quoteSourceName": "Delayed Quote", "currencySymbol": "\u20b9", "fromCurrency": null, "toCurrency": null, "lastMarket": null, "marketCap": 131275712}, "balanceSheetHistory": {"balanceSheetStatements": [{"maxAge": 1, "endDate": "2020-03-31", "cash": 246644000, "netReceivables": 943097000, "inventory": 1733141000, "otherCurrentAssets": 212922000, "totalCurrentAssets": 3135804000, "longTermInvestments": 2000, "propertyPlantEquipment": 710714000, "goodWill": 2376000, "intangibleAssets": 5980000, "otherAssets": 31889000, "deferredLongTermAssetCharges": 26708000, "totalAssets": 3886765000, "accountsPayable": 1042235000, "otherCurrentLiab": 314099000, "longTermDebt": 211670000, "otherLiab": 8107000, "minorityInterest": 6460000, "totalCurrentLiabilities": 2647684000, "totalLiab": 2867461000, "commonStock": 86366000, "treasuryStock": 926478000, "otherStockholderEquity": 926478000, "totalStockholderEquity": 1012844000, "netTangibleAssets": 1004488000}, {"maxAge": 1, "endDate": "2019-03-31", "cash": 2864190, "netReceivables": 1477461847, "inventory": 1378338910, "otherCurrentAssets": 205881379, "totalCurrentAssets": 3122701894, "longTermInvestments": 1625, "propertyPlantEquipment": 785923229, "goodWill": 2375776, "intangibleAssets": 6540067, "otherAssets": 29029365, "totalAssets": 3946571956, "accountsPayable": 1204936157, "shortLongTermDebt": 172447207, "otherCurrentLiab": 138463493, "longTermDebt": 263155844, "otherLiab": 48932447, "minorityInterest": 6470410, "totalCurrentLiabilities": 2471985928, "totalLiab": 2784074219, "commonStock": 86365630, "retainedEarnings": 475042316, "treasuryStock": 81041640, "capitalSurplus": 513577741, "otherStockholderEquity": 81041640, "totalStockholderEquity": 1156027327, "netTangibleAssets": 1147111484}, {"maxAge": 1, "endDate": "2018-03-31", "cash": 14291754, "netReceivables": 1644038644, "inventory": 1261374197, "otherCurrentAssets": 179727674, "totalCurrentAssets": 3145979938, "longTermInvestments": 1625, "propertyPlantEquipment": 757113768, "goodWill": 2375776, "intangibleAssets": 6689655, "otherAssets": 28536567, "totalAssets": 3940697329, "accountsPayable": 1497364540, "shortLongTermDebt": 72814718, "otherCurrentLiab": 141987739, "longTermDebt": 157757889, "otherLiab": 48206953, "minorityInterest": 6190013, "totalCurrentLiabilities": 2606427643, "totalLiab": 2812392485, "commonStock": 86365630, "retainedEarnings": 456942320, "treasuryStock": 65229140, "capitalSurplus": 513577741, "otherStockholderEquity": 65229140, "totalStockholderEquity": 1122114831, "netTangibleAssets": 1113049400}, {"maxAge": 1, "endDate": "2017-03-31", "cash": 8072520, "netReceivables": 1779659306, "inventory": 992898146, "otherCurrentAssets": 173474841, "totalCurrentAssets": 3001059269, "longTermInvestments": 1726, "propertyPlantEquipment": 770259933, "goodWill": 2375776, "intangibleAssets": 205634, "otherAssets": 62822522, "totalAssets": 3836724860, "accountsPayable": 1586393154, "shortLongTermDebt": 34110824, "otherCurrentLiab": 133597628, "longTermDebt": 81200478, "otherLiab": 48642608, "minorityInterest": 5783503, "totalCurrentLiabilities": 2635417362, "totalLiab": 2765260448, "commonStock": 86365630, "retainedEarnings": 400508398, "treasuryStock": 65229140, "capitalSurplus": 513577741, "otherStockholderEquity": 65229140, "totalStockholderEquity": 1065680909, "netTangibleAssets": 1063099499}], "maxAge": 86400}, "earningsTrend": {"trend": [{"maxAge": 1, "period": "0q", "endDate": null, "growth": {}, "earningsEstimate": {"avg": 0.0, "low": 0.0, "high": 0.0, "yearAgoEps": {}, "numberOfAnalysts": 0, "growth": {}}, "revenueEstimate": {"avg": 0, "low": 0, "high": 0, "numberOfAnalysts": 0, "yearAgoRevenue": {}, "growth": {}}, "epsTrend": {"current": 0.0, "7daysAgo": 0.0, "30daysAgo": 0.0, "60daysAgo": 0.0, "90daysAgo": 0.0}, "epsRevisions": {"upLast7days": 0, "upLast30days": 0, "downLast30days": 0, "downLast90days": {}}}, {"maxAge": 1, "period": "+1q", "endDate": null, "growth": {}, "earningsEstimate": {"avg": 0.0, "low": 0.0, "high": 0.0, "yearAgoEps": {}, "numberOfAnalysts": 0, "growth": {}}, "revenueEstimate": {"avg": 0, "low": 0, "high": 0, "numberOfAnalysts": 0, "yearAgoRevenue": {}, "growth": {}}, "epsTrend": {"current": 0.0, "7daysAgo": 0.0, "30daysAgo": 0.0, "60daysAgo": 0.0, "90daysAgo": 0.0}, "epsRevisions": {"upLast7days": 0, "upLast30days": 0, "downLast30days": 0, "downLast90days": {}}}, {"maxAge": 1, "period": "0y", "endDate": null, "growth": {}, "earningsEstimate": {"avg": 0.0, "low": 0.0, "high": 0.0, "yearAgoEps": {}, "numberOfAnalysts": 0, "growth": {}}, "revenueEstimate": {"avg": 0, "low": 0, "high": 0, "numberOfAnalysts": 0, "yearAgoRevenue": {}, "growth": {}}, "epsTrend": {"current": 0.0, "7daysAgo": 0.0, "30daysAgo": 0.0, "60daysAgo": 0.0, "90daysAgo": 0.0}, "epsRevisions": {"upLast7days": 0, "upLast30days": 0, "downLast30days": 0, "downLast90days": {}}}, {"maxAge": 1, "period": "+1y", "endDate": null, "growth": {}, "earningsEstimate": {"avg": 0.0, "low": 0.0, "high": 0.0, "yearAgoEps": {}, "numberOfAnalysts": 0, "growth": {}}, "revenueEstimate": {"avg": 0, "low": 0, "high": 0, "numberOfAnalysts": 0, "yearAgoRevenue": {}, "growth": {}}, "epsTrend": {"current": 0.0, "7daysAgo": 0.0, "30daysAgo": 0.0, "60daysAgo": 0.0, "90daysAgo": 0.0}, "epsRevisions": {"upLast7days": 0, "upLast30days": 0, "downLast30days": 0, "downLast90days": {}}}, {"maxAge": 1, "period": "+5y", "endDate": null, "growth": {}, "earningsEstimate": {"avg": {}, "low": {}, "high": {}, "yearAgoEps": {}, "numberOfAnalysts": {}, "growth": {}}, "revenueEstimate": {"avg": {}, "low": {}, "high": {}, "numberOfAnalysts": {}, "yearAgoRevenue": {}, "growth": {}}, "epsTrend": {"current": {}, "7daysAgo": {}, "30daysAgo": {}, "60daysAgo": {}, "90daysAgo": {}}, "epsRevisions": {"upLast7days": {}, "upLast30days": {}, "downLast30days": {}, "downLast90days": {}}}, {"maxAge": 1, "period": "-5y", "endDate": null, "growth": {}, "earningsEstimate": {"avg": {}, "low": {}, "high": {}, "yearAgoEps": {}, "numberOfAnalysts": {}, "growth": {}}, "revenueEstimate": {"avg": {}, "low": {}, "high": {}, "numberOfAnalysts": {}, "yearAgoRevenue": {}, "growth": {}}, "epsTrend": {"current": {}, "7daysAgo": {}, "30daysAgo": {}, "60daysAgo": {}, "90daysAgo": {}}, "epsRevisions": {"upLast7days": {}, "upLast30days": {}, "downLast30days": {}, "downLast90days": {}}}], "maxAge": 1}, "financialData": {"maxAge": 86400, "currentPrice": 15.2, "targetHighPrice": 52.0, "targetLowPrice": 52.0, "targetMeanPrice": 52.0, "targetMedianPrice": 52.0, "recommendationMean": 1.0, "recommendationKey": "strong_buy", "numberOfAnalystOpinions": 1, "grossProfits": 533529000, "financialCurrency": "INR"}}}