{"INDNIPPON.NS": {"assetProfile": {"address1": "No. 11 & 13, Patullos Road", "city": "Chennai", "zip": "600002", "country": "India", "phone": "91 44 2846 0063", "website": "http://www.indianippon.com", "industry": "Auto Parts", "sector": "Consumer Cyclical", "longBusinessSummary": "India Nippon Electricals Limited designs, manufactures, and sells electronic ignition systems for auto industry in India and internationally. The company offers AC generator products, such as flywheel magneto, stator, and rotor products, as well as CDI and TCI products, regulator and rectifier units, ignition coils, exhaust gas recirculation controllers, engine controller units, auto choke-generation purpose engines, dual output ignition products, non-contact and contact type throttle position sensors, and PM alternators. Its products have applications in two-wheelers, three wheelers, and portable engines. India Nippon Electricals Limited was incorporated in 1984 and is based in Chennai, India.", "fullTimeEmployees": 566, "companyOfficers": [{"maxAge": 1, "name": "Mr. Arvind  Balaji", "age": 46, "title": "MD & Non-Independent Director", "yearBorn": 1974, "fiscalYear": 2020, "totalPay": 27604000, "exercisedValue": 0, "unexercisedValue": 0}, {"maxAge": 1, "name": "Mr. Elango  Srinivasan", "title": "Chief Financial Officer", "fiscalYear": 2020, "totalPay": 5118000, "exercisedValue": 0, "unexercisedValue": 0}, {"maxAge": 1, "name": "Mr. G.  Venkatram", "age": 38, "title": "Nodal Officer, Company Sec. & Compliance Officer", "yearBorn": 1982, "fiscalYear": 2020, "totalPay": 2530000, "exercisedValue": 0, "unexercisedValue": 0}, {"maxAge": 1, "name": "Mr. Ravinder  Sharma", "title": "Pres", "exercisedValue": 0, "unexercisedValue": 0}, {"maxAge": 1, "name": "R. Uma Shankar", "title": "Chief Technical Officer", "exercisedValue": 0, "unexercisedValue": 0}], "compensationAsOfEpochDate": "2020-12-31 05:30:00", "maxAge": 86400}, "recommendationTrend": {"trend": [{"period": "0m", "strongBuy": 0, "buy": 0, "hold": 0, "sell": 0, "strongSell": 0}, {"period": "-1m", "strongBuy": 0, "buy": 0, "hold": 0, "sell": 0, "strongSell": 0}, {"period": "-2m", "strongBuy": 0, "buy": 0, "hold": 0, "sell": 0, "strongSell": 0}, {"period": "-3m", "strongBuy": 0, "buy": 0, "hold": 0, "sell": 0, "strongSell": 0}], "maxAge": 86400}, "cashflowStatementHistory": {"cashflowStatements": [{"maxAge": 1, "endDate": "2020-03-31", "netIncome": 543430000, "depreciation": 90833000, "changeToNetincome": -212841000, "changeToAccountReceivables": 158473000, "changeToLiabilities": 7708000, "changeToInventory": -33470000, "changeToOperatingActivities": -40463000, "totalCashFromOperatingActivities": 516913000, "capitalExpenditures": -183799000, "investments": -44411000, "otherCashflowsFromInvestingActivities": 43961000, "totalCashflowsFromInvestingActivities": -65843000, "dividendsPaid": -243183000, "netBorrowings": -76361000, "otherCashflowsFromFinancingActivities": -55584000, "totalCashFromFinancingActivities": -375128000, "changeInCash": 75942000}, {"maxAge": 1, "endDate": "2019-03-31", "netIncome": 585432000, "depreciation": 74101000, "changeToNetincome": -106909000, "changeToAccountReceivables": -106722000, "changeToLiabilities": -11227000, "changeToInventory": -40661000, "changeToOperatingActivities": -34152000, "totalCashFromOperatingActivities": 363059000, "capitalExpenditures": -155511000, "investments": -56268000, "otherCashflowsFromInvestingActivities": 44967000, "totalCashflowsFromInvestingActivities": -166812000, "dividendsPaid": -147039000, "netBorrowings": -76361000, "otherCashflowsFromFinancingActivities": -31049000, "totalCashFromFinancingActivities": -178088000, "changeInCash": 18159000}, {"maxAge": 1, "endDate": "2018-03-31", "netIncome": 497973000, "depreciation": 56516000, "changeToNetincome": -89075000, "changeToAccountReceivables": -269613000, "changeToLiabilities": 139648000, "changeToInventory": -88501000, "changeToOperatingActivities": 16464000, "totalCashFromOperatingActivities": 266609000, "capitalExpenditures": -175175000, "investments": -37772000, "otherCashflowsFromInvestingActivities": 43073000, "totalCashflowsFromInvestingActivities": -169874000, "dividendsPaid": -67864000, "netBorrowings": -76361000, "otherCashflowsFromFinancingActivities": -14537000, "totalCashFromFinancingActivities": -82401000, "changeInCash": 14334000}, {"maxAge": 1, "endDate": "2017-03-31", "netIncome": 295673000, "depreciation": 38793000, "changeToNetincome": -45438000, "changeToAccountReceivables": -56936000, "changeToLiabilities": 116290000, "changeToInventory": 24989000, "changeToOperatingActivities": 41079000, "totalCashFromOperatingActivities": 417346000, "capitalExpenditures": -126898000, "investments": -277432000, "otherCashflowsFromInvestingActivities": 39473000, "totalCashflowsFromInvestingActivities": -364857000, "dividendsPaid": -65966000, "netBorrowings": -76361000, "otherCashflowsFromFinancingActivities": -605000, "totalCashFromFinancingActivities": -66571000, "changeInCash": -14082000}], "maxAge": 86400}, "indexTrend": {"maxAge": 1, "symbol": "SP5", "peRatio": 19.7411, "pegRatio": 1.34172, "estimates": [{"period": "0q", "growth": 0.549}, {"period": "+1q", "growth": 0.431}, {"period": "0y", "growth": 0.305}, {"period": "+1y", "growth": 0.109}, {"period": "+5y", "growth": 0.120865}, {"period": "-5y"}]}, "defaultKeyStatistics": {"maxAge": 1, "priceHint": 2, "enterpriseValue": 6616360448, "profitMargins": 0.085159995, "floatShares": 6965087, "sharesOutstanding": 22621400, "heldPercentInsiders": 0.67811996, "heldPercentInstitutions": 0.01832, "beta": 1.226587, "category": null, "bookValue": 189.942, "priceToBook": 1.9321687, "fundFamily": null, "legalType": null, "lastFiscalYearEnd": "2020-03-31 05:30:00", "nextFiscalYearEnd": "2022-03-31 05:30:00", "mostRecentQuarter": "2020-12-31 05:30:00", "earningsQuarterlyGrowth": 1.114, "netIncomeToCommon": 377630016, "trailingEps": 16.689, "forwardEps": 24.49, "lastSplitFactor": "2:1", "lastSplitDate": "2018-03-21 05:30:00", "enterpriseToRevenue": 1.492, "enterpriseToEbitda": 17.513}, "industryTrend": {"maxAge": 1, "symbol": null, "estimates": []}, "quoteType": {"exchange": "NSI", "quoteType": "EQUITY", "symbol": "INDNIPPON.NS", "underlyingSymbol": "INDNIPPON.NS", "shortName": "INDIA NIPPON ELECT", "longName": "India Nippon Electricals Limited", "firstTradeDateEpochUtc": "2002-07-01 09:15:00", "timeZoneFullName": "Asia/Kolkata", "timeZoneShortName": "IST", "uuid": "8e843131-f764-31dd-9f40-55a5a314bc5f", "gmtOffSetMilliseconds": 19800000, "maxAge": 1}, "incomeStatementHistory": {"incomeStatementHistory": [{"maxAge": 1, "endDate": "2020-03-31", "totalRevenue": 4788092000, "costOfRevenue": 3215997000, "grossProfit": 1572095000, "researchDevelopment": {}, "sellingGeneralAdministrative": 627285000, "nonRecurring": {}, "otherOperatingExpenses": 376902000, "totalOperatingExpenses": 4314260000, "operatingIncome": 473832000, "totalOtherIncomeExpenseNet": 238633000, "ebit": 473832000, "interestExpense": -5101000, "incomeBeforeTax": 712465000, "incomeTaxExpense": 169036000, "minorityInterest": 35000, "netIncomeFromContinuingOps": 543429000, "discontinuedOperations": {}, "extraordinaryItems": {}, "effectOfAccountingCharges": {}, "otherItems": {}, "netIncome": 543430000, "netIncomeApplicableToCommonShares": 543430000}, {"maxAge": 1, "endDate": "2019-03-31", "totalRevenue": 5252121000, "costOfRevenue": 3490018000, "grossProfit": 1762103000, "researchDevelopment": {}, "sellingGeneralAdministrative": 604624000, "nonRecurring": {}, "otherOperatingExpenses": 369104000, "totalOperatingExpenses": 4541044000, "operatingIncome": 711077000, "totalOtherIncomeExpenseNet": 118404000, "ebit": 711077000, "interestExpense": -5101000, "incomeBeforeTax": 829481000, "incomeTaxExpense": 244050000, "minorityInterest": 36000, "netIncomeFromContinuingOps": 585431000, "discontinuedOperations": {}, "extraordinaryItems": {}, "effectOfAccountingCharges": {}, "otherItems": {}, "netIncome": 585432000, "netIncomeApplicableToCommonShares": 585432000}, {"maxAge": 1, "endDate": "2018-03-31", "totalRevenue": 4523854000, "costOfRevenue": 3035674000, "grossProfit": 1488180000, "researchDevelopment": {}, "sellingGeneralAdministrative": 540506000, "nonRecurring": {}, "otherOperatingExpenses": 304659000, "totalOperatingExpenses": 3940552000, "operatingIncome": 583302000, "totalOtherIncomeExpenseNet": 122093000, "ebit": 583302000, "interestExpense": -5101000, "incomeBeforeTax": 705395000, "incomeTaxExpense": 207423000, "minorityInterest": 37000, "netIncomeFromContinuingOps": 497972000, "discontinuedOperations": {}, "extraordinaryItems": {}, "effectOfAccountingCharges": {}, "otherItems": {}, "netIncome": 497973000, "netIncomeApplicableToCommonShares": 497973000}, {"maxAge": 1, "endDate": "2017-03-31", "totalRevenue": 3510811000, "costOfRevenue": 2389273000, "grossProfit": 1121538000, "researchDevelopment": {}, "sellingGeneralAdministrative": 447505000, "nonRecurring": {}, "otherOperatingExpenses": 298829000, "totalOperatingExpenses": 3177296000, "operatingIncome": 333515000, "totalOtherIncomeExpenseNet": 108999000, "ebit": 333515000, "interestExpense": -5101000, "incomeBeforeTax": 442514000, "incomeTaxExpense": 146842000, "minorityInterest": 120000, "netIncomeFromContinuingOps": 295672000, "discontinuedOperations": {}, "extraordinaryItems": {}, "effectOfAccountingCharges": {}, "otherItems": {}, "netIncome": 295673000, "netIncomeApplicableToCommonShares": 295672000}], "maxAge": 86400}, "fundOwnership": {"ownershipList": [], "maxAge": 1}, "summaryDetail": {"maxAge": 1, "priceHint": 2, "previousClose": 363.6, "open": 363.95, "dayLow": 363.0, "dayHigh": 375.1, "regularMarketPreviousClose": 363.6, "regularMarketOpen": 363.95, "regularMarketDayLow": 363.0, "regularMarketDayHigh": 375.1, "dividendRate": 6.0, "dividendYield": 0.0165, "exDividendDate": "2021-04-08 05:30:00", "payoutRatio": 0.4044, "beta": 1.226587, "trailingPE": 21.990534, "forwardPE": 14.985708, "volume": 11413, "regularMarketVolume": 11413, "averageVolume": 42455, "averageVolume10days": 17237, "averageDailyVolume10Day": 17237, "bid": 0.0, "ask": 0.0, "bidSize": 0, "askSize": 0, "marketCap": 8287226880, "fiftyTwoWeekLow": 195.0, "fiftyTwoWeekHigh": 448.8, "priceToSalesTrailing12Months": 1.868895, "fiftyDayAverage": 386.16818, "twoHundredDayAverage": 354.91214, "trailingAnnualDividendRate": 0.0, "trailingAnnualDividendYield": 0.0, "currency": "INR", "fromCurrency": null, "lastMarket": null, "algorithm": null, "tradeable": false}, "insiderHolders": {"holders": [{"maxAge": 1, "name": "ICICI Prudential Discovery Fund", "relation": "Investment Advisor", "url": "", "transactionDescription": "Sale", "latestTransDate": "2010-04-27", "positionDirect": 300000, "positionDirectDate": "2010-04-27"}, {"maxAge": 1, "name": "Kokusan Denki Co., Ltd.", "relation": "Promoter", "url": "", "transactionDescription": "Other", "latestTransDate": "2019-12-24", "positionDirect": 1641000, "positionDirectDate": "2019-12-24"}, {"maxAge": 1, "name": "Mahle Holding India Pvt. Ltd.", "relation": "Institution- Corporation", "url": "", "transactionDescription": "Other", "latestTransDate": "2019-12-24", "positionDirect": 3000000, "positionDirectDate": "2019-12-24"}], "maxAge": 1}, "calendarEvents": {"maxAge": 1, "earnings": {"earningsDate": []}, "exDividendDate": "2021-04-08 05:30:00"}, "upgradeDowngradeHistory": {"history": [], "maxAge": 86400}, "price": {"maxAge": 1, "regularMarketChangePercent": 0.009350918, "regularMarketChange": 3.399994, "regularMarketTime": "2021-04-30 15:29:52", "priceHint": 2, "regularMarketPrice": 367.0, "regularMarketDayHigh": 375.1, "regularMarketDayLow": 363.0, "regularMarketVolume": 11413, "averageDailyVolume10Day": 17237, "averageDailyVolume3Month": 42455, "regularMarketPreviousClose": 363.6, "regularMarketSource": "FREE_REALTIME", "regularMarketOpen": 363.95, "exchange": "NSI", "exchangeName": "NSE", "exchangeDataDelayedBy": 15, "marketState": "CLOSED", "quoteType": "EQUITY", "symbol": "INDNIPPON.NS", "underlyingSymbol": null, "shortName": "INDIA NIPPON ELECT", "longName": "India Nippon Electricals Limited", "currency": "INR", "quoteSourceName": "Delayed Quote", "currencySymbol": "\u20b9", "fromCurrency": null, "lastMarket": null, "marketCap": 8287226880}, "balanceSheetHistory": {"balanceSheetStatements": [{"maxAge": 1, "endDate": "2020-03-31", "cash": 136923000, "shortTermInvestments": 140490000, "netReceivables": 893872000, "inventory": 386845000, "otherCurrentAssets": 103640000, "totalCurrentAssets": 3104043000, "longTermInvestments": 1191584000, "propertyPlantEquipment": 876645000, "intangibleAssets": 15570000, "otherAssets": 106807000, "totalAssets": 5294649000, "accountsPayable": 760391000, "otherCurrentLiab": 98985000, "otherLiab": 104892000, "minorityInterest": 35000, "totalCurrentLiabilities": 951124000, "totalLiab": 1096718000, "commonStock": 113107000, "retainedEarnings": 3659156000, "treasuryStock": 425633000, "otherStockholderEquity": 425633000, "totalStockholderEquity": 4197896000, "netTangibleAssets": 4182326000}, {"maxAge": 1, "endDate": "2019-03-31", "cash": 60981000, "shortTermInvestments": 71592000, "netReceivables": 1053523000, "inventory": 353375000, "otherCurrentAssets": 79465000, "totalCurrentAssets": 2981667000, "longTermInvestments": 1264724000, "propertyPlantEquipment": 659071000, "intangibleAssets": 17425000, "otherAssets": 173985000, "totalAssets": 5096872000, "accountsPayable": 752683000, "otherCurrentLiab": 181008000, "otherLiab": 60754000, "minorityInterest": 36000, "totalCurrentLiabilities": 1031971000, "totalLiab": 1092725000, "commonStock": 113107000, "retainedEarnings": 3408896000, "treasuryStock": 482108000, "otherStockholderEquity": 482108000, "totalStockholderEquity": 4004111000, "netTangibleAssets": 3986686000}, {"maxAge": 1, "endDate": "2018-03-31", "cash": 42822000, "shortTermInvestments": 95821000, "netReceivables": 944750000, "inventory": 312714000, "otherCurrentAssets": 23992000, "totalCurrentAssets": 2522264000, "longTermInvestments": 1170992000, "propertyPlantEquipment": 688221000, "intangibleAssets": 19312000, "otherAssets": 50256000, "deferredLongTermAssetCharges": 24551000, "totalAssets": 4451045000, "accountsPayable": 763910000, "otherCurrentLiab": 130172000, "otherLiab": 26060000, "minorityInterest": 37000, "totalCurrentLiabilities": 1001030000, "totalLiab": 1027090000, "commonStock": 113107000, "retainedEarnings": 3000727000, "treasuryStock": 310084000, "otherStockholderEquity": 310084000, "totalStockholderEquity": 3423918000, "netTangibleAssets": 3404606000}, {"maxAge": 1, "endDate": "2017-03-31", "cash": 28488000, "shortTermInvestments": 67016000, "netReceivables": 674937000, "inventory": 224213000, "otherCurrentAssets": 35246000, "totalCurrentAssets": 2192258000, "longTermInvestments": 742072000, "propertyPlantEquipment": 582718000, "intangibleAssets": 19606000, "otherAssets": 80970000, "deferredLongTermAssetCharges": 64319000, "totalAssets": 3617624000, "accountsPayable": 624585000, "otherCurrentLiab": 167486000, "otherLiab": 14028000, "minorityInterest": 120000, "totalCurrentLiabilities": 849358000, "totalLiab": 863386000, "commonStock": 113107000, "retainedEarnings": 2454434000, "treasuryStock": 186577000, "otherStockholderEquity": 186577000, "totalStockholderEquity": 2754118000, "netTangibleAssets": 2734512000}], "maxAge": 86400}, "earningsTrend": {"trend": [{"maxAge": 1, "period": "0q", "endDate": null, "growth": {}, "earningsEstimate": {"avg": 0.0, "low": 0.0, "high": 0.0, "yearAgoEps": {}, "numberOfAnalysts": 0, "growth": {}}, "revenueEstimate": {"avg": 0, "low": 0, "high": 0, "numberOfAnalysts": 0, "yearAgoRevenue": {}, "growth": {}}, "epsTrend": {"current": 0.0, "7daysAgo": 0.0, "30daysAgo": 0.0, "60daysAgo": 0.0, "90daysAgo": 0.0}, "epsRevisions": {"upLast7days": 0, "upLast30days": 0, "downLast30days": 0, "downLast90days": {}}}, {"maxAge": 1, "period": "+1q", "endDate": null, "growth": {}, "earningsEstimate": {"avg": 0.0, "low": 0.0, "high": 0.0, "yearAgoEps": {}, "numberOfAnalysts": 0, "growth": {}}, "revenueEstimate": {"avg": 0, "low": 0, "high": 0, "numberOfAnalysts": 0, "yearAgoRevenue": {}, "growth": {}}, "epsTrend": {"current": 0.0, "7daysAgo": 0.0, "30daysAgo": 0.0, "60daysAgo": 0.0, "90daysAgo": 0.0}, "epsRevisions": {"upLast7days": 0, "upLast30days": 0, "downLast30days": 0, "downLast90days": {}}}, {"maxAge": 1, "period": "0y", "endDate": null, "growth": {}, "earningsEstimate": {"avg": 0.0, "low": 0.0, "high": 0.0, "yearAgoEps": {}, "numberOfAnalysts": 0, "growth": {}}, "revenueEstimate": {"avg": 0, "low": 0, "high": 0, "numberOfAnalysts": 0, "yearAgoRevenue": {}, "growth": {}}, "epsTrend": {"current": 0.0, "7daysAgo": 0.0, "30daysAgo": 0.0, "60daysAgo": 0.0, "90daysAgo": 0.0}, "epsRevisions": {"upLast7days": 0, "upLast30days": 0, "downLast30days": 0, "downLast90days": {}}}, {"maxAge": 1, "period": "+1y", "endDate": null, "growth": {}, "earningsEstimate": {"avg": 0.0, "low": 0.0, "high": 0.0, "yearAgoEps": {}, "numberOfAnalysts": 0, "growth": {}}, "revenueEstimate": {"avg": 0, "low": 0, "high": 0, "numberOfAnalysts": 0, "yearAgoRevenue": {}, "growth": {}}, "epsTrend": {"current": 0.0, "7daysAgo": 0.0, "30daysAgo": 0.0, "60daysAgo": 0.0, "90daysAgo": 0.0}, "epsRevisions": {"upLast7days": 0, "upLast30days": 0, "downLast30days": 0, "downLast90days": {}}}, {"maxAge": 1, "period": "+5y", "endDate": null, "growth": {}, "earningsEstimate": {"avg": {}, "low": {}, "high": {}, "yearAgoEps": {}, "numberOfAnalysts": {}, "growth": {}}, "revenueEstimate": {"avg": {}, "low": {}, "high": {}, "numberOfAnalysts": {}, "yearAgoRevenue": {}, "growth": {}}, "epsTrend": {"current": {}, "7daysAgo": {}, "30daysAgo": {}, "60daysAgo": {}, "90daysAgo": {}}, "epsRevisions": {"upLast7days": {}, "upLast30days": {}, "downLast30days": {}, "downLast90days": {}}}, {"maxAge": 1, "period": "-5y", "endDate": null, "growth": {}, "earningsEstimate": {"avg": {}, "low": {}, "high": {}, "yearAgoEps": {}, "numberOfAnalysts": {}, "growth": {}}, "revenueEstimate": {"avg": {}, "low": {}, "high": {}, "numberOfAnalysts": {}, "yearAgoRevenue": {}, "growth": {}}, "epsTrend": {"current": {}, "7daysAgo": {}, "30daysAgo": {}, "60daysAgo": {}, "90daysAgo": {}}, "epsRevisions": {"upLast7days": {}, "upLast30days": {}, "downLast30days": {}, "downLast90days": {}}}], "maxAge": 1}, "institutionOwnership": {"ownershipList": [], "maxAge": 1}, "majorHoldersBreakdown": {"maxAge": 1, "insidersPercentHeld": 0.67811996, "institutionsPercentHeld": 0.01832, "institutionsFloatPercentHeld": 0.05692, "institutionsCount": 1}, "balanceSheetHistoryQuarterly": {"balanceSheetStatements": [{"maxAge": 1, "endDate": "2020-12-31", "totalStockholderEquity": 4294600000, "netTangibleAssets": 4281200000}, {"maxAge": 1, "endDate": "2020-09-30", "cash": 197600000, "shortTermInvestments": 1460800000, "netReceivables": 1131300000, "inventory": 338000000, "otherCurrentAssets": 124200000, "totalCurrentAssets": 3251900000, "longTermInvestments": 1191100000, "propertyPlantEquipment": 933800000, "intangibleAssets": 13400000, "otherAssets": 111300000, "totalAssets": 5501500000, "accountsPayable": 853600000, "otherCurrentLiab": 198700000, "otherLiab": 106000000, "totalCurrentLiabilities": 1063000000, "totalLiab": 1206900000, "commonStock": 113100000, "treasuryStock": 4181500000, "otherStockholderEquity": 4181500000, "totalStockholderEquity": 4294600000, "netTangibleAssets": 4281200000}, {"maxAge": 1, "endDate": "2020-06-30", "totalStockholderEquity": 4197900000, "netTangibleAssets": 4182300000}, {"maxAge": 1, "endDate": "2020-03-31", "cash": 136923000, "shortTermInvestments": 140490000, "netReceivables": 893872000, "inventory": 386845000, "otherCurrentAssets": 103640000, "totalCurrentAssets": 3104043000, "longTermInvestments": 1191584000, "propertyPlantEquipment": 876645000, "intangibleAssets": 15570000, "otherAssets": 106807000, "totalAssets": 5294649000, "accountsPayable": 760391000, "otherCurrentLiab": 98985000, "otherLiab": 104892000, "minorityInterest": 35000, "totalCurrentLiabilities": 951124000, "totalLiab": 1096718000, "commonStock": 113107000, "retainedEarnings": 3659156000, "treasuryStock": 425633000, "otherStockholderEquity": 425633000, "totalStockholderEquity": 4197896000, "netTangibleAssets": 4182326000}], "maxAge": 86400}, "earningsHistory": {"history": [{"maxAge": 1, "epsActual": {}, "epsEstimate": {}, "epsDifference": {}, "surprisePercent": {}, "quarter": {}, "period": "-4q"}, {"maxAge": 1, "epsActual": {}, "epsEstimate": {}, "epsDifference": {}, "surprisePercent": {}, "quarter": {}, "period": "-3q"}, {"maxAge": 1, "epsActual": {}, "epsEstimate": {}, "epsDifference": {}, "surprisePercent": {}, "quarter": {}, "period": "-2q"}, {"maxAge": 1, "epsActual": {}, "epsEstimate": {}, "epsDifference": {}, "surprisePercent": {}, "quarter": {}, "period": "-1q"}], "maxAge": 86400}, "summaryProfile": {"address1": "No. 11 & 13, Patullos Road", "city": "Chennai", "zip": "600002", "country": "India", "phone": "91 44 2846 0063", "website": "http://www.indianippon.com", "industry": "Auto Parts", "sector": "Consumer Cyclical", "longBusinessSummary": "India Nippon Electricals Limited designs, manufactures, and sells electronic ignition systems for auto industry in India and internationally. The company offers AC generator products, such as flywheel magneto, stator, and rotor products, as well as CDI and TCI products, regulator and rectifier units, ignition coils, exhaust gas recirculation controllers, engine controller units, auto choke-generation purpose engines, dual output ignition products, non-contact and contact type throttle position sensors, and PM alternators. Its products have applications in two-wheelers, three wheelers, and portable engines. India Nippon Electricals Limited was incorporated in 1984 and is based in Chennai, India.", "fullTimeEmployees": 566, "companyOfficers": [], "maxAge": 86400}, "netSharePurchaseActivity": {"maxAge": 1, "period": "6m", "buyInfoCount": 0, "buyInfoShares": 0, "sellInfoCount": 0, "netInfoCount": 0, "netInfoShares": 0, "netPercentInsiderShares": 0.0, "totalInsiderShares": 15341924}, "insiderTransactions": {"transactions": [{"maxAge": 1, "shares": 3000000, "filerUrl": "", "transactionText": "", "filerName": "Kokusan Denki Co., Ltd.", "filerRelation": "Promoter", "moneyText": "", "startDate": "2019-12-24", "ownership": "D"}, {"maxAge": 1, "shares": 3000000, "filerUrl": "", "transactionText": "", "filerName": "Mahle Holding India Pvt. Ltd.", "filerRelation": "Institution- Corporation", "moneyText": "", "startDate": "2019-12-24", "ownership": "D"}, {"maxAge": 1, "shares": 11783, "filerUrl": "", "transactionText": "", "filerName": "ICICI Prudential Discovery Fund", "filerRelation": "Investment Advisor", "moneyText": "", "startDate": "2010-04-27", "ownership": "D"}], "maxAge": 1}, "sectorTrend": {"maxAge": 1, "symbol": null, "estimates": []}, "incomeStatementHistoryQuarterly": {"incomeStatementHistory": [{"maxAge": 1, "endDate": "2020-12-31", "totalRevenue": 1526100000, "costOfRevenue": 1023700000, "grossProfit": 502400000, "researchDevelopment": {}, "sellingGeneralAdministrative": 173500000, "nonRecurring": {}, "otherOperatingExpenses": 110800000, "totalOperatingExpenses": 1334800000, "operatingIncome": 191300000, "totalOtherIncomeExpenseNet": 15999000, "ebit": 191300000, "interestExpense": -1400000, "incomeBeforeTax": 207299000, "incomeTaxExpense": 29700000, "minorityInterest": {}, "netIncomeFromContinuingOps": 177599000, "discontinuedOperations": {}, "extraordinaryItems": {}, "effectOfAccountingCharges": {}, "otherItems": {}, "netIncome": 177600000, "netIncomeApplicableToCommonShares": 177600000}, {"maxAge": 1, "endDate": "2020-09-30", "totalRevenue": 1440200000, "costOfRevenue": 978700000, "grossProfit": 461500000, "researchDevelopment": {}, "sellingGeneralAdministrative": 152700000, "nonRecurring": {}, "otherOperatingExpenses": 102000000, "totalOperatingExpenses": 1258000000, "operatingIncome": 182200000, "totalOtherIncomeExpenseNet": 13199000, "ebit": 182200000, "interestExpense": -1400000, "incomeBeforeTax": 195399000, "incomeTaxExpense": 56800000, "minorityInterest": {}, "netIncomeFromContinuingOps": 138599000, "discontinuedOperations": {}, "extraordinaryItems": {}, "effectOfAccountingCharges": {}, "otherItems": {}, "netIncome": 138600000, "netIncomeApplicableToCommonShares": 138600000}, {"maxAge": 1, "endDate": "2020-06-30", "totalRevenue": 345400000, "costOfRevenue": 238600000, "grossProfit": 106800000, "researchDevelopment": {}, "sellingGeneralAdministrative": 120100000, "nonRecurring": {}, "otherOperatingExpenses": 121300000, "totalOperatingExpenses": 504300000, "operatingIncome": -158900000, "totalOtherIncomeExpenseNet": 86499000, "ebit": -158900000, "interestExpense": -1400000, "incomeBeforeTax": -72401000, "incomeTaxExpense": -16400000, "minorityInterest": {}, "netIncomeFromContinuingOps": -56001000, "discontinuedOperations": {}, "extraordinaryItems": {}, "effectOfAccountingCharges": {}, "otherItems": {}, "netIncome": -56000000, "netIncomeApplicableToCommonShares": -56000000}, {"maxAge": 1, "endDate": "2020-03-31", "totalRevenue": 1122592000, "costOfRevenue": 825997000, "grossProfit": 296595000, "researchDevelopment": {}, "sellingGeneralAdministrative": 171785000, "nonRecurring": {}, "otherOperatingExpenses": 20602000, "totalOperatingExpenses": 1044760000, "operatingIncome": 77832000, "totalOtherIncomeExpenseNet": 53634000, "ebit": 77832000, "interestExpense": -1001000, "incomeBeforeTax": 131466000, "incomeTaxExpense": 14036000, "minorityInterest": 35000, "netIncomeFromContinuingOps": 117430000, "discontinuedOperations": {}, "extraordinaryItems": {}, "effectOfAccountingCharges": {}, "otherItems": {}, "netIncome": 117430000, "netIncomeApplicableToCommonShares": 117430000}], "maxAge": 86400}, "cashflowStatementHistoryQuarterly": {"cashflowStatements": [{"maxAge": 1, "endDate": "2020-12-31", "netIncome": 177600000, "changeToLiabilities": 0}, {"maxAge": 1, "endDate": "2020-09-30", "netIncome": 138600000, "changeToLiabilities": 0}, {"maxAge": 1, "endDate": "2020-06-30", "netIncome": -56000000, "changeToLiabilities": 0}, {"maxAge": 1, "endDate": "2020-03-31", "netIncome": 117430000, "changeToLiabilities": 0}], "maxAge": 86400}, "earnings": {"maxAge": 86400, "earningsChart": {"quarterly": [], "earningsDate": []}, "financialsChart": {"yearly": [{"date": 2017, "revenue": 3510811000, "earnings": 295673000}, {"date": 2018, "revenue": 4523854000, "earnings": 497973000}, {"date": 2019, "revenue": 5252121000, "earnings": 585432000}, {"date": 2020, "revenue": 4788092000, "earnings": 543430000}], "quarterly": [{"date": "1Q2020", "revenue": 1122592000, "earnings": 117430000}, {"date": "2Q2020", "revenue": 345400000, "earnings": -56000000}, {"date": "3Q2020", "revenue": 1440200000, "earnings": 138600000}, {"date": "4Q2020", "revenue": 1526100000, "earnings": 177600000}]}, "financialCurrency": "INR"}, "financialData": {"maxAge": 86400, "currentPrice": 367.0, "targetHighPrice": 830.0, "targetLowPrice": 830.0, "targetMeanPrice": 830.0, "targetMedianPrice": 830.0, "recommendationKey": "none", "numberOfAnalystOpinions": 1, "totalCash": 1658400000, "totalCashPerShare": 73.302, "ebitda": 377798016, "totalDebt": 48600000, "totalRevenue": 4434292224, "debtToEquity": 1.132, "revenuePerShare": 196.005, "grossProfits": 1572095000, "earningsGrowth": 1.116, "revenueGrowth": 0.312, "grossMargins": 0.30837, "ebitdaMargins": 0.085200004, "operatingMargins": 0.06597, "profitMargins": 0.085159995, "financialCurrency": "INR"}}}