{"INDOCO.BO": {"recommendationTrend": {"trend": [{"period": "0m", "strongBuy": 0, "buy": 0, "hold": 0, "sell": 0, "strongSell": 0}, {"period": "-1m", "strongBuy": 0, "buy": 0, "hold": 0, "sell": 0, "strongSell": 0}, {"period": "-2m", "strongBuy": 0, "buy": 0, "hold": 0, "sell": 0, "strongSell": 0}, {"period": "-3m", "strongBuy": 0, "buy": 0, "hold": 0, "sell": 0, "strongSell": 0}], "maxAge": 86400}, "cashflowStatementHistory": {"cashflowStatements": [{"maxAge": 1, "endDate": "2020-03-31", "netIncome": 241174000, "depreciation": 477569000, "changeToNetincome": 322684000, "changeToAccountReceivables": -178427000, "changeToLiabilities": -50402000, "changeToInventory": -248660000, "changeToOperatingActivities": 462633000, "totalCashFromOperatingActivities": 1228477000, "capitalExpenditures": -584644000, "otherCashflowsFromInvestingActivities": 24301000, "totalCashflowsFromInvestingActivities": -559330000, "dividendsPaid": -33632000, "netBorrowings": -382549000, "otherCashflowsFromFinancingActivities": -223313000, "totalCashFromFinancingActivities": -639494000, "changeInCash": 29653000}, {"maxAge": 1, "endDate": "2019-03-31", "netIncome": -29040000, "depreciation": 418989000, "changeToNetincome": 78311000, "changeToAccountReceivables": 142622000, "changeToLiabilities": 222758000, "changeToInventory": 99321000, "changeToOperatingActivities": 91479000, "totalCashFromOperatingActivities": 1321138000, "capitalExpenditures": -969486000, "investments": -1112000, "otherCashflowsFromInvestingActivities": -106495000, "totalCashflowsFromInvestingActivities": -1037566000, "dividendsPaid": -110937000, "netBorrowings": 157689000, "otherCashflowsFromFinancingActivities": -208171000, "totalCashFromFinancingActivities": -161419000, "changeInCash": 122153000}, {"maxAge": 1, "endDate": "2018-03-31", "netIncome": 411610000, "depreciation": 380853000, "changeToNetincome": 270741000, "changeToAccountReceivables": -43115000, "changeToLiabilities": -141256000, "changeToInventory": -64377000, "changeToOperatingActivities": 116430000, "totalCashFromOperatingActivities": 1227169000, "capitalExpenditures": -1394476000, "investments": -1112000, "otherCashflowsFromInvestingActivities": 18353000, "totalCashflowsFromInvestingActivities": -1354275000, "dividendsPaid": -177308000, "netBorrowings": -20139000, "otherCashflowsFromFinancingActivities": -190227000, "totalCashFromFinancingActivities": -387674000, "changeInCash": -514780000}, {"maxAge": 1, "endDate": "2017-03-31", "netIncome": 770610000, "depreciation": 364930000, "changeToNetincome": -84557000, "changeToAccountReceivables": -248517000, "changeToLiabilities": 327218000, "changeToInventory": -202539000, "changeToOperatingActivities": -308627000, "totalCashFromOperatingActivities": 886397000, "capitalExpenditures": -1895727000, "investments": 165084000, "otherCashflowsFromInvestingActivities": 17972000, "totalCashflowsFromInvestingActivities": -1705505000, "dividendsPaid": -24184000, "netBorrowings": 1471379000, "otherCashflowsFromFinancingActivities": -131487000, "totalCashFromFinancingActivities": 1315708000, "changeInCash": 496600000}], "maxAge": 86400}, "institutionOwnership": {"maxAge": 1, "ownershipList": []}, "balanceSheetHistoryQuarterly": {"balanceSheetStatements": [{"maxAge": 1, "endDate": "2020-06-30", "totalStockholderEquity": 6795700000, "netTangibleAssets": 5880700000}, {"maxAge": 1, "endDate": "2020-03-31", "cash": 237621000, "netReceivables": 2112801000, "inventory": 2083166000, "otherCurrentAssets": 1143784000, "totalCurrentAssets": 5631038000, "longTermInvestments": 210000, "propertyPlantEquipment": 5489455000, "goodWill": 900000, "intangibleAssets": 914093000, "otherAssets": 680255000, "deferredLongTermAssetCharges": 359002000, "totalAssets": 12715951000, "accountsPayable": 1656037000, "shortLongTermDebt": 588008000, "otherCurrentLiab": 986431000, "longTermDebt": 969301000, "otherLiab": 306182000, "totalCurrentLiabilities": 4589864000, "totalLiab": 5920257000, "commonStock": 184301000, "retainedEarnings": 5969298000, "treasuryStock": 2000, "capitalSurplus": 642093000, "otherStockholderEquity": 2000, "totalStockholderEquity": 6795694000, "netTangibleAssets": 5880701000}, {"maxAge": 1, "endDate": "2019-12-31", "totalStockholderEquity": 6667600000, "netTangibleAssets": 5754900000}, {"maxAge": 1, "endDate": "2019-09-30", "cash": 330800000, "shortTermInvestments": 104100000, "netReceivables": 2279200000, "inventory": 1948300000, "otherCurrentAssets": 1327400000, "totalCurrentAssets": 5989800000, "longTermInvestments": 200000, "propertyPlantEquipment": 5512000000, "goodWill": 900000, "intangibleAssets": 911800000, "otherAssets": 685800000, "deferredLongTermAssetCharges": 374500000, "totalAssets": 13100500000, "accountsPayable": 1736800000, "otherCurrentLiab": 2301800000, "longTermDebt": 1040400000, "otherLiab": 253600000, "totalCurrentLiabilities": 5138900000, "totalLiab": 6432900000, "commonStock": 184300000, "treasuryStock": 6483300000, "otherStockholderEquity": 6483300000, "totalStockholderEquity": 6667600000, "netTangibleAssets": 5754900000}], "maxAge": 86400}, "earningsHistory": {"history": [{"maxAge": 1, "epsActual": {}, "epsEstimate": {}, "epsDifference": {}, "surprisePercent": {}, "quarter": {}, "period": "-4q"}, {"maxAge": 1, "epsActual": 1.95, "epsEstimate": 2.5, "epsDifference": -0.55, "surprisePercent": -0.22, "quarter": "2017-03-31", "period": "-3q"}, {"maxAge": 1, "epsActual": -2.36, "epsEstimate": 1.8, "epsDifference": -4.16, "surprisePercent": -2.311, "quarter": "2017-06-30", "period": "-2q"}, {"maxAge": 1, "epsActual": 2.22, "epsEstimate": 2.0, "epsDifference": 0.22, "surprisePercent": 0.11, "quarter": "2018-03-31", "period": "-1q"}], "maxAge": 86400}, "indexTrend": {"maxAge": 1, "symbol": "SP5", "peRatio": 19.7411, "pegRatio": 1.34172, "estimates": [{"period": "0q", "growth": 0.549}, {"period": "+1q", "growth": 0.431}, {"period": "0y", "growth": 0.305}, {"period": "+1y", "growth": 0.109}, {"period": "+5y", "growth": 0.120865}, {"period": "-5y"}]}, "industryTrend": {"maxAge": 1, "symbol": null, "estimates": []}, "insiderTransactions": {"transactions": [{"maxAge": 1, "shares": 11200, "filerUrl": "", "transactionText": "", "filerName": "Panandikar (Megh Milind)", "filerRelation": "Promoter", "moneyText": "", "startDate": "2019-09-05", "ownership": "D"}], "maxAge": 1}, "quoteType": {"exchange": "BSE", "quoteType": "EQUITY", "symbol": "INDOCO.BO", "underlyingSymbol": "INDOCO.BO", "shortName": "INDOCO REMEDIES LTD.", "longName": "Indoco Remedies Limited", "firstTradeDateEpochUtc": "2005-01-14 09:15:00", "timeZoneFullName": "Asia/Kolkata", "timeZoneShortName": "IST", "uuid": "1b686cc3-87db-372d-bd4c-ebbc5921d868", "messageBoardId": null, "gmtOffSetMilliseconds": 19800000, "maxAge": 1}, "incomeStatementHistory": {"incomeStatementHistory": [{"maxAge": 1, "endDate": "2020-03-31", "totalRevenue": 11065811000, "costOfRevenue": 3599377000, "grossProfit": 7466434000, "researchDevelopment": 497020000, "sellingGeneralAdministrative": 3086550000, "nonRecurring": {}, "otherOperatingExpenses": 2567313000, "totalOperatingExpenses": 10509903000, "operatingIncome": 555908000, "totalOtherIncomeExpenseNet": -270185000, "ebit": 555908000, "interestExpense": -223032000, "incomeBeforeTax": 285723000, "incomeTaxExpense": 44549000, "minorityInterest": {}, "netIncomeFromContinuingOps": 241174000, "discontinuedOperations": {}, "extraordinaryItems": {}, "effectOfAccountingCharges": {}, "otherItems": {}, "netIncome": 241174000, "netIncomeApplicableToCommonShares": 241174000}, {"maxAge": 1, "endDate": "2019-03-31", "totalRevenue": 9684474000, "costOfRevenue": 3470061000, "grossProfit": 6214413000, "researchDevelopment": 515155000, "sellingGeneralAdministrative": 2715896000, "nonRecurring": {}, "otherOperatingExpenses": 2195842000, "totalOperatingExpenses": 9617672000, "operatingIncome": 66802000, "totalOtherIncomeExpenseNet": -159924000, "ebit": 66802000, "interestExpense": -199621000, "incomeBeforeTax": -93122000, "incomeTaxExpense": -64082000, "minorityInterest": {}, "netIncomeFromContinuingOps": -29040000, "discontinuedOperations": {}, "extraordinaryItems": {}, "effectOfAccountingCharges": {}, "otherItems": {}, "netIncome": -29040000, "netIncomeApplicableToCommonShares": -29040000}, {"maxAge": 1, "endDate": "2018-03-31", "totalRevenue": 10424218000, "costOfRevenue": 3708822000, "grossProfit": 6715396000, "researchDevelopment": 534898000, "sellingGeneralAdministrative": 2557691000, "nonRecurring": {}, "otherOperatingExpenses": 2184041000, "totalOperatingExpenses": 9741997000, "operatingIncome": 682221000, "totalOtherIncomeExpenseNet": -198239000, "ebit": 682221000, "interestExpense": -168412000, "incomeBeforeTax": 483982000, "incomeTaxExpense": 72372000, "minorityInterest": 8000, "netIncomeFromContinuingOps": 411610000, "discontinuedOperations": {}, "extraordinaryItems": {}, "effectOfAccountingCharges": {}, "otherItems": {}, "netIncome": 411610000, "netIncomeApplicableToCommonShares": 411610000}, {"maxAge": 1, "endDate": "2017-03-31", "totalRevenue": 10747651000, "costOfRevenue": 3802931000, "grossProfit": 6944720000, "researchDevelopment": 517104000, "sellingGeneralAdministrative": 2585538000, "nonRecurring": {}, "otherOperatingExpenses": 2254301000, "totalOperatingExpenses": 9812479000, "operatingIncome": 935172000, "totalOtherIncomeExpenseNet": -25813000, "ebit": 935172000, "interestExpense": -135845000, "incomeBeforeTax": 909359000, "incomeTaxExpense": 138749000, "minorityInterest": 8000, "netIncomeFromContinuingOps": 770610000, "discontinuedOperations": {}, "extraordinaryItems": {}, "effectOfAccountingCharges": {}, "otherItems": {}, "netIncome": 770610000, "netIncomeApplicableToCommonShares": 770610000}], "maxAge": 86400}, "fundOwnership": {"maxAge": 1, "ownershipList": []}, "summaryDetail": {"maxAge": 1, "priceHint": 2, "previousClose": 329.6, "open": 326.35, "dayLow": 325.0, "dayHigh": 333.75, "regularMarketPreviousClose": 329.6, "regularMarketOpen": 326.35, "regularMarketDayLow": 325.0, "regularMarketDayHigh": 333.75, "trailingPE": 76.807014, "forwardPE": 45.41494, "volume": 5148, "regularMarketVolume": 5148, "averageVolume": 16768, "averageVolume10days": 14697, "averageDailyVolume10Day": 14697, "bid": 326.7, "ask": 328.35, "bidSize": 0, "askSize": 0, "marketCap": 30257584128, "fiftyTwoWeekLow": 145.5, "fiftyTwoWeekHigh": 335.55, "fiftyDayAverage": 311.13528, "twoHundredDayAverage": 270.4614, "trailingAnnualDividendRate": 0.3, "trailingAnnualDividendYield": 0.0009101942, "currency": "INR", "fromCurrency": null, "toCurrency": null, "lastMarket": null, "algorithm": null, "tradeable": false}, "sectorTrend": {"maxAge": 1, "symbol": null, "estimates": []}, "incomeStatementHistoryQuarterly": {"incomeStatementHistory": [{"maxAge": 1, "endDate": "2020-06-30", "totalRevenue": 2761200000, "costOfRevenue": 816200000, "grossProfit": 1945000000, "researchDevelopment": 102600000, "sellingGeneralAdministrative": 658300000, "nonRecurring": {}, "otherOperatingExpenses": 695000000, "totalOperatingExpenses": 2463400000, "operatingIncome": 297800000, "totalOtherIncomeExpenseNet": -57500000, "ebit": 297800000, "interestExpense": -57500000, "incomeBeforeTax": 240300000, "incomeTaxExpense": 69900000, "minorityInterest": {}, "netIncomeFromContinuingOps": 170400000, "discontinuedOperations": {}, "extraordinaryItems": {}, "effectOfAccountingCharges": {}, "otherItems": {}, "netIncome": 170400000, "netIncomeApplicableToCommonShares": 170400000}, {"maxAge": 1, "endDate": "2020-03-31", "totalRevenue": 2700411000, "costOfRevenue": 1019277000, "grossProfit": 1681134000, "researchDevelopment": 140320000, "sellingGeneralAdministrative": 1153750000, "nonRecurring": {}, "otherOperatingExpenses": -9887000, "totalOperatingExpenses": 2536903000, "operatingIncome": 163508000, "totalOtherIncomeExpenseNet": -85985000, "ebit": 163508000, "interestExpense": -38832000, "incomeBeforeTax": 77523000, "incomeTaxExpense": 23949000, "minorityInterest": {}, "netIncomeFromContinuingOps": 53574000, "discontinuedOperations": {}, "extraordinaryItems": {}, "effectOfAccountingCharges": {}, "otherItems": {}, "netIncome": 53574000, "netIncomeApplicableToCommonShares": 53574000}, {"maxAge": 1, "endDate": "2019-12-31", "totalRevenue": 2900700000, "costOfRevenue": 828100000, "grossProfit": 2072600000, "researchDevelopment": 129100000, "sellingGeneralAdministrative": 682300000, "nonRecurring": {}, "otherOperatingExpenses": 905300000, "totalOperatingExpenses": 2720700000, "operatingIncome": 180000000, "totalOtherIncomeExpenseNet": -69300000, "ebit": 180000000, "interestExpense": -69300000, "incomeBeforeTax": 110700000, "incomeTaxExpense": 19700000, "minorityInterest": {}, "netIncomeFromContinuingOps": 91000000, "discontinuedOperations": {}, "extraordinaryItems": {}, "effectOfAccountingCharges": {}, "otherItems": {}, "netIncome": 91000000, "netIncomeApplicableToCommonShares": 91000000}, {"maxAge": 1, "endDate": "2019-09-30", "totalRevenue": 2931500000, "costOfRevenue": 895900000, "grossProfit": 2035600000, "researchDevelopment": 116400000, "sellingGeneralAdministrative": 641400000, "nonRecurring": {}, "otherOperatingExpenses": 945700000, "totalOperatingExpenses": 2779800000, "operatingIncome": 151700000, "totalOtherIncomeExpenseNet": -53700000, "ebit": 151700000, "interestExpense": -53700000, "incomeBeforeTax": 98000000, "incomeTaxExpense": 19900000, "minorityInterest": {}, "netIncomeFromContinuingOps": 78100000, "discontinuedOperations": {}, "extraordinaryItems": {}, "effectOfAccountingCharges": {}, "otherItems": {}, "netIncome": 78100000, "netIncomeApplicableToCommonShares": 78100000}], "maxAge": 86400}, "cashflowStatementHistoryQuarterly": {"cashflowStatements": [{"maxAge": 1, "endDate": "2020-06-30", "netIncome": 170400000, "changeToLiabilities": 0}, {"maxAge": 1, "endDate": "2020-03-31", "netIncome": 53574000, "changeToLiabilities": 0}, {"maxAge": 1, "endDate": "2019-12-31", "netIncome": 91000000, "changeToLiabilities": 0}, {"maxAge": 1, "endDate": "2019-09-30", "netIncome": 78100000, "changeToLiabilities": 0}], "maxAge": 86400}, "insiderHolders": {"holders": [{"maxAge": 1, "name": "Panandikar (Megh Milind)", "relation": "Promoter", "url": "", "transactionDescription": "Acquisition", "latestTransDate": "2019-09-05", "positionDirect": 11200, "positionDirectDate": "2019-09-05"}], "maxAge": 1}, "earnings": {"maxAge": 86400, "earningsChart": {"quarterly": [{"date": "1Q2017", "actual": 1.95, "estimate": 2.5}, {"date": "2Q2017", "actual": -2.36, "estimate": 1.8}, {"date": "1Q2018", "actual": 2.22, "estimate": 2.0}], "currentQuarterEstimateDate": "2Q", "currentQuarterEstimateYear": 2018, "earningsDate": ["2020-08-11 05:30:S"]}, "financialsChart": {"yearly": [{"date": 2017, "revenue": 10747651000, "earnings": 770610000}, {"date": 2018, "revenue": 10424218000, "earnings": 411610000}, {"date": 2019, "revenue": 9684474000, "earnings": -29040000}, {"date": 2020, "revenue": 11065811000, "earnings": 241174000}], "quarterly": [{"date": "3Q2019", "revenue": 2931500000, "earnings": 78100000}, {"date": "4Q2019", "revenue": 2900700000, "earnings": 91000000}, {"date": "1Q2020", "revenue": 2700411000, "earnings": 53574000}, {"date": "2Q2020", "revenue": 2761200000, "earnings": 170400000}]}, "financialCurrency": "INR"}, "calendarEvents": {"maxAge": 1, "earnings": {"earningsDate": ["2020-08-11 05:30:S"], "revenueAverage": 2124900000, "revenueLow": 2099000000, "revenueHigh": 2324000000}}, "price": {"maxAge": 1, "regularMarketChangePercent": -0.0037924757, "regularMarketChange": -1.25, "regularMarketTime": "2021-04-30 15:59:34", "priceHint": 2, "regularMarketPrice": 328.35, "regularMarketDayHigh": 333.75, "regularMarketDayLow": 325.0, "regularMarketVolume": 5148, "averageDailyVolume10Day": 14697, "averageDailyVolume3Month": 16768, "regularMarketPreviousClose": 329.6, "regularMarketSource": "FREE_REALTIME", "regularMarketOpen": 326.35, "exchange": "BSE", "exchangeName": "BSE", "exchangeDataDelayedBy": 0, "marketState": "CLOSED", "quoteType": "EQUITY", "symbol": "INDOCO.BO", "underlyingSymbol": null, "shortName": "INDOCO REMEDIES LTD.", "longName": "Indoco Remedies Limited", "currency": "INR", "quoteSourceName": "Delayed Quote", "currencySymbol": "\u20b9", "fromCurrency": null, "toCurrency": null, "lastMarket": null, "marketCap": 30257584128}, "balanceSheetHistory": {"balanceSheetStatements": [{"maxAge": 1, "endDate": "2020-03-31", "cash": 237621000, "netReceivables": 2112801000, "inventory": 2083166000, "otherCurrentAssets": 1143784000, "totalCurrentAssets": 5631038000, "longTermInvestments": 210000, "propertyPlantEquipment": 5489455000, "goodWill": 900000, "intangibleAssets": 914093000, "otherAssets": 680255000, "deferredLongTermAssetCharges": 359002000, "totalAssets": 12715951000, "accountsPayable": 1656037000, "shortLongTermDebt": 588008000, "otherCurrentLiab": 986431000, "longTermDebt": 969301000, "otherLiab": 306182000, "totalCurrentLiabilities": 4589864000, "totalLiab": 5920257000, "commonStock": 184301000, "retainedEarnings": 5969298000, "treasuryStock": 2000, "capitalSurplus": 642093000, "otherStockholderEquity": 2000, "totalStockholderEquity": 6795694000, "netTangibleAssets": 5880701000}, {"maxAge": 1, "endDate": "2019-03-31", "cash": 207968000, "shortTermInvestments": 101500000, "netReceivables": 1964823000, "inventory": 1834506000, "otherCurrentAssets": 1319730000, "totalCurrentAssets": 5380522000, "longTermInvestments": 210000, "propertyPlantEquipment": 5578466000, "goodWill": 900000, "intangibleAssets": 951425000, "otherAssets": 668975000, "deferredLongTermAssetCharges": 355099000, "totalAssets": 12580498000, "accountsPayable": 1707227000, "shortLongTermDebt": 542568000, "otherCurrentLiab": 798386000, "longTermDebt": 1286571000, "otherLiab": 232691000, "totalCurrentLiabilities": 4455012000, "totalLiab": 5974274000, "commonStock": 184301000, "retainedEarnings": 5779828000, "treasuryStock": 2000, "capitalSurplus": 642093000, "otherStockholderEquity": 2000, "totalStockholderEquity": 6606224000, "netTangibleAssets": 5653899000}, {"maxAge": 1, "endDate": "2018-03-31", "cash": 85815000, "netReceivables": 2101240000, "inventory": 1933827000, "otherCurrentAssets": 1223177000, "totalCurrentAssets": 5389612000, "longTermInvestments": 210000, "propertyPlantEquipment": 5168866000, "goodWill": 900000, "intangibleAssets": 1074420000, "otherAssets": 745281000, "deferredLongTermAssetCharges": 313164000, "totalAssets": 12379289000, "accountsPayable": 1495497000, "shortLongTermDebt": 487939000, "otherCurrentLiab": 753452000, "longTermDebt": 1232759000, "otherLiab": 223099000, "minorityInterest": 8000, "totalCurrentLiabilities": 4173612000, "totalLiab": 5629470000, "commonStock": 184301000, "retainedEarnings": 5923449000, "treasuryStock": -32000, "capitalSurplus": 642093000, "otherStockholderEquity": -32000, "totalStockholderEquity": 6749811000, "netTangibleAssets": 5674491000}, {"maxAge": 1, "endDate": "2017-03-31", "cash": 600595000, "netReceivables": 2162611000, "inventory": 1869450000, "otherCurrentAssets": 1039408000, "totalCurrentAssets": 5720503000, "longTermInvestments": 210000, "propertyPlantEquipment": 4331315000, "goodWill": 900000, "intangibleAssets": 973015000, "otherAssets": 941536000, "deferredLongTermAssetCharges": 276028000, "totalAssets": 11967479000, "accountsPayable": 1640293000, "shortLongTermDebt": 288692000, "otherCurrentLiab": 579347000, "longTermDebt": 1323097000, "otherLiab": 227140000, "minorityInterest": 8000, "totalCurrentLiabilities": 3903870000, "totalLiab": 5454107000, "commonStock": 184301000, "retainedEarnings": 5687008000, "treasuryStock": -38000, "capitalSurplus": 642093000, "otherStockholderEquity": -38000, "totalStockholderEquity": 6513364000, "netTangibleAssets": 5539449000}], "maxAge": 86400}, "earningsTrend": {"trend": [{"maxAge": 1, "period": "0q", "endDate": "2018-06-30", "growth": {}, "earningsEstimate": {"avg": 0.0, "low": 0.0, "high": 0.0, "yearAgoEps": {}, "numberOfAnalysts": 0, "growth": {}}, "revenueEstimate": {"avg": 2124900000, "low": 2099000000, "high": 2324000000, "numberOfAnalysts": 2, "yearAgoRevenue": 2042200000, "growth": 0.04}, "epsTrend": {"current": 0.0, "7daysAgo": 0.0, "30daysAgo": 0.0, "60daysAgo": 0.0, "90daysAgo": 0.0}, "epsRevisions": {"upLast7days": 0, "upLast30days": 0, "downLast30days": 0, "downLast90days": {}}}, {"maxAge": 1, "period": "+1q", "endDate": "2018-09-30", "growth": {}, "earningsEstimate": {"avg": 0.0, "low": 0.0, "high": 0.0, "yearAgoEps": 1.95, "numberOfAnalysts": 0, "growth": {}}, "revenueEstimate": {"avg": 0, "low": 3010000000, "high": 3010000000, "numberOfAnalysts": 1, "yearAgoRevenue": 2800400000, "growth": {}}, "epsTrend": {"current": 0.0, "7daysAgo": 0.0, "30daysAgo": 0.0, "60daysAgo": 0.0, "90daysAgo": 0.0}, "epsRevisions": {"upLast7days": 0, "upLast30days": 0, "downLast30days": 0, "downLast90days": {}}}, {"maxAge": 1, "period": "0y", "endDate": "2019-03-31", "growth": {}, "earningsEstimate": {"avg": 0.0, "low": 0.0, "high": 0.0, "yearAgoEps": {}, "numberOfAnalysts": 0, "growth": {}}, "revenueEstimate": {"avg": 10014800000, "low": 9601000000, "high": 10611000000, "numberOfAnalysts": 6, "yearAgoRevenue": 10463700000, "growth": -0.043}, "epsTrend": {"current": 0.0, "7daysAgo": 0.7, "30daysAgo": 0.7, "60daysAgo": 0.7, "90daysAgo": 0.7}, "epsRevisions": {"upLast7days": 0, "upLast30days": 0, "downLast30days": 0, "downLast90days": {}}}, {"maxAge": 1, "period": "+1y", "endDate": "2020-03-31", "growth": {}, "earningsEstimate": {"avg": 0.0, "low": 0.0, "high": 0.0, "yearAgoEps": {}, "numberOfAnalysts": 0, "growth": {}}, "revenueEstimate": {"avg": 12069500000, "low": 10952000000, "high": 13625000000, "numberOfAnalysts": 6, "yearAgoRevenue": 10014800000, "growth": 0.205}, "epsTrend": {"current": 0.0, "7daysAgo": 7.23, "30daysAgo": 7.23, "60daysAgo": 7.23, "90daysAgo": 7.23}, "epsRevisions": {"upLast7days": 0, "upLast30days": 0, "downLast30days": 0, "downLast90days": {}}}, {"maxAge": 1, "period": "+5y", "endDate": null, "growth": 0.16700001, "earningsEstimate": {"avg": {}, "low": {}, "high": {}, "yearAgoEps": {}, "numberOfAnalysts": {}, "growth": {}}, "revenueEstimate": {"avg": {}, "low": {}, "high": {}, "numberOfAnalysts": {}, "yearAgoRevenue": {}, "growth": {}}, "epsTrend": {"current": {}, "7daysAgo": {}, "30daysAgo": {}, "60daysAgo": {}, "90daysAgo": {}}, "epsRevisions": {"upLast7days": {}, "upLast30days": {}, "downLast30days": {}, "downLast90days": {}}}, {"maxAge": 1, "period": "-5y", "endDate": null, "growth": {}, "earningsEstimate": {"avg": {}, "low": {}, "high": {}, "yearAgoEps": {}, "numberOfAnalysts": {}, "growth": {}}, "revenueEstimate": {"avg": {}, "low": {}, "high": {}, "numberOfAnalysts": {}, "yearAgoRevenue": {}, "growth": {}}, "epsTrend": {"current": {}, "7daysAgo": {}, "30daysAgo": {}, "60daysAgo": {}, "90daysAgo": {}}, "epsRevisions": {"upLast7days": {}, "upLast30days": {}, "downLast30days": {}, "downLast90days": {}}}], "maxAge": 1}, "financialData": {"maxAge": 86400, "currentPrice": 328.35, "targetHighPrice": 273.0, "targetLowPrice": 100.0, "targetMeanPrice": 189.13, "targetMedianPrice": 187.0, "recommendationKey": "none", "numberOfAnalystOpinions": 8, "grossProfits": 7466434000, "financialCurrency": "INR"}}}