{"INDOEURO.BO": {"cashflowStatementHistory": {"cashflowStatements": [{"maxAge": 1, "endDate": "2020-03-31", "netIncome": 314000, "depreciation": 620000, "changeToNetincome": -3166000, "changeToAccountReceivables": -17681000, "changeToLiabilities": 53983000, "changeToInventory": -23413000, "changeToOperatingActivities": -4911000, "totalCashFromOperatingActivities": 5746000, "capitalExpenditures": -1615000, "totalCashflowsFromInvestingActivities": -1615000, "otherCashflowsFromFinancingActivities": -3707000, "totalCashFromFinancingActivities": -3707000, "changeInCash": 424000}, {"maxAge": 1, "endDate": "2019-03-31", "netIncome": 460016, "depreciation": 475704, "changeToNetincome": -4430251, "changeToAccountReceivables": 31088291, "changeToLiabilities": -25268321, "changeToInventory": 2681030, "changeToOperatingActivities": -2328499, "totalCashFromOperatingActivities": 2677970, "capitalExpenditures": -1615000, "totalCashflowsFromInvestingActivities": -1615000, "otherCashflowsFromFinancingActivities": -3671198, "totalCashFromFinancingActivities": -3671198, "changeInCash": -993228}, {"maxAge": 1, "endDate": "2018-03-31", "netIncome": 800591, "depreciation": 475704, "changeToNetincome": -3080773, "changeToAccountReceivables": -22318816, "changeToLiabilities": 28165443, "changeToInventory": -1642579, "changeToOperatingActivities": 351549, "totalCashFromOperatingActivities": 2751119, "capitalExpenditures": -1615000, "totalCashflowsFromInvestingActivities": 255000, "otherCashflowsFromFinancingActivities": -4201181, "totalCashFromFinancingActivities": -4201181, "changeInCash": -1195062}, {"maxAge": 1, "endDate": "2017-03-31", "netIncome": 813201, "depreciation": 745269, "changeToNetincome": -3082142, "changeToAccountReceivables": 14470203, "changeToLiabilities": -1165398, "changeToInventory": 5439042, "changeToOperatingActivities": 6639707, "totalCashFromOperatingActivities": 23859882, "capitalExpenditures": -1615000, "totalCashflowsFromInvestingActivities": 255000, "otherCashflowsFromFinancingActivities": 2785000, "totalCashFromFinancingActivities": 2785000, "changeInCash": 26644882}], "maxAge": 86400}, "institutionOwnership": {"ownershipList": [], "maxAge": 1}, "balanceSheetHistoryQuarterly": {"balanceSheetStatements": [{"maxAge": 1, "endDate": "2020-06-30", "totalStockholderEquity": 96069000, "netTangibleAssets": 96069000}, {"maxAge": 1, "endDate": "2020-03-31", "cash": 569000, "netReceivables": 40997000, "inventory": 33335000, "otherCurrentAssets": 8429000, "totalCurrentAssets": 83330000, "longTermInvestments": 2861000, "propertyPlantEquipment": 4793000, "otherAssets": 69038000, "totalAssets": 160022000, "accountsPayable": 59398000, "otherCurrentLiab": 3136000, "longTermDebt": 978000, "otherLiab": 441000, "totalCurrentLiabilities": 62534000, "totalLiab": 63953000, "commonStock": 90347000, "treasuryStock": 5722000, "otherStockholderEquity": 5722000, "totalStockholderEquity": 96069000, "netTangibleAssets": 96069000}, {"maxAge": 1, "endDate": "2019-12-31", "totalStockholderEquity": 96927000, "netTangibleAssets": 96927000}, {"maxAge": 1, "endDate": "2019-09-30", "cash": 637000, "netReceivables": 28564000, "inventory": 9110000, "otherCurrentAssets": 3652000, "totalCurrentAssets": 41963000, "longTermInvestments": 2772000, "propertyPlantEquipment": 5175000, "otherAssets": 66790000, "totalAssets": 116700000, "accountsPayable": 14860000, "otherCurrentLiab": 3323000, "longTermDebt": 1072000, "otherLiab": 518000, "totalCurrentLiabilities": 18183000, "totalLiab": 19773000, "commonStock": 90347000, "treasuryStock": 6580000, "otherStockholderEquity": 6580000, "totalStockholderEquity": 96927000, "netTangibleAssets": 96927000}], "maxAge": 86400}, "indexTrend": {"maxAge": 1, "symbol": "SP5", "peRatio": 19.7411, "pegRatio": 1.34172, "estimates": [{"period": "0q", "growth": 0.549}, {"period": "+1q", "growth": 0.431}, {"period": "0y", "growth": 0.305}, {"period": "+1y", "growth": 0.109}, {"period": "+5y", "growth": 0.120859005}, {"period": "-5y"}]}, "insiderTransactions": {"transactions": [{"maxAge": 1, "shares": 400000, "filerUrl": "", "transactionText": "", "filerName": "Shah (Vardhaman C)", "filerRelation": "Chairman of the Board", "moneyText": "", "startDate": "2015-10-29", "ownership": "D"}], "maxAge": 1}, "quoteType": {"exchange": "BSE", "quoteType": "EQUITY", "symbol": "INDOEURO.BO", "underlyingSymbol": "INDOEURO.BO", "shortName": "INDO EURO INDCHEM LTD.", "longName": "Indo Euro Indchem Limited", "firstTradeDateEpochUtc": "1998-12-30 09:15:00", "timeZoneFullName": "Asia/Kolkata", "timeZoneShortName": "IST", "uuid": "2558d80b-16b4-3336-b263-9a8a7b606387", "gmtOffSetMilliseconds": 19800000, "maxAge": 1}, "incomeStatementHistory": {"incomeStatementHistory": [{"maxAge": 1, "endDate": "2020-03-31", "totalRevenue": 63358000, "costOfRevenue": 60316000, "grossProfit": 3042000, "researchDevelopment": {}, "sellingGeneralAdministrative": 986000, "nonRecurring": {}, "otherOperatingExpenses": 4287000, "totalOperatingExpenses": 66208000, "operatingIncome": -2850000, "totalOtherIncomeExpenseNet": 3290000, "ebit": -2850000, "interestExpense": {}, "incomeBeforeTax": 440000, "incomeTaxExpense": 126000, "minorityInterest": {}, "netIncomeFromContinuingOps": 314000, "discontinuedOperations": {}, "extraordinaryItems": {}, "effectOfAccountingCharges": {}, "otherItems": {}, "netIncome": 314000, "netIncomeApplicableToCommonShares": 314000}, {"maxAge": 1, "endDate": "2019-03-31", "totalRevenue": 8107939, "costOfRevenue": 7524713, "grossProfit": 583226, "researchDevelopment": {}, "sellingGeneralAdministrative": 1484360, "nonRecurring": {}, "otherOperatingExpenses": 1695828, "totalOperatingExpenses": 11180605, "operatingIncome": -3072666, "totalOtherIncomeExpenseNet": 3754089, "ebit": -3072666, "interestExpense": -54937, "incomeBeforeTax": 681423, "incomeTaxExpense": 221407, "minorityInterest": {}, "netIncomeFromContinuingOps": 460016, "discontinuedOperations": {}, "extraordinaryItems": {}, "effectOfAccountingCharges": {}, "otherItems": {}, "netIncome": 460016, "netIncomeApplicableToCommonShares": 460016}, {"maxAge": 1, "endDate": "2018-03-31", "totalRevenue": 76524313, "costOfRevenue": 67778674, "grossProfit": 8745639, "researchDevelopment": {}, "sellingGeneralAdministrative": 1653230, "nonRecurring": {}, "otherOperatingExpenses": 8250519, "totalOperatingExpenses": 78158127, "operatingIncome": -1633814, "totalOtherIncomeExpenseNet": 3074234, "ebit": -1633814, "interestExpense": -16963, "incomeBeforeTax": 1440420, "incomeTaxExpense": 639829, "minorityInterest": {}, "netIncomeFromContinuingOps": 800591, "discontinuedOperations": {}, "extraordinaryItems": {}, "effectOfAccountingCharges": {}, "otherItems": {}, "netIncome": 800591, "netIncomeApplicableToCommonShares": 800591}, {"maxAge": 1, "endDate": "2017-03-31", "totalRevenue": 30868423, "costOfRevenue": 28570802, "grossProfit": 2297621, "researchDevelopment": {}, "sellingGeneralAdministrative": 393104, "nonRecurring": {}, "otherOperatingExpenses": 2973666, "totalOperatingExpenses": 32682841, "operatingIncome": -1814418, "totalOtherIncomeExpenseNet": 2784999, "ebit": -1814418, "interestExpense": -16963, "incomeBeforeTax": 970581, "incomeTaxExpense": 157380, "minorityInterest": {}, "netIncomeFromContinuingOps": 813201, "discontinuedOperations": {}, "extraordinaryItems": {}, "effectOfAccountingCharges": {}, "otherItems": {}, "netIncome": 813201, "netIncomeApplicableToCommonShares": 813201}], "maxAge": 86400}, "fundOwnership": {"ownershipList": [], "maxAge": 1}, "summaryDetail": {"maxAge": 1, "priceHint": 2, "previousClose": 7.34, "open": 7.48, "dayLow": 7.47, "dayHigh": 7.48, "regularMarketPreviousClose": 7.34, "regularMarketOpen": 7.48, "regularMarketDayLow": 7.47, "regularMarketDayHigh": 7.48, "trailingPE": 267.14285, "volume": 862, "regularMarketVolume": 862, "averageVolume": 26, "averageVolume10days": 95, "averageDailyVolume10Day": 95, "bid": 0.0, "ask": 7.48, "bidSize": 0, "askSize": 0, "marketCap": 67727664, "fiftyTwoWeekLow": 6.7, "fiftyTwoWeekHigh": 10.08, "fiftyDayAverage": 9.09303, "twoHundredDayAverage": 8.931159, "currency": "INR", "fromCurrency": null, "lastMarket": null, "algorithm": null, "tradeable": false}, "incomeStatementHistoryQuarterly": {"incomeStatementHistory": [{"maxAge": 1, "endDate": "2020-06-30", "totalRevenue": 7031000, "costOfRevenue": 6672000, "grossProfit": 359000, "researchDevelopment": {}, "sellingGeneralAdministrative": 191000, "nonRecurring": {}, "otherOperatingExpenses": 548000, "totalOperatingExpenses": 7578000, "operatingIncome": -547000, "totalOtherIncomeExpenseNet": 1081000, "ebit": -547000, "interestExpense": {}, "incomeBeforeTax": 534000, "incomeTaxExpense": 165000, "minorityInterest": {}, "netIncomeFromContinuingOps": 369000, "discontinuedOperations": {}, "extraordinaryItems": {}, "effectOfAccountingCharges": {}, "otherItems": {}, "netIncome": 369000, "netIncomeApplicableToCommonShares": 369000}, {"maxAge": 1, "endDate": "2020-03-31", "totalRevenue": 46087000, "costOfRevenue": 44375000, "grossProfit": 1712000, "researchDevelopment": {}, "sellingGeneralAdministrative": 357000, "nonRecurring": {}, "otherOperatingExpenses": 2493000, "totalOperatingExpenses": 47391000, "operatingIncome": -1304000, "totalOtherIncomeExpenseNet": -192000, "ebit": -1304000, "interestExpense": {}, "incomeBeforeTax": -1496000, "incomeTaxExpense": -348000, "minorityInterest": {}, "netIncomeFromContinuingOps": -1148000, "discontinuedOperations": {}, "extraordinaryItems": {}, "effectOfAccountingCharges": {}, "otherItems": {}, "netIncome": -1148000, "netIncomeApplicableToCommonShares": -1148000}, {"maxAge": 1, "endDate": "2019-12-31", "totalRevenue": 801000, "costOfRevenue": 786000, "grossProfit": 15000, "researchDevelopment": {}, "sellingGeneralAdministrative": 425000, "nonRecurring": {}, "otherOperatingExpenses": 494000, "totalOperatingExpenses": 1920000, "operatingIncome": -1119000, "totalOtherIncomeExpenseNet": 1419000, "ebit": -1119000, "interestExpense": {}, "incomeBeforeTax": 300000, "incomeTaxExpense": 100000, "minorityInterest": {}, "netIncomeFromContinuingOps": 200000, "discontinuedOperations": {}, "extraordinaryItems": {}, "effectOfAccountingCharges": {}, "otherItems": {}, "netIncome": 200000, "netIncomeApplicableToCommonShares": 200000}, {"maxAge": 1, "endDate": "2019-09-30", "totalRevenue": 13608000, "costOfRevenue": 12622000, "grossProfit": 986000, "researchDevelopment": {}, "sellingGeneralAdministrative": 105000, "nonRecurring": {}, "otherOperatingExpenses": 862000, "totalOperatingExpenses": 13708000, "operatingIncome": -100000, "totalOtherIncomeExpenseNet": 1100000, "ebit": -100000, "interestExpense": {}, "incomeBeforeTax": 1000000, "incomeTaxExpense": 199000, "minorityInterest": {}, "netIncomeFromContinuingOps": 801000, "discontinuedOperations": {}, "extraordinaryItems": {}, "effectOfAccountingCharges": {}, "otherItems": {}, "netIncome": 801000, "netIncomeApplicableToCommonShares": 801000}], "maxAge": 86400}, "cashflowStatementHistoryQuarterly": {"cashflowStatements": [{"maxAge": 1, "endDate": "2020-06-30", "netIncome": 369000, "changeToLiabilities": 0}, {"maxAge": 1, "endDate": "2020-03-31", "netIncome": -1148000, "changeToLiabilities": 0}, {"maxAge": 1, "endDate": "2019-12-31", "netIncome": 200000, "changeToLiabilities": 0}, {"maxAge": 1, "endDate": "2019-09-30", "netIncome": 801000, "changeToLiabilities": 0}], "maxAge": 86400}, "insiderHolders": {"holders": [{"maxAge": 1, "name": "Shah (Vardhaman C)", "relation": "Chairman of the Board", "url": "", "transactionDescription": "Acquisition", "latestTransDate": "2015-10-29", "positionDirect": 1105300, "positionDirectDate": "2015-10-29"}], "maxAge": 1}, "calendarEvents": {"maxAge": 1, "earnings": {"earningsDate": []}}, "upgradeDowngradeHistory": {"history": [], "maxAge": 86400}, "price": {"maxAge": 1, "regularMarketChangePercent": 0.019073552, "regularMarketChange": 0.13999987, "regularMarketTime": "2021-04-30 15:20:35", "priceHint": 2, "regularMarketPrice": 7.48, "regularMarketDayHigh": 7.48, "regularMarketDayLow": 7.47, "regularMarketVolume": 862, "averageDailyVolume10Day": 95, "averageDailyVolume3Month": 26, "regularMarketPreviousClose": 7.34, "regularMarketSource": "FREE_REALTIME", "regularMarketOpen": 7.48, "exchange": "BSE", "exchangeName": "BSE", "exchangeDataDelayedBy": 0, "marketState": "CLOSED", "quoteType": "EQUITY", "symbol": "INDOEURO.BO", "underlyingSymbol": null, "shortName": "INDO EURO INDCHEM LTD.", "longName": "Indo Euro Indchem Limited", "currency": "INR", "quoteSourceName": "Delayed Quote", "currencySymbol": "\u20b9", "fromCurrency": null, "lastMarket": null, "marketCap": 67727664}, "balanceSheetHistory": {"balanceSheetStatements": [{"maxAge": 1, "endDate": "2020-03-31", "cash": 569000, "netReceivables": 40997000, "inventory": 33335000, "otherCurrentAssets": 8429000, "totalCurrentAssets": 83330000, "longTermInvestments": 2861000, "propertyPlantEquipment": 4793000, "otherAssets": 69038000, "totalAssets": 160022000, "accountsPayable": 59398000, "otherCurrentLiab": 3136000, "longTermDebt": 978000, "otherLiab": 441000, "totalCurrentLiabilities": 62534000, "totalLiab": 63953000, "commonStock": 90347000, "treasuryStock": 5722000, "otherStockholderEquity": 5722000, "totalStockholderEquity": 96069000, "netTangibleAssets": 96069000}, {"maxAge": 1, "endDate": "2019-03-31", "cash": 144712, "netReceivables": 24295028, "inventory": 9921266, "otherCurrentAssets": 2581073, "totalCurrentAssets": 36942079, "longTermInvestments": 2771611, "propertyPlantEquipment": 3797860, "otherAssets": 62043188, "totalAssets": 105554738, "accountsPayable": 5414613, "otherCurrentLiab": 3524628, "otherLiab": 518252, "totalCurrentLiabilities": 9371375, "totalLiab": 9889627, "commonStock": 90347000, "retainedEarnings": 8801500, "treasuryStock": -3483389, "otherStockholderEquity": -3483389, "totalStockholderEquity": 95665111, "netTangibleAssets": 95665111}, {"maxAge": 1, "endDate": "2018-03-31", "cash": 1137941, "netReceivables": 55517521, "inventory": 12602296, "otherCurrentAssets": 1691376, "totalCurrentAssets": 70949134, "longTermInvestments": 5002166, "propertyPlantEquipment": 4273564, "otherAssets": 58531389, "totalAssets": 138756253, "accountsPayable": 30682934, "otherCurrentLiab": 4254472, "otherLiab": 596845, "totalCurrentLiabilities": 36278659, "totalLiab": 36875504, "commonStock": 90347000, "retainedEarnings": 8341484, "treasuryStock": 3192265, "otherStockholderEquity": 3192265, "totalStockholderEquity": 101880749, "netTangibleAssets": 101880749}, {"maxAge": 1, "endDate": "2017-03-31", "cash": 2333004, "netReceivables": 32085618, "inventory": 10959717, "otherCurrentAssets": 1207763, "totalCurrentAssets": 46586102, "longTermInvestments": 5198312, "propertyPlantEquipment": 5877424, "otherAssets": 47960376, "totalAssets": 105622214, "accountsPayable": 2517491, "otherCurrentLiab": 770729, "otherLiab": 733867, "totalCurrentLiabilities": 3612043, "totalLiab": 4345910, "commonStock": 90347000, "retainedEarnings": 7540892, "treasuryStock": 3388412, "otherStockholderEquity": 3388412, "totalStockholderEquity": 101276304, "netTangibleAssets": 101276304}], "maxAge": 86400}, "financialData": {"maxAge": 86400, "currentPrice": 7.48, "recommendationKey": "none", "grossProfits": 3042000, "financialCurrency": "INR"}}}