{"INDOTHAI.BO": {"cashflowStatementHistory": {"cashflowStatements": [{"maxAge": 1, "endDate": "2020-03-31", "netIncome": -108458000, "depreciation": 7610000, "changeToNetincome": 143751000, "changeToAccountReceivables": 114725000, "changeToLiabilities": -1854000, "changeToOperatingActivities": -68878000, "totalCashFromOperatingActivities": 131344000, "investments": -120722000, "otherCashflowsFromInvestingActivities": -7307000, "totalCashflowsFromInvestingActivities": -140854000, "dividendsPaid": -10000000, "netBorrowings": 2137000, "otherCashflowsFromFinancingActivities": -9734000, "totalCashFromFinancingActivities": -17597000, "changeInCash": -27107000}, {"maxAge": 1, "endDate": "2019-03-31", "netIncome": -13116000, "depreciation": 5642000, "changeToNetincome": 25296000, "changeToAccountReceivables": -3310000, "changeToLiabilities": 51718000, "changeToInventory": 3195000, "changeToOperatingActivities": 13410000, "totalCashFromOperatingActivities": 41000000, "capitalExpenditures": -1351000, "investments": 1988000, "otherCashflowsFromInvestingActivities": 2897000, "totalCashflowsFromInvestingActivities": -4599000, "dividendsPaid": -10000000, "netBorrowings": 15358000, "otherCashflowsFromFinancingActivities": -12657000, "totalCashFromFinancingActivities": -7299000, "changeInCash": 29102000}, {"maxAge": 1, "endDate": "2018-03-31", "netIncome": 87261466, "depreciation": 6532916, "changeToNetincome": -15844624, "changeToAccountReceivables": -129788281, "changeToLiabilities": 55568856, "changeToInventory": 69019498, "changeToOperatingActivities": 13410000, "totalCashFromOperatingActivities": 72749831, "capitalExpenditures": -4405030, "investments": -54094909, "otherCashflowsFromInvestingActivities": 11909406, "totalCashflowsFromInvestingActivities": -46590533, "dividendsPaid": -10000000, "netBorrowings": 51055001, "otherCashflowsFromFinancingActivities": -10524865, "totalCashFromFinancingActivities": 33030136, "changeInCash": 59189434, "issuanceOfStock": 2500000}, {"maxAge": 1, "endDate": "2017-03-31", "netIncome": 32930317, "depreciation": 8279514, "changeToNetincome": -27979603, "changeToAccountReceivables": -25407577, "changeToLiabilities": 60041864, "changeToInventory": -44632604, "changeToOperatingActivities": 13410000, "totalCashFromOperatingActivities": 3231911, "capitalExpenditures": -4405030, "investments": 1214262, "otherCashflowsFromInvestingActivities": -15695789, "totalCashflowsFromInvestingActivities": 46603202, "dividendsPaid": -10000000, "netBorrowings": 51055001, "otherCashflowsFromFinancingActivities": -3750284, "totalCashFromFinancingActivities": -13750284, "changeInCash": 36084829, "issuanceOfStock": 2500000}], "maxAge": 86400}, "institutionOwnership": {"maxAge": 1, "ownershipList": []}, "balanceSheetHistoryQuarterly": {"balanceSheetStatements": [{"maxAge": 1, "endDate": "2020-06-30", "totalStockholderEquity": 450288000, "netTangibleAssets": 450224000}, {"maxAge": 1, "endDate": "2020-03-31", "cash": 50151000, "netReceivables": 156156000, "otherCurrentAssets": 275378000, "totalCurrentAssets": 532278000, "longTermInvestments": 10914000, "propertyPlantEquipment": 25638000, "intangibleAssets": 64000, "otherAssets": 135260000, "deferredLongTermAssetCharges": 58154000, "totalAssets": 704154000, "accountsPayable": 169267000, "shortLongTermDebt": 573000, "otherCurrentLiab": 7211000, "otherLiab": 1727000, "totalCurrentLiabilities": 252139000, "totalLiab": 253866000, "commonStock": 100000000, "retainedEarnings": 111673000, "capitalSurplus": 238615000, "totalStockholderEquity": 450288000, "netTangibleAssets": 450224000}, {"maxAge": 1, "endDate": "2019-12-31", "totalStockholderEquity": 559101000, "netTangibleAssets": 559085000}, {"maxAge": 1, "endDate": "2019-09-30", "cash": 280870000, "netReceivables": 171162000, "totalCurrentAssets": 494608000, "longTermInvestments": 252372000, "propertyPlantEquipment": 36748000, "intangibleAssets": 16000, "otherAssets": 44661000, "deferredLongTermAssetCharges": 25531000, "totalAssets": 828405000, "accountsPayable": 185282000, "otherCurrentLiab": 328000, "longTermDebt": 68349000, "otherLiab": 15345000, "totalCurrentLiabilities": 185610000, "totalLiab": 269304000, "commonStock": 100000000, "treasuryStock": 459101000, "otherStockholderEquity": 459101000, "totalStockholderEquity": 559101000, "netTangibleAssets": 559085000}], "maxAge": 86400}, "indexTrend": {"maxAge": 1, "symbol": "SP5", "peRatio": 19.7411, "pegRatio": 1.34172, "estimates": [{"period": "0q", "growth": 0.549}, {"period": "+1q", "growth": 0.431}, {"period": "0y", "growth": 0.305}, {"period": "+1y", "growth": 0.109}, {"period": "+5y", "growth": 0.120865}, {"period": "-5y"}]}, "insiderTransactions": {"transactions": [{"maxAge": 1, "shares": 96097, "filerUrl": "", "transactionText": "", "filerName": "Citadel Real Estates Pvt. Ltd.", "filerRelation": "Promoter", "moneyText": "", "startDate": "2020-01-27", "ownership": "D"}, {"maxAge": 1, "shares": 48097, "filerUrl": "", "transactionText": "", "filerName": "Citadel Real Estates Pvt. Ltd.", "filerRelation": "Promoter", "moneyText": "", "startDate": "2020-01-27", "ownership": "D"}, {"maxAge": 1, "shares": 85627, "filerUrl": "", "transactionText": "", "filerName": "Indo Thai Wealth Management Pvt. Ltd.", "filerRelation": "Institution- Corporation", "moneyText": "", "startDate": "2019-02-25", "ownership": "D"}, {"maxAge": 1, "shares": 10551, "filerUrl": "", "transactionText": "", "filerName": "Indo Thai Wealth Management Pvt. Ltd.", "filerRelation": "Institution- Corporation", "moneyText": "", "startDate": "2019-02-25", "ownership": "D"}, {"maxAge": 1, "shares": 35000, "filerUrl": "", "transactionText": "", "filerName": "Indo Thai Wealth Management Pvt. Ltd.", "filerRelation": "Institution- Corporation", "moneyText": "", "startDate": "2019-02-22", "ownership": "D"}, {"maxAge": 1, "shares": 14373, "filerUrl": "", "transactionText": "", "filerName": "Indo Thai Wealth Management Pvt. Ltd.", "filerRelation": "Institution- Corporation", "moneyText": "", "startDate": "2019-02-22", "ownership": "D"}, {"maxAge": 1, "shares": 41000, "filerUrl": "", "transactionText": "", "filerName": "Future Infraestates Pvt. Ltd.", "filerRelation": "Institution- Corporation", "moneyText": "", "startDate": "2019-02-21", "ownership": "D"}, {"maxAge": 1, "shares": 10000, "filerUrl": "", "transactionText": "", "filerName": "Future Infraestates Pvt. Ltd.", "filerRelation": "Institution- Corporation", "moneyText": "", "startDate": "2019-02-18", "ownership": "D"}, {"maxAge": 1, "shares": 28500, "filerUrl": "", "transactionText": "", "filerName": "3M Consultants Pvt. Ltd.", "filerRelation": "Institution- Corporation", "moneyText": "", "startDate": "2019-02-07", "ownership": "D"}, {"maxAge": 1, "shares": 10000, "filerUrl": "", "transactionText": "", "filerName": "3M Consultants Pvt. Ltd.", "filerRelation": "Institution- Corporation", "moneyText": "", "startDate": "2019-02-04", "ownership": "D"}, {"maxAge": 1, "shares": 10000, "filerUrl": "", "transactionText": "", "filerName": "Citadel Real Estates Pvt. Ltd.", "filerRelation": "Promoter", "moneyText": "", "startDate": "2019-02-04", "ownership": "D"}, {"maxAge": 1, "shares": 40074, "filerUrl": "", "transactionText": "", "filerName": "Citadel Real Estates Pvt. Ltd.", "filerRelation": "Institution- Corporation", "moneyText": "", "startDate": "2019-01-24", "ownership": "D"}, {"maxAge": 1, "shares": 40000, "filerUrl": "", "transactionText": "", "filerName": "Citadel Real Estates Pvt. Ltd.", "filerRelation": "Institution- Corporation", "moneyText": "", "startDate": "2019-01-22", "ownership": "D"}, {"maxAge": 1, "shares": 25000, "filerUrl": "", "transactionText": "", "filerName": "Citadel Real Estates Pvt. Ltd.", "filerRelation": "Institution- Corporation", "moneyText": "", "startDate": "2019-01-21", "ownership": "D"}, {"maxAge": 1, "shares": 31426, "filerUrl": "", "transactionText": "", "filerName": "Citadel Real Estates Pvt. Ltd.", "filerRelation": "Institution- Corporation", "moneyText": "", "startDate": "2018-11-29", "ownership": "D"}, {"maxAge": 1, "shares": 28500, "filerUrl": "", "transactionText": "", "filerName": "Citadel Real Estates Pvt. Ltd.", "filerRelation": "Institution- Corporation", "moneyText": "", "startDate": "2018-11-22", "ownership": "D"}], "maxAge": 1}, "quoteType": {"exchange": "BSE", "quoteType": "EQUITY", "symbol": "INDOTHAI.BO", "underlyingSymbol": "INDOTHAI.BO", "shortName": "INDO THAI SECURITIES LTD.", "longName": "Indo Thai Securities Ltd.", "firstTradeDateEpochUtc": "2011-11-02 09:15:00", "timeZoneFullName": "Asia/Kolkata", "timeZoneShortName": "IST", "uuid": "102a5bbe-373a-36f4-94c2-4ae05ad66ec9", "messageBoardId": null, "gmtOffSetMilliseconds": 19800000, "maxAge": 1}, "incomeStatementHistory": {"incomeStatementHistory": [{"maxAge": 1, "endDate": "2020-03-31", "totalRevenue": 80945000, "costOfRevenue": 9928000, "grossProfit": 71017000, "researchDevelopment": {}, "sellingGeneralAdministrative": 21229000, "nonRecurring": {}, "otherOperatingExpenses": 18982000, "totalOperatingExpenses": 57810000, "operatingIncome": 23135000, "totalOtherIncomeExpenseNet": -159172000, "ebit": 0, "interestExpense": {}, "incomeBeforeTax": -136037000, "incomeTaxExpense": -27579000, "minorityInterest": {}, "netIncomeFromContinuingOps": -108458000, "discontinuedOperations": {}, "extraordinaryItems": {}, "effectOfAccountingCharges": {}, "otherItems": {}, "netIncome": -108458000, "netIncomeApplicableToCommonShares": -108458000}, {"maxAge": 1, "endDate": "2019-03-31", "totalRevenue": 62482000, "costOfRevenue": 9456000, "grossProfit": 53026000, "researchDevelopment": {}, "sellingGeneralAdministrative": 21369000, "nonRecurring": {}, "otherOperatingExpenses": 19299000, "totalOperatingExpenses": 56023000, "operatingIncome": 6459000, "totalOtherIncomeExpenseNet": -24020000, "ebit": 0, "interestExpense": {}, "incomeBeforeTax": -17561000, "incomeTaxExpense": -4445000, "minorityInterest": {}, "netIncomeFromContinuingOps": -13116000, "discontinuedOperations": {}, "extraordinaryItems": {}, "effectOfAccountingCharges": {}, "otherItems": {}, "netIncome": -13116000, "netIncomeApplicableToCommonShares": -13116000}, {"maxAge": 1, "endDate": "2018-03-31", "totalRevenue": 564760040, "costOfRevenue": 399265537, "grossProfit": 165494503, "researchDevelopment": {}, "sellingGeneralAdministrative": 21360797, "nonRecurring": {}, "otherOperatingExpenses": 1797369, "totalOperatingExpenses": 428956619, "operatingIncome": 135803421, "totalOtherIncomeExpenseNet": -21979983, "ebit": 0, "interestExpense": {}, "incomeBeforeTax": 113823438, "incomeTaxExpense": 26561972, "minorityInterest": {}, "netIncomeFromContinuingOps": 87261466, "discontinuedOperations": {}, "extraordinaryItems": {}, "effectOfAccountingCharges": {}, "otherItems": {}, "netIncome": 87261466, "netIncomeApplicableToCommonShares": 87261466}, {"maxAge": 1, "endDate": "2017-03-31", "totalRevenue": 448163182, "costOfRevenue": 402709091, "grossProfit": 45454091, "researchDevelopment": {}, "sellingGeneralAdministrative": 18432364, "nonRecurring": {}, "otherOperatingExpenses": 1769196, "totalOperatingExpenses": 431190165, "operatingIncome": 16973017, "totalOtherIncomeExpenseNet": 14864280, "ebit": 0, "interestExpense": {}, "incomeBeforeTax": 31837297, "incomeTaxExpense": -1093020, "minorityInterest": {}, "netIncomeFromContinuingOps": 32930317, "discontinuedOperations": {}, "extraordinaryItems": {}, "effectOfAccountingCharges": {}, "otherItems": {}, "netIncome": 32930317, "netIncomeApplicableToCommonShares": 32930317}], "maxAge": 86400}, "fundOwnership": {"maxAge": 1, "ownershipList": []}, "summaryDetail": {"maxAge": 1, "priceHint": 2, "previousClose": 48.2, "open": 50.6, "dayLow": 50.6, "dayHigh": 50.6, "regularMarketPreviousClose": 48.2, "regularMarketOpen": 50.6, "regularMarketDayLow": 50.6, "regularMarketDayHigh": 50.6, "volume": 300, "regularMarketVolume": 300, "averageVolume": 2310, "averageVolume10days": 709, "averageDailyVolume10Day": 709, "bid": 47.6, "ask": 0.0, "bidSize": 0, "askSize": 0, "marketCap": 506000000, "fiftyTwoWeekLow": 11.7, "fiftyTwoWeekHigh": 50.6, "fiftyDayAverage": 34.744118, "twoHundredDayAverage": 22.9625, "trailingAnnualDividendRate": 1.0, "trailingAnnualDividendYield": 0.020746887, "currency": "INR", "fromCurrency": null, "toCurrency": null, "lastMarket": null, "algorithm": null, "tradeable": false}, "incomeStatementHistoryQuarterly": {"incomeStatementHistory": [{"maxAge": 1, "endDate": "2020-06-30", "totalRevenue": 21816000, "costOfRevenue": 2658000, "grossProfit": 19158000, "researchDevelopment": {}, "sellingGeneralAdministrative": 5413000, "nonRecurring": {}, "otherOperatingExpenses": 2402000, "totalOperatingExpenses": 12294000, "operatingIncome": 9522000, "totalOtherIncomeExpenseNet": 0, "ebit": 0, "interestExpense": {}, "incomeBeforeTax": 9522000, "incomeTaxExpense": -1337000, "minorityInterest": {}, "netIncomeFromContinuingOps": 10859000, "discontinuedOperations": {}, "extraordinaryItems": {}, "effectOfAccountingCharges": {}, "otherItems": {}, "netIncome": 10859000, "netIncomeApplicableToCommonShares": 10859000}, {"maxAge": 1, "endDate": "2020-03-31", "totalRevenue": 19144000, "costOfRevenue": 2726000, "grossProfit": 16418000, "researchDevelopment": {}, "sellingGeneralAdministrative": 5788000, "nonRecurring": {}, "otherOperatingExpenses": -1996000, "totalOperatingExpenses": 8855000, "operatingIncome": 10289000, "totalOtherIncomeExpenseNet": -155786000, "ebit": 0, "interestExpense": {}, "incomeBeforeTax": -145497000, "incomeTaxExpense": -33575000, "minorityInterest": {}, "netIncomeFromContinuingOps": -111922000, "discontinuedOperations": {}, "extraordinaryItems": {}, "effectOfAccountingCharges": {}, "otherItems": {}, "netIncome": -111922000, "netIncomeApplicableToCommonShares": -111922000}, {"maxAge": 1, "endDate": "2019-12-31", "totalRevenue": 32920000, "costOfRevenue": 2817000, "grossProfit": 30103000, "researchDevelopment": {}, "sellingGeneralAdministrative": 5635000, "nonRecurring": {}, "otherOperatingExpenses": 10149000, "totalOperatingExpenses": 20552000, "operatingIncome": 12368000, "totalOtherIncomeExpenseNet": -59000, "ebit": 0, "interestExpense": {}, "incomeBeforeTax": 12309000, "incomeTaxExpense": 6211000, "minorityInterest": {}, "netIncomeFromContinuingOps": 6098000, "discontinuedOperations": {}, "extraordinaryItems": {}, "effectOfAccountingCharges": {}, "otherItems": {}, "netIncome": 6098000, "netIncomeApplicableToCommonShares": 6098000}, {"maxAge": 1, "endDate": "2019-09-30", "totalRevenue": 19587000, "costOfRevenue": 2104000, "grossProfit": 17483000, "researchDevelopment": {}, "sellingGeneralAdministrative": 5172000, "nonRecurring": {}, "otherOperatingExpenses": 5652000, "totalOperatingExpenses": 14729000, "operatingIncome": 4858000, "totalOtherIncomeExpenseNet": -2591000, "ebit": 0, "interestExpense": {}, "incomeBeforeTax": 2267000, "incomeTaxExpense": -30000, "minorityInterest": {}, "netIncomeFromContinuingOps": 2297000, "discontinuedOperations": {}, "extraordinaryItems": {}, "effectOfAccountingCharges": {}, "otherItems": {}, "netIncome": 2297000, "netIncomeApplicableToCommonShares": 2297000}], "maxAge": 86400}, "cashflowStatementHistoryQuarterly": {"cashflowStatements": [{"maxAge": 1, "endDate": "2020-06-30", "netIncome": 10859000, "changeToLiabilities": 0}, {"maxAge": 1, "endDate": "2020-03-31", "netIncome": -111922000, "changeToLiabilities": 0}, {"maxAge": 1, "endDate": "2019-12-31", "netIncome": 6098000, "changeToLiabilities": 0}, {"maxAge": 1, "endDate": "2019-09-30", "netIncome": 2297000, "changeToLiabilities": 0}], "maxAge": 86400}, "insiderHolders": {"holders": [{"maxAge": 1, "name": "3M Consultants Pvt. Ltd.", "relation": "Institution- Corporation", "url": "", "transactionDescription": "Acquisition", "latestTransDate": "2019-02-07", "positionDirect": 38500, "positionDirectDate": "2019-02-07"}, {"maxAge": 1, "name": "Citadel Real Estates Pvt. Ltd.", "relation": "Promoter", "url": "", "transactionDescription": "Acquisition", "latestTransDate": "2020-01-27", "positionDirect": 271097, "positionDirectDate": "2020-01-27"}, {"maxAge": 1, "name": "Future Infraestates Pvt. Ltd.", "relation": "Institution- Corporation", "url": "", "transactionDescription": "Acquisition", "latestTransDate": "2019-02-21", "positionDirect": 51000, "positionDirectDate": "2019-02-21"}, {"maxAge": 1, "name": "Indo Thai Wealth Management Pvt. Ltd.", "relation": "Institution- Corporation", "url": "", "transactionDescription": "Acquisition", "latestTransDate": "2019-02-25", "positionDirect": 135000, "positionDirectDate": "2019-02-25"}], "maxAge": 1}, "calendarEvents": {"maxAge": 1, "earnings": {"earningsDate": []}}, "price": {"maxAge": 1, "regularMarketChangePercent": 0.049792483, "regularMarketChange": 2.3999977, "regularMarketTime": "2021-04-30 12:50:53", "priceHint": 2, "regularMarketPrice": 50.6, "regularMarketDayHigh": 50.6, "regularMarketDayLow": 50.6, "regularMarketVolume": 300, "averageDailyVolume10Day": 709, "averageDailyVolume3Month": 2310, "regularMarketPreviousClose": 48.2, "regularMarketSource": "FREE_REALTIME", "regularMarketOpen": 50.6, "exchange": "BSE", "exchangeName": "BSE", "exchangeDataDelayedBy": 0, "marketState": "CLOSED", "quoteType": "EQUITY", "symbol": "INDOTHAI.BO", "underlyingSymbol": null, "shortName": "INDO THAI SECURITIES LTD.", "longName": "Indo Thai Securities Ltd.", "currency": "INR", "quoteSourceName": "Delayed Quote", "currencySymbol": "\u20b9", "fromCurrency": null, "toCurrency": null, "lastMarket": null, "marketCap": 506000000}, "balanceSheetHistory": {"balanceSheetStatements": [{"maxAge": 1, "endDate": "2020-03-31", "cash": 50151000, "netReceivables": 156156000, "otherCurrentAssets": 275378000, "totalCurrentAssets": 532278000, "longTermInvestments": 10914000, "propertyPlantEquipment": 25638000, "intangibleAssets": 64000, "otherAssets": 135260000, "deferredLongTermAssetCharges": 58154000, "totalAssets": 704154000, "accountsPayable": 169267000, "shortLongTermDebt": 573000, "otherCurrentLiab": 7211000, "otherLiab": 1727000, "totalCurrentLiabilities": 252139000, "totalLiab": 253866000, "commonStock": 100000000, "retainedEarnings": 111673000, "capitalSurplus": 238615000, "totalStockholderEquity": 450288000, "netTangibleAssets": 450224000}, {"maxAge": 1, "endDate": "2019-03-31", "cash": 77258000, "netReceivables": 230025000, "otherCurrentAssets": 241204000, "totalCurrentAssets": 686245000, "longTermInvestments": 10923000, "propertyPlantEquipment": 35345000, "intangibleAssets": 66000, "otherAssets": 94326000, "deferredLongTermAssetCharges": 30090000, "totalAssets": 826905000, "accountsPayable": 171138000, "shortLongTermDebt": 1497000, "otherCurrentLiab": 10830000, "otherLiab": 222000, "totalCurrentLiabilities": 254774000, "totalLiab": 254996000, "commonStock": 100000000, "retainedEarnings": 233294000, "capitalSurplus": 238615000, "totalStockholderEquity": 571909000, "netTangibleAssets": 571843000}, {"maxAge": 1, "endDate": "2018-03-31", "cash": 207669456, "netReceivables": 264601922, "inventory": 3195000, "otherCurrentAssets": 52860927, "totalCurrentAssets": 563940389, "longTermInvestments": 72674247, "propertyPlantEquipment": 30689314, "intangibleAssets": 322880, "otherAssets": 86968152, "deferredLongTermAssetCharges": 2167449, "totalAssets": 754594982, "accountsPayable": 119482557, "shortLongTermDebt": 852213, "otherCurrentLiab": 16204006, "longTermDebt": 1496525, "otherLiab": 8596772, "totalCurrentLiabilities": 188792564, "totalLiab": 198885861, "commonStock": 100000000, "retainedEarnings": 217093985, "capitalSurplus": 238615136, "totalStockholderEquity": 555709121, "netTangibleAssets": 555386241}, {"maxAge": 1, "endDate": "2017-03-31", "cash": 148182864, "netReceivables": 176594511, "inventory": 67073565, "otherCurrentAssets": 16063113, "totalCurrentAssets": 448668070, "longTermInvestments": 67886211, "propertyPlantEquipment": 32621914, "intangibleAssets": 598166, "otherAssets": 17591466, "deferredLongTermAssetCharges": 2074434, "totalAssets": 567365827, "accountsPayable": 64152457, "otherCurrentLiab": 15727651, "otherLiab": 6456152, "totalCurrentLiabilities": 92462020, "totalLiab": 98918172, "commonStock": 100000000, "retainedEarnings": 129832519, "capitalSurplus": 238615136, "totalStockholderEquity": 468447655, "netTangibleAssets": 467849489}], "maxAge": 86400}, "financialData": {"maxAge": 86400, "currentPrice": 50.6, "recommendationKey": "none", "grossProfits": 71017000, "financialCurrency": "INR"}}}