{"INDOCO.NS": {"assetProfile": {"address1": "Indoco House", "address2": "166 CST Road Vidyanagari Marg Kalina Santacruz (East)", "city": "Mumbai", "zip": "400098", "country": "India", "phone": "91 22 2654 1851", "fax": "91 22 2652 3980", "website": "http://www.indoco.com", "industry": "Drug Manufacturers\u2014Specialty & Generic", "sector": "Healthcare", "longBusinessSummary": "Indoco Remedies Limited manufactures and sells formulations and active pharmaceutical ingredients in India and internationally. The company offers respiratory products, such as Karvol Plus, Febrex Plus, and Tuspel; stomatologicals products that include Sensodent-K, Sensoform, Sensodent-KF, Snowdent, Kidodent, Rexidin Plus, and Dentogel; gastro intestinal products, such as Carmicide, Cyclopam, Carmicide Drops, Cyclomeff, and Nosic; pain/analgesics products that include Lignox and T-lac; and opthalmological products, such as Renolen, Homide, Tobaren DM, and Mofloren-D. It also provides vitamins/minerals/nutrients that include Methycal, MCBM 69, SM Fibro, Durashape, Trucharge, and Apispur; Urology products, such as Cital, Cital UTI, and Cital-H; Cloben-G and Scabex for derma; ATM for anti-invectives; Otorex for otologicals; Obi X and KG-Low for anti-obesity; Hemsyl for blood related; Dexoren for Opthal/Otologicals; and Vepan, bactogard, and Oxipod for anti-infectives. In addition, the company offers PGVISC eye drops; Aziltence for cardiac therapy; and D-Chiro for gynaec therapy. Further, it provides analytical services, such as impurity profile, particle size analysis, heavy metal analysis, polymorphism, compatibility, extractables and leachables studies, lyophilization studies, reference and working standards, forced degradation studies, and chromatographic method development and validation services. Additionally, the company offers services that include architectural design, lighting, mechanical and utility engineering, project and construction management, electrical, control system, piping, structural design, data transfer system, and process engineering. It serves general practitioners, pediatricians, consultant physicians, dentists, cardiologists, diabetologists, endocrinologists, and nephrologists. The company was formerly known as Indo Continental Trading Company. Indoco Remedies Limited was founded in 1945 and is based in Mumbai, India.", "fullTimeEmployees": 5500, "companyOfficers": [{"maxAge": 1, "name": "Mr. Suresh G. Kare", "age": 81, "title": "Exec. Chairman", "yearBorn": 1939, "fiscalYear": 2020, "totalPay": 22395000, "exercisedValue": 0, "unexercisedValue": 0}, {"maxAge": 1, "name": "Mr. Sundeep V. Bambolkar", "age": 60, "title": "Joint MD & Exec. Director", "yearBorn": 1960, "fiscalYear": 2020, "totalPay": 18284000, "exercisedValue": 0, "unexercisedValue": 0}, {"maxAge": 1, "name": "Ms. Aditi Kare Panandikar", "age": 50, "title": "MD & Exec. Director", "yearBorn": 1970, "fiscalYear": 2020, "totalPay": 20083000, "exercisedValue": 0, "unexercisedValue": 0}, {"maxAge": 1, "name": "Mr. Mandar  Borkar", "title": "Chief Financial Officer", "fiscalYear": 2020, "totalPay": 7757000, "exercisedValue": 0, "unexercisedValue": 0}, {"maxAge": 1, "name": "Mr. Jayshankar  Menon", "age": 55, "title": "Company Sec. & Compliance Officer", "yearBorn": 1965, "fiscalYear": 2020, "totalPay": 2903000, "exercisedValue": 0, "unexercisedValue": 0}, {"maxAge": 1, "name": "Mr. A. S. Rege", "title": "Pres of Operations", "exercisedValue": 0, "unexercisedValue": 0}, {"maxAge": 1, "name": "Mr. Bandari Rajendra Kumar", "title": "Sr. VP of Marketing", "exercisedValue": 0, "unexercisedValue": 0}, {"maxAge": 1, "name": "Mr. Sunil D. Joshi", "title": "Pres of Fin.", "fiscalYear": 2017, "exercisedValue": 0, "unexercisedValue": 0}, {"maxAge": 1, "name": "Dr. Kavita  Inamdar", "age": 53, "title": "Pres of R&D (Formulations)", "yearBorn": 1967, "exercisedValue": 0, "unexercisedValue": 0}, {"maxAge": 1, "name": "Mr. Vilas V. Nagare", "title": "Pres of Corp. Affairs and M&A", "exercisedValue": 0, "unexercisedValue": 0}], "compensationAsOfEpochDate": "2020-12-31 05:30:00", "maxAge": 86400}, "recommendationTrend": {"trend": [{"period": "0m", "strongBuy": 0, "buy": 0, "hold": 0, "sell": 0, "strongSell": 0}, {"period": "-1m", "strongBuy": 2, "buy": 1, "hold": 3, "sell": 2, "strongSell": 1}, {"period": "-2m", "strongBuy": 1, "buy": 1, "hold": 3, "sell": 3, "strongSell": 1}, {"period": "-3m", "strongBuy": 0, "buy": 1, "hold": 4, "sell": 3, "strongSell": 1}], "maxAge": 86400}, "cashflowStatementHistory": {"cashflowStatements": [{"maxAge": 1, "endDate": "2020-03-31", "netIncome": 241174000, "depreciation": 477569000, "changeToNetincome": 322684000, "changeToAccountReceivables": -178427000, "changeToLiabilities": -50402000, "changeToInventory": -248660000, "changeToOperatingActivities": 462633000, "totalCashFromOperatingActivities": 1228477000, "capitalExpenditures": -584644000, "otherCashflowsFromInvestingActivities": 24301000, "totalCashflowsFromInvestingActivities": -559330000, "dividendsPaid": -33632000, "netBorrowings": -382549000, "otherCashflowsFromFinancingActivities": -223313000, "totalCashFromFinancingActivities": -639494000, "changeInCash": 29653000}, {"maxAge": 1, "endDate": "2019-03-31", "netIncome": -29040000, "depreciation": 418989000, "changeToNetincome": 78311000, "changeToAccountReceivables": 142622000, "changeToLiabilities": 222758000, "changeToInventory": 99321000, "changeToOperatingActivities": 91479000, "totalCashFromOperatingActivities": 1321138000, "capitalExpenditures": -969486000, "investments": -1112000, "otherCashflowsFromInvestingActivities": -106495000, "totalCashflowsFromInvestingActivities": -1037566000, "dividendsPaid": -110937000, "netBorrowings": 157689000, "otherCashflowsFromFinancingActivities": -208171000, "totalCashFromFinancingActivities": -161419000, "changeInCash": 122153000}, {"maxAge": 1, "endDate": "2018-03-31", "netIncome": 411610000, "depreciation": 380853000, "changeToNetincome": 270741000, "changeToAccountReceivables": -43115000, "changeToLiabilities": -141256000, "changeToInventory": -64377000, "changeToOperatingActivities": 116430000, "totalCashFromOperatingActivities": 1227169000, "capitalExpenditures": -1394476000, "investments": -1112000, "otherCashflowsFromInvestingActivities": 18353000, "totalCashflowsFromInvestingActivities": -1354275000, "dividendsPaid": -177308000, "netBorrowings": -20139000, "otherCashflowsFromFinancingActivities": -190227000, "totalCashFromFinancingActivities": -387674000, "changeInCash": -514780000}, {"maxAge": 1, "endDate": "2017-03-31", "netIncome": 770610000, "depreciation": 364930000, "changeToNetincome": -84561000, "changeToAccountReceivables": -248517000, "changeToLiabilities": 327218000, "changeToInventory": -202539000, "changeToOperatingActivities": -308623000, "totalCashFromOperatingActivities": 886397000, "capitalExpenditures": -1895727000, "investments": 165084000, "otherCashflowsFromInvestingActivities": 17972000, "totalCashflowsFromInvestingActivities": -1705505000, "dividendsPaid": -24184000, "netBorrowings": 1471379000, "otherCashflowsFromFinancingActivities": -131487000, "totalCashFromFinancingActivities": 1315708000, "changeInCash": 496600000}], "maxAge": 86400}, "indexTrend": {"maxAge": 1, "symbol": "SP5", "peRatio": 19.7411, "pegRatio": 1.34172, "estimates": [{"period": "0q", "growth": 0.549}, {"period": "+1q", "growth": 0.431}, {"period": "0y", "growth": 0.305}, {"period": "+1y", "growth": 0.109}, {"period": "+5y", "growth": 0.120865}, {"period": "-5y"}]}, "defaultKeyStatistics": {"maxAge": 1, "priceHint": 2, "enterpriseValue": 32058124288, "forwardPE": 28.490894, "profitMargins": 0.060749996, "floatShares": 33393126, "sharesOutstanding": 92150400, "heldPercentInsiders": 0.60015, "heldPercentInstitutions": 0.19517, "beta": 0.466879, "category": null, "bookValue": 77.959, "priceToBook": 4.213753, "fundFamily": null, "legalType": null, "lastFiscalYearEnd": "2020-03-31 05:30:00", "nextFiscalYearEnd": "2022-03-31 05:30:00", "mostRecentQuarter": "2020-12-31 05:30:00", "earningsQuarterlyGrowth": 1.787, "netIncomeToCommon": 734073984, "trailingEps": 7.95, "forwardEps": 15.68, "pegRatio": 1.56, "lastSplitFactor": "3:2", "lastSplitDate": "2012-05-17 05:30:00", "enterpriseToRevenue": 2.653, "enterpriseToEbitda": 17.317}, "industryTrend": {"maxAge": 1, "symbol": null, "estimates": []}, "quoteType": {"exchange": "NSI", "quoteType": "EQUITY", "symbol": "INDOCO.NS", "underlyingSymbol": "INDOCO.NS", "shortName": "INDOCO REMEDIES LT", "longName": "Indoco Remedies Limited", "firstTradeDateEpochUtc": "2005-01-14 09:15:00", "timeZoneFullName": "Asia/Kolkata", "timeZoneShortName": "IST", "uuid": "96bec1c8-b1e8-3ad9-a26a-313cb3109c7d", "gmtOffSetMilliseconds": 19800000, "maxAge": 1}, "incomeStatementHistory": {"incomeStatementHistory": [{"maxAge": 1, "endDate": "2020-03-31", "totalRevenue": 11065811000, "costOfRevenue": 3599377000, "grossProfit": 7466434000, "researchDevelopment": 497020000, "sellingGeneralAdministrative": 3086550000, "nonRecurring": {}, "otherOperatingExpenses": 2567313000, "totalOperatingExpenses": 10509903000, "operatingIncome": 555908000, "totalOtherIncomeExpenseNet": -270185000, "ebit": 555908000, "interestExpense": -223032000, "incomeBeforeTax": 285723000, "incomeTaxExpense": 44549000, "minorityInterest": {}, "netIncomeFromContinuingOps": 241174000, "discontinuedOperations": {}, "extraordinaryItems": {}, "effectOfAccountingCharges": {}, "otherItems": {}, "netIncome": 241174000, "netIncomeApplicableToCommonShares": 241174000}, {"maxAge": 1, "endDate": "2019-03-31", "totalRevenue": 9684474000, "costOfRevenue": 3470061000, "grossProfit": 6214413000, "researchDevelopment": 515155000, "sellingGeneralAdministrative": 2715896000, "nonRecurring": {}, "otherOperatingExpenses": 2195842000, "totalOperatingExpenses": 9617672000, "operatingIncome": 66802000, "totalOtherIncomeExpenseNet": -159924000, "ebit": 66802000, "interestExpense": -199621000, "incomeBeforeTax": -93122000, "incomeTaxExpense": -64082000, "minorityInterest": {}, "netIncomeFromContinuingOps": -29040000, "discontinuedOperations": {}, "extraordinaryItems": {}, "effectOfAccountingCharges": {}, "otherItems": {}, "netIncome": -29040000, "netIncomeApplicableToCommonShares": -29040000}, {"maxAge": 1, "endDate": "2018-03-31", "totalRevenue": 10424218000, "costOfRevenue": 3708822000, "grossProfit": 6715396000, "researchDevelopment": 534898000, "sellingGeneralAdministrative": 2557691000, "nonRecurring": {}, "otherOperatingExpenses": 2184041000, "totalOperatingExpenses": 9741997000, "operatingIncome": 682221000, "totalOtherIncomeExpenseNet": -198239000, "ebit": 682221000, "interestExpense": -168412000, "incomeBeforeTax": 483982000, "incomeTaxExpense": 72372000, "minorityInterest": 8000, "netIncomeFromContinuingOps": 411610000, "discontinuedOperations": {}, "extraordinaryItems": {}, "effectOfAccountingCharges": {}, "otherItems": {}, "netIncome": 411610000, "netIncomeApplicableToCommonShares": 411610000}, {"maxAge": 1, "endDate": "2017-03-31", "totalRevenue": 10967707000, "costOfRevenue": 4022987000, "grossProfit": 6944720000, "researchDevelopment": 517104000, "sellingGeneralAdministrative": 2585538000, "nonRecurring": {}, "otherOperatingExpenses": 2254301000, "totalOperatingExpenses": 10032535000, "operatingIncome": 935172000, "totalOtherIncomeExpenseNet": -25813000, "ebit": 935172000, "interestExpense": -135845000, "incomeBeforeTax": 909359000, "incomeTaxExpense": 138749000, "minorityInterest": 8000, "netIncomeFromContinuingOps": 770610000, "discontinuedOperations": {}, "extraordinaryItems": {}, "effectOfAccountingCharges": {}, "otherItems": {}, "netIncome": 770610000, "netIncomeApplicableToCommonShares": 770610000}], "maxAge": 86400}, "fundOwnership": {"ownershipList": [{"maxAge": 1, "reportDate": "2021-01-31", "organization": "DFA Emerging Markets Core Equity Portfolio", "pctHeld": 0.0016, "position": 150666, "value": 45282666}, {"maxAge": 1, "reportDate": "2021-01-31", "organization": "DFA Emerging Markets Small Cap Series", "pctHeld": 0.0015, "position": 142594, "value": 42856626}, {"maxAge": 1, "reportDate": "2021-01-31", "organization": "Advisors Inner Circle Fund-Acadian Emerging Markets Port", "pctHeld": 0.0002, "position": 17527, "value": 5267739}, {"maxAge": 1, "reportDate": "2021-01-31", "organization": "DFA Investment Dimensions-Emerging Markets Social Core Equity", "pctHeld": 0.0001, "position": 12214, "value": 3670917}, {"maxAge": 1, "reportDate": "2021-01-31", "organization": "DFA Investment Dimensions-DFA Emerging Mkts Value", "pctHeld": 0.0001, "position": 11130, "value": 3345121}], "maxAge": 1}, "summaryDetail": {"maxAge": 1, "priceHint": 2, "previousClose": 329.65, "open": 328.0, "dayLow": 325.35, "dayHigh": 334.45, "regularMarketPreviousClose": 329.65, "regularMarketOpen": 328.0, "regularMarketDayLow": 325.35, "regularMarketDayHigh": 334.45, "dividendRate": 0.3, "dividendYield": 0.00090000004, "exDividendDate": "2020-09-21 05:30:00", "payoutRatio": 0.0377, "fiveYearAvgDividendYield": 0.42, "beta": 0.466879, "trailingPE": 41.320755, "forwardPE": 20.950254, "volume": 101046, "regularMarketVolume": 101046, "averageVolume": 152216, "averageVolume10days": 90219, "averageDailyVolume10Day": 90219, "bid": 0.0, "ask": 0.0, "bidSize": 0, "askSize": 0, "marketCap": 30266808320, "fiftyTwoWeekLow": 197.2, "fiftyTwoWeekHigh": 335.8, "priceToSalesTrailing12Months": 2.504761, "fiftyDayAverage": 289.99854, "twoHundredDayAverage": 282.74646, "trailingAnnualDividendRate": 0.3, "trailingAnnualDividendYield": 0.0009100562, "currency": "INR", "fromCurrency": null, "lastMarket": null, "algorithm": null, "tradeable": false}, "insiderHolders": {"holders": [{"maxAge": 1, "name": "Joshi (Sunil D)", "relation": "Company Secretary", "url": "", "transactionDescription": "Sale", "latestTransDate": "2015-06-22", "positionDirect": 0, "positionDirectDate": "2015-06-22"}, {"maxAge": 1, "name": "Panandikar (Megh Milind)", "relation": "Promoter", "url": "", "transactionDescription": "Acquisition", "latestTransDate": "2019-09-05", "positionDirect": 11200, "positionDirectDate": "2019-09-05"}, {"maxAge": 1, "name": "SPA Holdings Pvt Ltd", "relation": "Promoter", "url": "", "transactionDescription": "Acquisition", "latestTransDate": "2012-07-13", "positionDirect": 19165000, "positionDirectDate": "2012-07-13"}, {"maxAge": 1, "name": "Shanteri Investment Pvt Ltd", "relation": "Promoter", "url": "", "transactionDescription": "Acquisition", "latestTransDate": "2014-02-06", "positionDirect": 14941755, "positionDirectDate": "2014-02-06"}], "maxAge": 1}, "calendarEvents": {"maxAge": 1, "earnings": {"earningsDate": []}, "exDividendDate": "2020-09-21 05:30:00"}, "upgradeDowngradeHistory": {"history": [], "maxAge": 86400}, "price": {"maxAge": 1, "regularMarketChangePercent": -0.00348853, "regularMarketChange": -1.1499939, "regularMarketTime": "2021-04-30 15:29:52", "priceHint": 2, "regularMarketPrice": 328.5, "regularMarketDayHigh": 334.45, "regularMarketDayLow": 325.35, "regularMarketVolume": 101046, "averageDailyVolume10Day": 90219, "averageDailyVolume3Month": 152216, "regularMarketPreviousClose": 329.65, "regularMarketSource": "FREE_REALTIME", "regularMarketOpen": 328.0, "exchange": "NSI", "exchangeName": "NSE", "exchangeDataDelayedBy": 15, "marketState": "CLOSED", "quoteType": "EQUITY", "symbol": "INDOCO.NS", "underlyingSymbol": null, "shortName": "INDOCO REMEDIES LT", "longName": "Indoco Remedies Limited", "currency": "INR", "quoteSourceName": "Delayed Quote", "currencySymbol": "\u20b9", "fromCurrency": null, "lastMarket": null, "marketCap": 30266808320}, "balanceSheetHistory": {"balanceSheetStatements": [{"maxAge": 1, "endDate": "2020-03-31", "cash": 237621000, "netReceivables": 2112801000, "inventory": 2083166000, "otherCurrentAssets": 1143784000, "totalCurrentAssets": 5631038000, "longTermInvestments": 210000, "propertyPlantEquipment": 5489455000, "goodWill": 900000, "intangibleAssets": 914093000, "otherAssets": 680255000, "deferredLongTermAssetCharges": 359002000, "totalAssets": 12715951000, "accountsPayable": 1656037000, "shortLongTermDebt": 588008000, "otherCurrentLiab": 986431000, "longTermDebt": 969301000, "otherLiab": 306182000, "totalCurrentLiabilities": 4589864000, "totalLiab": 5920257000, "commonStock": 184301000, "retainedEarnings": 5969298000, "treasuryStock": 2000, "capitalSurplus": 642093000, "otherStockholderEquity": 2000, "totalStockholderEquity": 6795694000, "netTangibleAssets": 5880701000}, {"maxAge": 1, "endDate": "2019-03-31", "cash": 207968000, "shortTermInvestments": 101500000, "netReceivables": 1964823000, "inventory": 1834506000, "otherCurrentAssets": 1319730000, "totalCurrentAssets": 5380522000, "longTermInvestments": 210000, "propertyPlantEquipment": 5578466000, "goodWill": 900000, "intangibleAssets": 951425000, "otherAssets": 668975000, "deferredLongTermAssetCharges": 355099000, "totalAssets": 12580498000, "accountsPayable": 1707227000, "shortLongTermDebt": 542568000, "otherCurrentLiab": 798386000, "longTermDebt": 1286571000, "otherLiab": 232691000, "totalCurrentLiabilities": 4455012000, "totalLiab": 5974274000, "commonStock": 184301000, "retainedEarnings": 5779828000, "treasuryStock": 2000, "capitalSurplus": 642093000, "otherStockholderEquity": 2000, "totalStockholderEquity": 6606224000, "netTangibleAssets": 5653899000}, {"maxAge": 1, "endDate": "2018-03-31", "cash": 85815000, "netReceivables": 2101240000, "inventory": 1933827000, "otherCurrentAssets": 1223177000, "totalCurrentAssets": 5389612000, "longTermInvestments": 210000, "propertyPlantEquipment": 5168866000, "goodWill": 900000, "intangibleAssets": 1074420000, "otherAssets": 745281000, "deferredLongTermAssetCharges": 313164000, "totalAssets": 12379289000, "accountsPayable": 1495497000, "shortLongTermDebt": 487939000, "otherCurrentLiab": 753452000, "longTermDebt": 1232759000, "otherLiab": 223099000, "minorityInterest": 8000, "totalCurrentLiabilities": 4173612000, "totalLiab": 5629470000, "commonStock": 184301000, "retainedEarnings": 5923449000, "treasuryStock": -32000, "capitalSurplus": 642093000, "otherStockholderEquity": -32000, "totalStockholderEquity": 6749811000, "netTangibleAssets": 5674491000}, {"maxAge": 1, "endDate": "2017-03-31", "cash": 625860000, "netReceivables": 2162311000, "inventory": 1869450000, "otherCurrentAssets": 1018723000, "totalCurrentAssets": 5724783000, "longTermInvestments": 210000, "propertyPlantEquipment": 4331315000, "goodWill": 3052000, "intangibleAssets": 973015000, "otherAssets": 937256000, "deferredLongTermAssetCharges": 276028000, "totalAssets": 11969631000, "accountsPayable": 1640293000, "shortLongTermDebt": 288692000, "otherCurrentLiab": 579347000, "longTermDebt": 1323097000, "otherLiab": 292977000, "minorityInterest": 8000, "totalCurrentLiabilities": 3838033000, "totalLiab": 5454107000, "commonStock": 184301000, "retainedEarnings": 5687058000, "treasuryStock": -38000, "capitalSurplus": 644195000, "otherStockholderEquity": -38000, "totalStockholderEquity": 6515516000, "netTangibleAssets": 5539449000}], "maxAge": 86400}, "earningsTrend": {"trend": [{"maxAge": 1, "period": "0q", "endDate": "2018-06-30", "growth": {}, "earningsEstimate": {"avg": 0.0, "low": 0.0, "high": 0.0, "yearAgoEps": {}, "numberOfAnalysts": 0, "growth": {}}, "revenueEstimate": {"avg": 0, "low": 0, "high": 0, "numberOfAnalysts": 0, "yearAgoRevenue": {}, "growth": {}}, "epsTrend": {"current": 0.0, "7daysAgo": 0.0, "30daysAgo": 0.0, "60daysAgo": 0.0, "90daysAgo": 0.0}, "epsRevisions": {"upLast7days": 0, "upLast30days": 0, "downLast30days": 0, "downLast90days": {}}}, {"maxAge": 1, "period": "+1q", "endDate": "2018-09-30", "growth": {}, "earningsEstimate": {"avg": 0.0, "low": 0.0, "high": 0.0, "yearAgoEps": 1.95, "numberOfAnalysts": 0, "growth": {}}, "revenueEstimate": {"avg": 0, "low": 0, "high": 0, "numberOfAnalysts": 0, "yearAgoRevenue": {}, "growth": {}}, "epsTrend": {"current": 0.0, "7daysAgo": 0.0, "30daysAgo": 0.0, "60daysAgo": 0.0, "90daysAgo": 0.0}, "epsRevisions": {"upLast7days": 0, "upLast30days": 0, "downLast30days": 0, "downLast90days": {}}}, {"maxAge": 1, "period": "0y", "endDate": "2019-03-31", "growth": 0.6, "earningsEstimate": {"avg": 7.15, "low": 4.0, "high": 9.0, "yearAgoEps": 4.47, "numberOfAnalysts": 8, "growth": 0.6}, "revenueEstimate": {"avg": 11495400000, "low": 8789000000, "high": 14984000000, "numberOfAnalysts": 9, "yearAgoRevenue": 10210300000, "growth": 0.126}, "epsTrend": {"current": 7.15, "7daysAgo": 7.15, "30daysAgo": 7.15, "60daysAgo": 9.58, "90daysAgo": 10.81}, "epsRevisions": {"upLast7days": 0, "upLast30days": 0, "downLast30days": 0, "downLast90days": {}}}, {"maxAge": 1, "period": "+1y", "endDate": "2020-03-31", "growth": 0.613, "earningsEstimate": {"avg": 11.53, "low": 7.6, "high": 13.6, "yearAgoEps": 7.15, "numberOfAnalysts": 8, "growth": 0.613}, "revenueEstimate": {"avg": 13088400000, "low": 11080000000, "high": 14447000000, "numberOfAnalysts": 8, "yearAgoRevenue": 11495400000, "growth": 0.139}, "epsTrend": {"current": 11.53, "7daysAgo": 11.53, "30daysAgo": 11.53, "60daysAgo": 12.52, "90daysAgo": 14.65}, "epsRevisions": {"upLast7days": 0, "upLast30days": 0, "downLast30days": 0, "downLast90days": {}}}, {"maxAge": 1, "period": "+5y", "endDate": null, "growth": 0.16700001, "earningsEstimate": {"avg": {}, "low": {}, "high": {}, "yearAgoEps": {}, "numberOfAnalysts": {}, "growth": {}}, "revenueEstimate": {"avg": {}, "low": {}, "high": {}, "numberOfAnalysts": {}, "yearAgoRevenue": {}, "growth": {}}, "epsTrend": {"current": {}, "7daysAgo": {}, "30daysAgo": {}, "60daysAgo": {}, "90daysAgo": {}}, "epsRevisions": {"upLast7days": {}, "upLast30days": {}, "downLast30days": {}, "downLast90days": {}}}, {"maxAge": 1, "period": "-5y", "endDate": null, "growth": 0.019270001, "earningsEstimate": {"avg": {}, "low": {}, "high": {}, "yearAgoEps": {}, "numberOfAnalysts": {}, "growth": {}}, "revenueEstimate": {"avg": {}, "low": {}, "high": {}, "numberOfAnalysts": {}, "yearAgoRevenue": {}, "growth": {}}, "epsTrend": {"current": {}, "7daysAgo": {}, "30daysAgo": {}, "60daysAgo": {}, "90daysAgo": {}}, "epsRevisions": {"upLast7days": {}, "upLast30days": {}, "downLast30days": {}, "downLast90days": {}}}], "maxAge": 1}, "institutionOwnership": {"ownershipList": [], "maxAge": 1}, "majorHoldersBreakdown": {"maxAge": 1, "insidersPercentHeld": 0.60015, "institutionsPercentHeld": 0.19517, "institutionsFloatPercentHeld": 0.48810002, "institutionsCount": 19}, "balanceSheetHistoryQuarterly": {"balanceSheetStatements": [{"maxAge": 1, "endDate": "2020-12-31", "totalStockholderEquity": 7193000000, "netTangibleAssets": 6414500000}, {"maxAge": 1, "endDate": "2020-09-30", "cash": 369100000, "shortTermInvestments": 63300000, "netReceivables": 2613300000, "inventory": 2461700000, "otherCurrentAssets": 1413700000, "totalCurrentAssets": 6921100000, "longTermInvestments": 200000, "propertyPlantEquipment": 5356000000, "goodWill": 900000, "intangibleAssets": 777600000, "otherAssets": 647300000, "deferredLongTermAssetCharges": 295400000, "totalAssets": 13703100000, "accountsPayable": 1418200000, "otherCurrentLiab": 2592400000, "longTermDebt": 903700000, "otherLiab": 408700000, "totalCurrentLiabilities": 5197700000, "totalLiab": 6510100000, "commonStock": 184300000, "treasuryStock": 7008700000, "otherStockholderEquity": 7008700000, "totalStockholderEquity": 7193000000, "netTangibleAssets": 6414500000}, {"maxAge": 1, "endDate": "2020-06-30", "totalStockholderEquity": 6795700000, "netTangibleAssets": 5880700000}, {"maxAge": 1, "endDate": "2020-03-31", "cash": 237621000, "netReceivables": 2112801000, "inventory": 2083166000, "otherCurrentAssets": 1143784000, "totalCurrentAssets": 5631038000, "longTermInvestments": 210000, "propertyPlantEquipment": 5489455000, "goodWill": 900000, "intangibleAssets": 914093000, "otherAssets": 680255000, "deferredLongTermAssetCharges": 359002000, "totalAssets": 12715951000, "accountsPayable": 1656037000, "shortLongTermDebt": 588008000, "otherCurrentLiab": 986431000, "longTermDebt": 969301000, "otherLiab": 306182000, "totalCurrentLiabilities": 4589864000, "totalLiab": 5920257000, "commonStock": 184301000, "retainedEarnings": 5969298000, "treasuryStock": 2000, "capitalSurplus": 642093000, "otherStockholderEquity": 2000, "totalStockholderEquity": 6795694000, "netTangibleAssets": 5880701000}], "maxAge": 86400}, "earningsHistory": {"history": [{"maxAge": 1, "epsActual": {}, "epsEstimate": {}, "epsDifference": {}, "surprisePercent": {}, "quarter": {}, "period": "-4q"}, {"maxAge": 1, "epsActual": 1.95, "epsEstimate": 2.5, "epsDifference": -0.55, "surprisePercent": -0.22, "quarter": "2017-03-31", "period": "-3q"}, {"maxAge": 1, "epsActual": -2.36, "epsEstimate": 1.8, "epsDifference": -4.16, "surprisePercent": -2.311, "quarter": "2017-06-30", "period": "-2q"}, {"maxAge": 1, "epsActual": 2.22, "epsEstimate": 2.0, "epsDifference": 0.22, "surprisePercent": 0.11, "quarter": "2018-03-31", "period": "-1q"}], "maxAge": 86400}, "summaryProfile": {"address1": "Indoco House", "address2": "166 CST Road Vidyanagari Marg Kalina Santacruz (East)", "city": "Mumbai", "zip": "400098", "country": "India", "phone": "91 22 2654 1851", "fax": "91 22 2652 3980", "website": "http://www.indoco.com", "industry": "Drug Manufacturers\u2014Specialty & Generic", "sector": "Healthcare", "longBusinessSummary": "Indoco Remedies Limited manufactures and sells formulations and active pharmaceutical ingredients in India and internationally. The company offers respiratory products, such as Karvol Plus, Febrex Plus, and Tuspel; stomatologicals products that include Sensodent-K, Sensoform, Sensodent-KF, Snowdent, Kidodent, Rexidin Plus, and Dentogel; gastro intestinal products, such as Carmicide, Cyclopam, Carmicide Drops, Cyclomeff, and Nosic; pain/analgesics products that include Lignox and T-lac; and opthalmological products, such as Renolen, Homide, Tobaren DM, and Mofloren-D. It also provides vitamins/minerals/nutrients that include Methycal, MCBM 69, SM Fibro, Durashape, Trucharge, and Apispur; Urology products, such as Cital, Cital UTI, and Cital-H; Cloben-G and Scabex for derma; ATM for anti-invectives; Otorex for otologicals; Obi X and KG-Low for anti-obesity; Hemsyl for blood related; Dexoren for Opthal/Otologicals; and Vepan, bactogard, and Oxipod for anti-infectives. In addition, the company offers PGVISC eye drops; Aziltence for cardiac therapy; and D-Chiro for gynaec therapy. Further, it provides analytical services, such as impurity profile, particle size analysis, heavy metal analysis, polymorphism, compatibility, extractables and leachables studies, lyophilization studies, reference and working standards, forced degradation studies, and chromatographic method development and validation services. Additionally, the company offers services that include architectural design, lighting, mechanical and utility engineering, project and construction management, electrical, control system, piping, structural design, data transfer system, and process engineering. It serves general practitioners, pediatricians, consultant physicians, dentists, cardiologists, diabetologists, endocrinologists, and nephrologists. The company was formerly known as Indo Continental Trading Company. Indoco Remedies Limited was founded in 1945 and is based in Mumbai, India.", "fullTimeEmployees": 5500, "companyOfficers": [], "maxAge": 86400}, "netSharePurchaseActivity": {"maxAge": 1, "period": "6m", "buyInfoCount": 0, "buyInfoShares": 0, "sellInfoCount": 0, "netInfoCount": 0, "netInfoShares": 0, "netPercentInsiderShares": 0.0, "totalInsiderShares": 55344744}, "insiderTransactions": {"transactions": [{"maxAge": 1, "shares": 11200, "filerUrl": "", "transactionText": "", "filerName": "Panandikar (Megh Milind)", "filerRelation": "Promoter", "moneyText": "", "startDate": "2019-09-05", "ownership": "D"}, {"maxAge": 1, "shares": 500, "filerUrl": "", "transactionText": "", "filerName": "Joshi (Sunil D)", "filerRelation": "Company Secretary", "moneyText": "", "startDate": "2015-06-22", "ownership": "D"}, {"maxAge": 1, "shares": 1000, "filerUrl": "", "transactionText": "", "filerName": "Joshi (Sunil D)", "filerRelation": "Company Secretary", "moneyText": "", "startDate": "2015-04-20", "ownership": "D"}, {"maxAge": 1, "shares": 1500, "filerUrl": "", "transactionText": "", "filerName": "Joshi (Sunil D)", "filerRelation": "Company Secretary", "moneyText": "", "startDate": "2015-01-14", "ownership": "D"}, {"maxAge": 1, "shares": 78000, "filerUrl": "", "transactionText": "", "filerName": "Shanteri Investment Pvt Ltd", "filerRelation": "Promoter", "moneyText": "", "startDate": "2014-02-06", "ownership": "D"}, {"maxAge": 1, "shares": 70000, "filerUrl": "", "transactionText": "", "filerName": "SPA Holdings Pvt Ltd", "filerRelation": "Promoter", "moneyText": "", "startDate": "2012-07-13", "ownership": "D"}], "maxAge": 1}, "sectorTrend": {"maxAge": 1, "symbol": null, "estimates": []}, "incomeStatementHistoryQuarterly": {"incomeStatementHistory": [{"maxAge": 1, "endDate": "2020-12-31", "totalRevenue": 3322900000, "costOfRevenue": 943500000, "grossProfit": 2379400000, "researchDevelopment": 173600000, "sellingGeneralAdministrative": 728700000, "nonRecurring": {}, "otherOperatingExpenses": 875300000, "totalOperatingExpenses": 2889900000, "operatingIncome": 433000000, "totalOtherIncomeExpenseNet": -56700000, "ebit": 433000000, "interestExpense": -60300000, "incomeBeforeTax": 376300000, "incomeTaxExpense": 122700000, "minorityInterest": {}, "netIncomeFromContinuingOps": 253600000, "discontinuedOperations": {}, "extraordinaryItems": {}, "effectOfAccountingCharges": {}, "otherItems": {}, "netIncome": 253600000, "netIncomeApplicableToCommonShares": 253600000}, {"maxAge": 1, "endDate": "2020-09-30", "totalRevenue": 3282400000, "costOfRevenue": 902100000, "grossProfit": 2380300000, "researchDevelopment": 156600000, "sellingGeneralAdministrative": 751500000, "nonRecurring": {}, "otherOperatingExpenses": 865000000, "totalOperatingExpenses": 2860900000, "operatingIncome": 421500000, "totalOtherIncomeExpenseNet": -53700000, "ebit": 421500000, "interestExpense": -58900000, "incomeBeforeTax": 367800000, "incomeTaxExpense": 111300000, "minorityInterest": {}, "netIncomeFromContinuingOps": 256500000, "discontinuedOperations": {}, "extraordinaryItems": {}, "effectOfAccountingCharges": {}, "otherItems": {}, "netIncome": 256500000, "netIncomeApplicableToCommonShares": 256500000}, {"maxAge": 1, "endDate": "2020-06-30", "totalRevenue": 2758600000, "costOfRevenue": 816200000, "grossProfit": 1942400000, "researchDevelopment": 102600000, "sellingGeneralAdministrative": 658300000, "nonRecurring": {}, "otherOperatingExpenses": 695000000, "totalOperatingExpenses": 2463400000, "operatingIncome": 295200000, "totalOtherIncomeExpenseNet": -54900000, "ebit": 295200000, "interestExpense": -57500000, "incomeBeforeTax": 240300000, "incomeTaxExpense": 69900000, "minorityInterest": {}, "netIncomeFromContinuingOps": 170400000, "discontinuedOperations": {}, "extraordinaryItems": {}, "effectOfAccountingCharges": {}, "otherItems": {}, "netIncome": 170400000, "netIncomeApplicableToCommonShares": 170400000}, {"maxAge": 1, "endDate": "2020-03-31", "totalRevenue": 2700411000, "costOfRevenue": 1019277000, "grossProfit": 1681134000, "researchDevelopment": 140320000, "sellingGeneralAdministrative": 1153750000, "nonRecurring": {}, "otherOperatingExpenses": -9887000, "totalOperatingExpenses": 2536903000, "operatingIncome": 163508000, "totalOtherIncomeExpenseNet": -85985000, "ebit": 163508000, "interestExpense": -38832000, "incomeBeforeTax": 77523000, "incomeTaxExpense": 23949000, "minorityInterest": {}, "netIncomeFromContinuingOps": 53574000, "discontinuedOperations": {}, "extraordinaryItems": {}, "effectOfAccountingCharges": {}, "otherItems": {}, "netIncome": 53574000, "netIncomeApplicableToCommonShares": 53574000}], "maxAge": 86400}, "cashflowStatementHistoryQuarterly": {"cashflowStatements": [{"maxAge": 1, "endDate": "2020-12-31", "netIncome": 253600000, "changeToLiabilities": 0}, {"maxAge": 1, "endDate": "2020-09-30", "netIncome": 256500000, "changeToLiabilities": 0}, {"maxAge": 1, "endDate": "2020-06-30", "netIncome": 170400000, "changeToLiabilities": 0}, {"maxAge": 1, "endDate": "2020-03-31", "netIncome": 53574000, "changeToLiabilities": 0}], "maxAge": 86400}, "earnings": {"maxAge": 86400, "earningsChart": {"quarterly": [{"date": "1Q2017", "actual": 1.95, "estimate": 2.5}, {"date": "2Q2017", "actual": -2.36, "estimate": 1.8}, {"date": "1Q2018", "actual": 2.22, "estimate": 2.0}], "currentQuarterEstimateDate": "2Q", "currentQuarterEstimateYear": 2018, "earningsDate": []}, "financialsChart": {"yearly": [{"date": 2017, "revenue": 10967707000, "earnings": 770610000}, {"date": 2018, "revenue": 10424218000, "earnings": 411610000}, {"date": 2019, "revenue": 9684474000, "earnings": -29040000}, {"date": 2020, "revenue": 11065811000, "earnings": 241174000}], "quarterly": [{"date": "1Q2020", "revenue": 2700411000, "earnings": 53574000}, {"date": "2Q2020", "revenue": 2758600000, "earnings": 170400000}, {"date": "3Q2020", "revenue": 3282400000, "earnings": 256500000}, {"date": "4Q2020", "revenue": 3322900000, "earnings": 253600000}]}, "financialCurrency": "INR"}, "financialData": {"maxAge": 86400, "currentPrice": 328.5, "targetHighPrice": 301.0, "targetLowPrice": 136.0, "targetMeanPrice": 221.1, "targetMedianPrice": 226.5, "recommendationMean": 2.6, "recommendationKey": "hold", "numberOfAnalystOpinions": 10, "totalCash": 432400000, "totalCashPerShare": 4.689, "ebitda": 1851264768, "totalDebt": 2090800000, "totalRevenue": 12083710976, "debtToEquity": 29.067, "revenuePerShare": 130.866, "grossProfits": 7466434000, "earningsGrowth": 1.778, "revenueGrowth": 0.146, "grossMargins": 0.69537, "ebitdaMargins": 0.1532, "operatingMargins": 0.11028, "profitMargins": 0.060749996, "financialCurrency": "INR"}}}