{"INDORAMA.BO": {"recommendationTrend": {"trend": [{"period": "0m", "strongBuy": 0, "buy": 0, "hold": 0, "sell": 0, "strongSell": 0}, {"period": "-1m", "strongBuy": 0, "buy": 0, "hold": 0, "sell": 0, "strongSell": 0}, {"period": "-2m", "strongBuy": 0, "buy": 0, "hold": 0, "sell": 0, "strongSell": 0}, {"period": "-3m", "strongBuy": 0, "buy": 0, "hold": 0, "sell": 0, "strongSell": 0}], "maxAge": 86400}, "cashflowStatementHistory": {"cashflowStatements": [{"maxAge": 1, "endDate": "2020-03-31", "netIncome": -3165400000, "depreciation": 859500000, "changeToNetincome": 2058400000, "changeToAccountReceivables": -320100000, "changeToLiabilities": -236300000, "changeToInventory": -669100000, "changeToOperatingActivities": 282700000, "totalCashFromOperatingActivities": -1189800000, "capitalExpenditures": -107700000, "investments": 3900000, "otherCashflowsFromInvestingActivities": 500600000, "totalCashflowsFromInvestingActivities": 396800000, "dividendsPaid": -600000, "netBorrowings": -1098900000, "otherCashflowsFromFinancingActivities": -1015000000, "totalCashFromFinancingActivities": 873500000, "changeInCash": 80500000, "issuanceOfStock": 2988000000}, {"maxAge": 1, "endDate": "2019-03-31", "netIncome": -2710600000, "depreciation": 830400000, "changeToNetincome": 1811600000, "changeToAccountReceivables": 83400000, "changeToLiabilities": -449700000, "changeToInventory": -704900000, "changeToOperatingActivities": -971600000, "totalCashFromOperatingActivities": -2111400000, "capitalExpenditures": -49700000, "investments": 3900000, "otherCashflowsFromInvestingActivities": 221000000, "totalCashflowsFromInvestingActivities": 171400000, "dividendsPaid": -700000, "netBorrowings": 2085400000, "otherCashflowsFromFinancingActivities": -1150000000, "totalCashFromFinancingActivities": 1853300000, "changeInCash": -86700000, "issuanceOfStock": 918600000}, {"maxAge": 1, "endDate": "2018-03-31", "netIncome": -826900000, "depreciation": 832000000, "changeToNetincome": 291000000, "changeToAccountReceivables": 128800000, "changeToLiabilities": -802700000, "changeToInventory": 783700000, "changeToOperatingActivities": -125200000, "totalCashFromOperatingActivities": 280700000, "capitalExpenditures": -131700000, "investments": 3900000, "otherCashflowsFromInvestingActivities": 73400000, "totalCashflowsFromInvestingActivities": -58300000, "dividendsPaid": -300000, "netBorrowings": 534700000, "otherCashflowsFromFinancingActivities": -679400000, "totalCashFromFinancingActivities": -145000000, "changeInCash": 77400000, "issuanceOfStock": 918600000}, {"maxAge": 1, "endDate": "2017-03-31", "netIncome": -814300000, "depreciation": 794800000, "changeToNetincome": -259400000, "changeToAccountReceivables": 648900000, "changeToLiabilities": -308100000, "changeToInventory": 621300000, "changeToOperatingActivities": -291100000, "totalCashFromOperatingActivities": 392100000, "capitalExpenditures": -772200000, "investments": 3900000, "otherCashflowsFromInvestingActivities": 1297700000, "totalCashflowsFromInvestingActivities": 525800000, "dividendsPaid": -151100000, "netBorrowings": -117800000, "otherCashflowsFromFinancingActivities": -657000000, "totalCashFromFinancingActivities": -925900000, "changeInCash": -8000000, "issuanceOfStock": 918600000}], "maxAge": 86400}, "institutionOwnership": {"maxAge": 1, "ownershipList": []}, "balanceSheetHistoryQuarterly": {"balanceSheetStatements": [{"maxAge": 1, "endDate": "2020-06-30", "totalStockholderEquity": 2220100000, "netTangibleAssets": 2218700000}, {"maxAge": 1, "endDate": "2020-03-31", "cash": 130200000, "netReceivables": 3287500000, "inventory": 2505400000, "otherCurrentAssets": 335900000, "totalCurrentAssets": 6306900000, "propertyPlantEquipment": 7099400000, "intangibleAssets": 1400000, "otherAssets": 1423200000, "deferredLongTermAssetCharges": 1100100000, "totalAssets": 14830900000, "accountsPayable": 5517000000, "shortLongTermDebt": 720000000, "otherCurrentLiab": 1629900000, "longTermDebt": 3065000000, "otherLiab": 275300000, "totalCurrentLiabilities": 9100600000, "totalLiab": 12610800000, "commonStock": 2611100000, "retainedEarnings": -5068100000, "treasuryStock": 201200000, "capitalSurplus": 4475900000, "otherStockholderEquity": 201200000, "totalStockholderEquity": 2220100000, "netTangibleAssets": 2218700000}, {"maxAge": 1, "endDate": "2019-12-31", "totalStockholderEquity": 4657200000, "netTangibleAssets": 4655500000}, {"maxAge": 1, "endDate": "2019-09-30", "cash": 226100000, "shortTermInvestments": 53500000, "netReceivables": 792700000, "inventory": 2593000000, "otherCurrentAssets": 2675500000, "totalCurrentAssets": 6340800000, "longTermInvestments": 22600000, "propertyPlantEquipment": 7495700000, "intangibleAssets": 1700000, "otherAssets": 2877600000, "deferredLongTermAssetCharges": 2620100000, "totalAssets": 16738400000, "accountsPayable": 5627600000, "otherCurrentLiab": 2068800000, "longTermDebt": 3354800000, "otherLiab": 447700000, "totalCurrentLiabilities": 8278700000, "totalLiab": 12081200000, "commonStock": 2611100000, "treasuryStock": 2046100000, "otherStockholderEquity": 2046100000, "totalStockholderEquity": 4657200000, "netTangibleAssets": 4655500000}], "maxAge": 86400}, "earningsHistory": {"history": [{"maxAge": 1, "epsActual": {}, "epsEstimate": {}, "epsDifference": {}, "surprisePercent": {}, "quarter": {}, "period": "-4q"}, {"maxAge": 1, "epsActual": {}, "epsEstimate": {}, "epsDifference": {}, "surprisePercent": {}, "quarter": {}, "period": "-3q"}, {"maxAge": 1, "epsActual": {}, "epsEstimate": {}, "epsDifference": {}, "surprisePercent": {}, "quarter": {}, "period": "-2q"}, {"maxAge": 1, "epsActual": {}, "epsEstimate": {}, "epsDifference": {}, "surprisePercent": {}, "quarter": {}, "period": "-1q"}], "maxAge": 86400}, "indexTrend": {"maxAge": 1, "symbol": "SP5", "peRatio": 19.7411, "pegRatio": 1.34172, "estimates": [{"period": "0q", "growth": 0.549}, {"period": "+1q", "growth": 0.431}, {"period": "0y", "growth": 0.305}, {"period": "+1y", "growth": 0.109}, {"period": "+5y", "growth": 0.120865}, {"period": "-5y"}]}, "industryTrend": {"maxAge": 1, "symbol": null, "estimates": []}, "insiderTransactions": {"transactions": [{"maxAge": 1, "shares": 3543, "filerUrl": "", "transactionText": "", "filerName": "Lohia (Urmila)", "filerRelation": "Promoter", "moneyText": "", "startDate": "2020-10-07", "ownership": "D"}, {"maxAge": 1, "shares": 17203292, "value": 5625476, "filerUrl": "", "transactionText": "Sale at price 0.33 per share.", "filerName": "Lohia (Urmila)", "filerRelation": "UNREPORTED", "moneyText": "", "startDate": "2020-10-07", "ownership": "D"}, {"maxAge": 1, "shares": 53564057, "filerUrl": "", "transactionText": "", "filerName": "Brook Grange Investments Ltd", "filerRelation": "Promoter", "moneyText": "", "startDate": "2020-08-11", "ownership": "D"}, {"maxAge": 1, "shares": 53464857, "filerUrl": "", "transactionText": "", "filerName": "Lohia (Aloke Mohanlal)", "filerRelation": "Promoter", "moneyText": "", "startDate": "2020-08-11", "ownership": "D"}, {"maxAge": 1, "shares": 17696588, "filerUrl": "", "transactionText": "", "filerName": "Indorama Netherlands B.V.", "filerRelation": "Promoter", "moneyText": "", "startDate": "2019-05-31", "ownership": "D"}], "maxAge": 1}, "quoteType": {"exchange": "BSE", "quoteType": "EQUITY", "symbol": "INDORAMA.BO", "underlyingSymbol": "INDORAMA.BO", "shortName": "INDO RAMA SYNTHETICS (INDIA) L", "longName": "Indo Rama Synthetics (India) Limited", "firstTradeDateEpochUtc": "2002-01-15 09:15:00", "timeZoneFullName": "Asia/Kolkata", "timeZoneShortName": "IST", "uuid": "9dd0b258-4472-30e8-b148-8f0ea800ea32", "messageBoardId": null, "gmtOffSetMilliseconds": 19800000, "maxAge": 1}, "incomeStatementHistory": {"incomeStatementHistory": [{"maxAge": 1, "endDate": "2020-03-31", "totalRevenue": 21220500000, "costOfRevenue": 16258000000, "grossProfit": 4962500000, "researchDevelopment": {}, "sellingGeneralAdministrative": 942300000, "nonRecurring": {}, "otherOperatingExpenses": 4073000000, "totalOperatingExpenses": 22132900000, "operatingIncome": -912400000, "totalOtherIncomeExpenseNet": -892000000, "ebit": -912400000, "interestExpense": -789200000, "incomeBeforeTax": -1804400000, "incomeTaxExpense": 1361000000, "minorityInterest": {}, "netIncomeFromContinuingOps": -3165400000, "discontinuedOperations": {}, "extraordinaryItems": {}, "effectOfAccountingCharges": {}, "otherItems": {}, "netIncome": -3165400000, "netIncomeApplicableToCommonShares": -3165400000}, {"maxAge": 1, "endDate": "2019-03-31", "totalRevenue": 16945600000, "costOfRevenue": 13566500000, "grossProfit": 3379100000, "researchDevelopment": {}, "sellingGeneralAdministrative": 877500000, "nonRecurring": {}, "otherOperatingExpenses": 3453400000, "totalOperatingExpenses": 18727400000, "operatingIncome": -1781800000, "totalOtherIncomeExpenseNet": -2434800000, "ebit": -1781800000, "interestExpense": -682900000, "incomeBeforeTax": -4216600000, "incomeTaxExpense": -1506000000, "minorityInterest": {}, "netIncomeFromContinuingOps": -2710600000, "discontinuedOperations": {}, "extraordinaryItems": {}, "effectOfAccountingCharges": {}, "otherItems": {}, "netIncome": -2710600000, "netIncomeApplicableToCommonShares": -2710600000}, {"maxAge": 1, "endDate": "2018-03-31", "totalRevenue": 22556400000, "costOfRevenue": 17164700000, "grossProfit": 5391700000, "researchDevelopment": {}, "sellingGeneralAdministrative": 942800000, "nonRecurring": {}, "otherOperatingExpenses": 3897400000, "totalOperatingExpenses": 22836500000, "operatingIncome": -280100000, "totalOtherIncomeExpenseNet": -968500000, "ebit": -280100000, "interestExpense": -355900000, "incomeBeforeTax": -1248600000, "incomeTaxExpense": -421700000, "minorityInterest": {}, "netIncomeFromContinuingOps": -826900000, "discontinuedOperations": {}, "extraordinaryItems": {}, "effectOfAccountingCharges": {}, "otherItems": {}, "netIncome": -826900000, "netIncomeApplicableToCommonShares": -826900000}, {"maxAge": 1, "endDate": "2017-03-31", "totalRevenue": 24680400000, "costOfRevenue": 19728100000, "grossProfit": 4952300000, "researchDevelopment": {}, "sellingGeneralAdministrative": 1132900000, "nonRecurring": {}, "otherOperatingExpenses": 3883400000, "totalOperatingExpenses": 25538800000, "operatingIncome": -858400000, "totalOtherIncomeExpenseNet": -483900000, "ebit": -858400000, "interestExpense": -528700000, "incomeBeforeTax": -1342300000, "incomeTaxExpense": -539800000, "minorityInterest": {}, "netIncomeFromContinuingOps": -802500000, "discontinuedOperations": -11800000, "extraordinaryItems": {}, "effectOfAccountingCharges": {}, "otherItems": {}, "netIncome": -814300000, "netIncomeApplicableToCommonShares": -814300000}], "maxAge": 86400}, "fundOwnership": {"maxAge": 1, "ownershipList": []}, "summaryDetail": {"maxAge": 1, "priceHint": 2, "previousClose": 37.05, "open": 38.0, "dayLow": 36.3, "dayHigh": 38.5, "regularMarketPreviousClose": 37.05, "regularMarketOpen": 38.0, "regularMarketDayLow": 36.3, "regularMarketDayHigh": 38.5, "volume": 7159, "regularMarketVolume": 7159, "averageVolume": 28352, "averageVolume10days": 17644, "averageDailyVolume10Day": 17644, "bid": 36.2, "ask": 0.0, "bidSize": 0, "askSize": 0, "marketCap": 9791736832, "fiftyTwoWeekLow": 8.35, "fiftyTwoWeekHigh": 47.5, "fiftyDayAverage": 37.44706, "twoHundredDayAverage": 26.705074, "currency": "INR", "fromCurrency": null, "toCurrency": null, "lastMarket": null, "algorithm": null, "tradeable": false}, "sectorTrend": {"maxAge": 1, "symbol": null, "estimates": []}, "incomeStatementHistoryQuarterly": {"incomeStatementHistory": [{"maxAge": 1, "endDate": "2020-06-30", "totalRevenue": 1186100000, "costOfRevenue": 1093100000, "grossProfit": 93000000, "researchDevelopment": {}, "sellingGeneralAdministrative": 142400000, "nonRecurring": {}, "otherOperatingExpenses": 341600000, "totalOperatingExpenses": 1661100000, "operatingIncome": -475000000, "totalOtherIncomeExpenseNet": -301300000, "ebit": -475000000, "interestExpense": -185200000, "incomeBeforeTax": -776300000, "incomeTaxExpense": 0, "minorityInterest": {}, "netIncomeFromContinuingOps": -776300000, "discontinuedOperations": {}, "extraordinaryItems": {}, "effectOfAccountingCharges": {}, "otherItems": {}, "netIncome": -776300000, "netIncomeApplicableToCommonShares": -776300000}, {"maxAge": 1, "endDate": "2020-03-31", "totalRevenue": 4765700000, "costOfRevenue": 3708400000, "grossProfit": 1057300000, "researchDevelopment": {}, "sellingGeneralAdministrative": 298500000, "nonRecurring": {}, "otherOperatingExpenses": 871300000, "totalOperatingExpenses": 5091900000, "operatingIncome": -326200000, "totalOtherIncomeExpenseNet": -176600000, "ebit": -326200000, "interestExpense": -59700000, "incomeBeforeTax": -502800000, "incomeTaxExpense": -300000, "minorityInterest": {}, "netIncomeFromContinuingOps": -502500000, "discontinuedOperations": {}, "extraordinaryItems": {}, "effectOfAccountingCharges": {}, "otherItems": {}, "netIncome": -502500000, "netIncomeApplicableToCommonShares": -502500000}, {"maxAge": 1, "endDate": "2019-12-31", "totalRevenue": 5415200000, "costOfRevenue": 4069100000, "grossProfit": 1346100000, "researchDevelopment": {}, "sellingGeneralAdministrative": 222000000, "nonRecurring": {}, "otherOperatingExpenses": 1126500000, "totalOperatingExpenses": 5633000000, "operatingIncome": -217800000, "totalOtherIncomeExpenseNet": -183500000, "ebit": -217800000, "interestExpense": -194000000, "incomeBeforeTax": -401300000, "incomeTaxExpense": 1520000000, "minorityInterest": {}, "netIncomeFromContinuingOps": -1921300000, "discontinuedOperations": {}, "extraordinaryItems": {}, "effectOfAccountingCharges": {}, "otherItems": {}, "netIncome": -1921300000, "netIncomeApplicableToCommonShares": -1921300000}, {"maxAge": 1, "endDate": "2019-09-30", "totalRevenue": 5706300000, "costOfRevenue": 4400000000, "grossProfit": 1306300000, "researchDevelopment": {}, "sellingGeneralAdministrative": 215700000, "nonRecurring": {}, "otherOperatingExpenses": 1088500000, "totalOperatingExpenses": 5920100000, "operatingIncome": -213800000, "totalOtherIncomeExpenseNet": -227400000, "ebit": -213800000, "interestExpense": -212400000, "incomeBeforeTax": -441200000, "incomeTaxExpense": 0, "minorityInterest": {}, "netIncomeFromContinuingOps": -441200000, "discontinuedOperations": {}, "extraordinaryItems": {}, "effectOfAccountingCharges": {}, "otherItems": {}, "netIncome": -441200000, "netIncomeApplicableToCommonShares": -441200000}], "maxAge": 86400}, "cashflowStatementHistoryQuarterly": {"cashflowStatements": [{"maxAge": 1, "endDate": "2020-06-30", "netIncome": -776300000, "changeToLiabilities": 0}, {"maxAge": 1, "endDate": "2020-03-31", "netIncome": -502500000, "changeToLiabilities": 0}, {"maxAge": 1, "endDate": "2019-12-31", "netIncome": -1921300000, "changeToLiabilities": 0}, {"maxAge": 1, "endDate": "2019-09-30", "netIncome": -441200000, "changeToLiabilities": 0}], "maxAge": 86400}, "insiderHolders": {"holders": [{"maxAge": 1, "name": "Brook Grange Investments Ltd", "relation": "Promoter", "url": "", "transactionDescription": "Other", "latestTransDate": "2020-08-11", "positionDirect": 0, "positionDirectDate": "2020-08-11"}, {"maxAge": 1, "name": "Indorama Netherlands B.V.", "relation": "Promoter", "url": "", "transactionDescription": "Acquisition", "latestTransDate": "2019-05-31", "positionDirect": 100696588, "positionDirectDate": "2019-05-31"}, {"maxAge": 1, "name": "Lohia (Aloke Mohanlal)", "relation": "Promoter", "url": "", "transactionDescription": "Other", "latestTransDate": "2020-08-11", "positionDirect": 53564057, "positionDirectDate": "2020-08-11"}, {"maxAge": 1, "name": "Lohia (Urmila)", "relation": "Promoter", "url": "", "transactionDescription": "Sale", "latestTransDate": "2020-10-07", "positionDirect": 984769, "positionDirectDate": "2020-10-07"}], "maxAge": 1}, "earnings": {"maxAge": 86400, "earningsChart": {"quarterly": [], "earningsDate": []}, "financialsChart": {"yearly": [{"date": 2017, "revenue": 24680400000, "earnings": -814300000}, {"date": 2018, "revenue": 22556400000, "earnings": -826900000}, {"date": 2019, "revenue": 16945600000, "earnings": -2710600000}, {"date": 2020, "revenue": 21220500000, "earnings": -3165400000}], "quarterly": [{"date": "3Q2019", "revenue": 5706300000, "earnings": -441200000}, {"date": "4Q2019", "revenue": 5415200000, "earnings": -1921300000}, {"date": "1Q2020", "revenue": 4765700000, "earnings": -502500000}, {"date": "2Q2020", "revenue": 1186100000, "earnings": -776300000}]}, "financialCurrency": "INR"}, "calendarEvents": {"maxAge": 1, "earnings": {"earningsDate": []}}, "price": {"maxAge": 1, "regularMarketChangePercent": 0.01214577, "regularMarketChange": 0.45000076, "regularMarketTime": "2021-04-30 15:47:15", "priceHint": 2, "regularMarketPrice": 37.5, "regularMarketDayHigh": 38.5, "regularMarketDayLow": 36.3, "regularMarketVolume": 7159, "averageDailyVolume10Day": 17644, "averageDailyVolume3Month": 28352, "regularMarketPreviousClose": 37.05, "regularMarketSource": "FREE_REALTIME", "regularMarketOpen": 38.0, "exchange": "BSE", "exchangeName": "BSE", "exchangeDataDelayedBy": 0, "marketState": "CLOSED", "quoteType": "EQUITY", "symbol": "INDORAMA.BO", "underlyingSymbol": null, "shortName": "INDO RAMA SYNTHETICS (INDIA) L", "longName": "Indo Rama Synthetics (India) Limited", "currency": "INR", "quoteSourceName": "Delayed Quote", "currencySymbol": "\u20b9", "fromCurrency": null, "toCurrency": null, "lastMarket": null, "marketCap": 9791736832}, "balanceSheetHistory": {"balanceSheetStatements": [{"maxAge": 1, "endDate": "2020-03-31", "cash": 130200000, "netReceivables": 3287500000, "inventory": 2505400000, "otherCurrentAssets": 335900000, "totalCurrentAssets": 6306900000, "propertyPlantEquipment": 7099400000, "intangibleAssets": 1400000, "otherAssets": 1423200000, "deferredLongTermAssetCharges": 1100100000, "totalAssets": 14830900000, "accountsPayable": 5517000000, "shortLongTermDebt": 720000000, "otherCurrentLiab": 1629900000, "longTermDebt": 3065000000, "otherLiab": 275300000, "totalCurrentLiabilities": 9100600000, "totalLiab": 12610800000, "commonStock": 2611100000, "retainedEarnings": -5068100000, "treasuryStock": 201200000, "capitalSurplus": 4475900000, "otherStockholderEquity": 201200000, "totalStockholderEquity": 2220100000, "netTangibleAssets": 2218700000}, {"maxAge": 1, "endDate": "2019-03-31", "cash": 49700000, "shortTermInvestments": 62100000, "netReceivables": 2706100000, "inventory": 1836300000, "otherCurrentAssets": 890100000, "totalCurrentAssets": 5524500000, "longTermInvestments": 8200000, "propertyPlantEquipment": 7617000000, "otherAssets": 2760800000, "deferredLongTermAssetCharges": 2461100000, "totalAssets": 15902300000, "accountsPayable": 5788500000, "shortLongTermDebt": 597000000, "otherCurrentLiab": 1326700000, "longTermDebt": 2220000000, "otherLiab": 222400000, "totalCurrentLiabilities": 11047800000, "totalLiab": 13490200000, "commonStock": 1781100000, "retainedEarnings": -1990700000, "treasuryStock": 303800000, "capitalSurplus": 2317900000, "otherStockholderEquity": 303800000, "totalStockholderEquity": 2412100000, "netTangibleAssets": 2412100000}, {"maxAge": 1, "endDate": "2018-03-31", "cash": 136400000, "netReceivables": 2806900000, "inventory": 1162100000, "otherCurrentAssets": 1048600000, "totalCurrentAssets": 5211300000, "propertyPlantEquipment": 8423900000, "otherAssets": 1337500000, "deferredLongTermAssetCharges": 959000000, "totalAssets": 14972700000, "accountsPayable": 6238100000, "shortLongTermDebt": 762900000, "otherCurrentLiab": 413800000, "longTermDebt": 367700000, "otherLiab": 211400000, "totalCurrentLiabilities": 10196800000, "totalLiab": 10775900000, "commonStock": 1518200000, "retainedEarnings": 812600000, "treasuryStock": 203800000, "capitalSurplus": 1662200000, "otherStockholderEquity": 203800000, "totalStockholderEquity": 4196800000, "netTangibleAssets": 4196800000}, {"maxAge": 1, "endDate": "2017-03-31", "cash": 59000000, "netReceivables": 2825800000, "inventory": 1945800000, "otherCurrentAssets": 1227000000, "totalCurrentAssets": 6113200000, "propertyPlantEquipment": 9089000000, "otherAssets": 875600000, "deferredLongTermAssetCharges": 540800000, "totalAssets": 16077800000, "accountsPayable": 7040800000, "shortLongTermDebt": 585900000, "otherCurrentLiab": 346200000, "longTermDebt": 809400000, "otherLiab": 208700000, "totalCurrentLiabilities": 10042700000, "totalLiab": 11060800000, "commonStock": 1518200000, "retainedEarnings": 1620900000, "treasuryStock": 215700000, "capitalSurplus": 1662200000, "otherStockholderEquity": 215700000, "totalStockholderEquity": 5017000000, "netTangibleAssets": 5017000000}], "maxAge": 86400}, "earningsTrend": {"trend": [{"maxAge": 1, "period": "0q", "endDate": null, "growth": {}, "earningsEstimate": {"avg": 0.0, "low": 0.0, "high": 0.0, "yearAgoEps": {}, "numberOfAnalysts": 0, "growth": {}}, "revenueEstimate": {"avg": 0, "low": 0, "high": 0, "numberOfAnalysts": 0, "yearAgoRevenue": {}, "growth": {}}, "epsTrend": {"current": 0.0, "7daysAgo": 0.0, "30daysAgo": 0.0, "60daysAgo": 0.0, "90daysAgo": 0.0}, "epsRevisions": {"upLast7days": 0, "upLast30days": 0, "downLast30days": 0, "downLast90days": {}}}, {"maxAge": 1, "period": "+1q", "endDate": null, "growth": {}, "earningsEstimate": {"avg": 0.0, "low": 0.0, "high": 0.0, "yearAgoEps": {}, "numberOfAnalysts": 0, "growth": {}}, "revenueEstimate": {"avg": 0, "low": 0, "high": 0, "numberOfAnalysts": 0, "yearAgoRevenue": {}, "growth": {}}, "epsTrend": {"current": 0.0, "7daysAgo": 0.0, "30daysAgo": 0.0, "60daysAgo": 0.0, "90daysAgo": 0.0}, "epsRevisions": {"upLast7days": 0, "upLast30days": 0, "downLast30days": 0, "downLast90days": {}}}, {"maxAge": 1, "period": "0y", "endDate": null, "growth": {}, "earningsEstimate": {"avg": 0.0, "low": 0.0, "high": 0.0, "yearAgoEps": {}, "numberOfAnalysts": 0, "growth": {}}, "revenueEstimate": {"avg": 0, "low": 0, "high": 0, "numberOfAnalysts": 0, "yearAgoRevenue": {}, "growth": {}}, "epsTrend": {"current": 0.0, "7daysAgo": 0.0, "30daysAgo": 0.0, "60daysAgo": 0.0, "90daysAgo": 0.0}, "epsRevisions": {"upLast7days": 0, "upLast30days": 0, "downLast30days": 0, "downLast90days": {}}}, {"maxAge": 1, "period": "+1y", "endDate": null, "growth": {}, "earningsEstimate": {"avg": 0.0, "low": 0.0, "high": 0.0, "yearAgoEps": {}, "numberOfAnalysts": 0, "growth": {}}, "revenueEstimate": {"avg": 0, "low": 0, "high": 0, "numberOfAnalysts": 0, "yearAgoRevenue": {}, "growth": {}}, "epsTrend": {"current": 0.0, "7daysAgo": 0.0, "30daysAgo": 0.0, "60daysAgo": 0.0, "90daysAgo": 0.0}, "epsRevisions": {"upLast7days": 0, "upLast30days": 0, "downLast30days": 0, "downLast90days": {}}}, {"maxAge": 1, "period": "+5y", "endDate": null, "growth": {}, "earningsEstimate": {"avg": {}, "low": {}, "high": {}, "yearAgoEps": {}, "numberOfAnalysts": {}, "growth": {}}, "revenueEstimate": {"avg": {}, "low": {}, "high": {}, "numberOfAnalysts": {}, "yearAgoRevenue": {}, "growth": {}}, "epsTrend": {"current": {}, "7daysAgo": {}, "30daysAgo": {}, "60daysAgo": {}, "90daysAgo": {}}, "epsRevisions": {"upLast7days": {}, "upLast30days": {}, "downLast30days": {}, "downLast90days": {}}}, {"maxAge": 1, "period": "-5y", "endDate": null, "growth": {}, "earningsEstimate": {"avg": {}, "low": {}, "high": {}, "yearAgoEps": {}, "numberOfAnalysts": {}, "growth": {}}, "revenueEstimate": {"avg": {}, "low": {}, "high": {}, "numberOfAnalysts": {}, "yearAgoRevenue": {}, "growth": {}}, "epsTrend": {"current": {}, "7daysAgo": {}, "30daysAgo": {}, "60daysAgo": {}, "90daysAgo": {}}, "epsRevisions": {"upLast7days": {}, "upLast30days": {}, "downLast30days": {}, "downLast90days": {}}}], "maxAge": 1}, "financialData": {"maxAge": 86400, "currentPrice": 37.5, "recommendationKey": "none", "grossProfits": 4962500000, "financialCurrency": "INR"}}}