{"INDOTECH.NS": {"assetProfile": {"address1": "Survey No.153-210", "address2": "Illuppapattu Village Near Rajakulam Chennai-Bangalore Highway", "city": "Kancheepuram", "zip": "631561", "country": "India", "phone": "91 44 3028 9873", "fax": "91 44 3729 0518", "website": "http://www.prolecge.in", "industry": "Electrical Equipment & Parts", "sector": "Industrials", "longBusinessSummary": "Indo Tech Transformers Limited manufactures and sells transformers in India and internationally. It offers power, distribution, and special application transformers, as well as mobile sub-station transformers and sub-stations for use in the generation, transmission, and distribution of electric power. The company was founded in 1976 and is based in Kancheepuram, India. Indo Tech Transformers Limited operates as a subsidiary of Prolec GE, S. de R.L. de C.V.", "fullTimeEmployees": 295, "companyOfficers": [{"maxAge": 1, "name": "Mr. Shridhar  Gokhale", "age": 50, "title": "CEO & Whole-Time Director", "yearBorn": 1970, "fiscalYear": 2020, "totalPay": 7223711, "exercisedValue": 0, "unexercisedValue": 0}, {"maxAge": 1, "name": "Mr. C.P.  Sai Krishnan", "age": 48, "title": "Chief Financial Officer", "yearBorn": 1972, "fiscalYear": 2020, "totalPay": 3017574, "exercisedValue": 0, "unexercisedValue": 0}, {"maxAge": 1, "name": "Mr. A.  Sathyamoorthy", "title": "Compliance Officer & Company Sec.", "fiscalYear": 2020, "totalPay": 1556786, "exercisedValue": 0, "unexercisedValue": 0}, {"maxAge": 1, "name": "R.  Dayanand", "age": 50, "title": "Head of Operation", "yearBorn": 1970, "exercisedValue": 0, "unexercisedValue": 0}, {"maxAge": 1, "name": "Mr. Neeraj  Goyal", "age": 50, "title": "Chief Technology Officer", "yearBorn": 1970, "fiscalYear": 2019, "exercisedValue": 0, "unexercisedValue": 0}, {"maxAge": 1, "name": "Fredrick  Castro", "age": 59, "title": "Head of HR", "yearBorn": 1961, "exercisedValue": 0, "unexercisedValue": 0}, {"maxAge": 1, "name": "Alok  Tripathi", "age": 58, "title": "Head of Service", "yearBorn": 1962, "exercisedValue": 0, "unexercisedValue": 0}, {"maxAge": 1, "name": "Mr. M.  Purushothaman", "age": 53, "title": "Head of Commercial", "yearBorn": 1967, "exercisedValue": 0, "unexercisedValue": 0}, {"maxAge": 1, "name": "Mr. Mary Mody Karammel", "age": 52, "title": "Head of Design", "yearBorn": 1968, "exercisedValue": 0, "unexercisedValue": 0}, {"maxAge": 1, "name": "Mr. N. Nambi Rajan", "title": "Financial Controller", "exercisedValue": 0, "unexercisedValue": 0}], "compensationAsOfEpochDate": "2020-12-31 05:30:00", "maxAge": 86400}, "cashflowStatementHistory": {"cashflowStatements": [{"maxAge": 1, "endDate": "2020-03-31", "netIncome": 19203000, "depreciation": 47676000, "changeToNetincome": -46721000, "changeToAccountReceivables": -133634000, "changeToLiabilities": 96351000, "changeToInventory": -120135000, "changeToOperatingActivities": -7977000, "totalCashFromOperatingActivities": -145020000, "capitalExpenditures": -11306000, "otherCashflowsFromInvestingActivities": -6689000, "totalCashflowsFromInvestingActivities": -17995000, "otherCashflowsFromFinancingActivities": -697000, "totalCashFromFinancingActivities": -697000, "changeInCash": -163712000}, {"maxAge": 1, "endDate": "2019-03-31", "netIncome": -83890000, "depreciation": 51673000, "changeToNetincome": 47912000, "changeToAccountReceivables": 130689000, "changeToLiabilities": -72421000, "changeToInventory": 80847000, "changeToOperatingActivities": 19419000, "totalCashFromOperatingActivities": 174446000, "capitalExpenditures": -10270000, "otherCashflowsFromInvestingActivities": -380000, "totalCashflowsFromInvestingActivities": -8246000, "otherCashflowsFromFinancingActivities": -3789000, "totalCashFromFinancingActivities": -3789000, "changeInCash": 162411000}, {"maxAge": 1, "endDate": "2018-03-31", "netIncome": -36942000, "depreciation": 47311000, "changeToNetincome": -15820000, "changeToAccountReceivables": -215031000, "changeToLiabilities": 111738000, "changeToInventory": 52086000, "changeToOperatingActivities": 92741000, "totalCashFromOperatingActivities": 36167000, "capitalExpenditures": -10979000, "otherCashflowsFromInvestingActivities": 2093000, "totalCashflowsFromInvestingActivities": -7961000, "otherCashflowsFromFinancingActivities": -4672000, "totalCashFromFinancingActivities": -4672000, "changeInCash": 23534000}, {"maxAge": 1, "endDate": "2017-03-31", "netIncome": -112736000, "depreciation": 47943000, "changeToNetincome": 30029000, "changeToAccountReceivables": -3915000, "changeToLiabilities": 22482000, "changeToInventory": -123354000, "changeToOperatingActivities": 21523000, "totalCashFromOperatingActivities": -117807000, "capitalExpenditures": -23296000, "otherCashflowsFromInvestingActivities": 10921000, "totalCashflowsFromInvestingActivities": -11406000, "otherCashflowsFromFinancingActivities": -11715000, "totalCashFromFinancingActivities": -11715000, "changeInCash": -140928000}], "maxAge": 86400}, "institutionOwnership": {"ownershipList": [], "maxAge": 1}, "majorHoldersBreakdown": {"maxAge": 1, "insidersPercentHeld": 0.79681, "institutionsPercentHeld": 0.0, "institutionsFloatPercentHeld": 0.0, "institutionsCount": 0}, "balanceSheetHistoryQuarterly": {"balanceSheetStatements": [{"maxAge": 1, "endDate": "2020-12-31", "totalStockholderEquity": 1186600000, "netTangibleAssets": 1186300000}, {"maxAge": 1, "endDate": "2020-09-30", "cash": 198200000, "shortTermInvestments": 3400000, "netReceivables": 543700000, "inventory": 509100000, "otherCurrentAssets": 99600000, "totalCurrentAssets": 1354000000, "longTermInvestments": 17100000, "propertyPlantEquipment": 457200000, "intangibleAssets": 300000, "otherAssets": 64000000, "totalAssets": 1892600000, "accountsPayable": 545800000, "otherCurrentLiab": 151900000, "otherLiab": 8300000, "totalCurrentLiabilities": 697700000, "totalLiab": 706000000, "commonStock": 106200000, "treasuryStock": 1080400000, "otherStockholderEquity": 1080400000, "totalStockholderEquity": 1186600000, "netTangibleAssets": 1186300000}, {"maxAge": 1, "endDate": "2020-06-30", "totalStockholderEquity": 1265300000, "netTangibleAssets": 1264900000}, {"maxAge": 1, "endDate": "2020-03-31", "cash": 43283000, "netReceivables": 838514000, "inventory": 462191000, "otherCurrentAssets": 97547000, "totalCurrentAssets": 1446875000, "propertyPlantEquipment": 479304000, "intangibleAssets": 367000, "otherAssets": 92777000, "totalAssets": 2019323000, "accountsPayable": 565534000, "otherCurrentLiab": 158832000, "otherLiab": 11607000, "totalCurrentLiabilities": 742457000, "totalLiab": 754064000, "commonStock": 106200000, "retainedEarnings": -691272000, "treasuryStock": 1474483000, "capitalSurplus": 375848000, "otherStockholderEquity": 1474483000, "totalStockholderEquity": 1265259000, "netTangibleAssets": 1264892000}], "maxAge": 86400}, "indexTrend": {"maxAge": 1, "symbol": "SP5", "peRatio": 19.7411, "pegRatio": 1.34172, "estimates": [{"period": "0q", "growth": 0.549}, {"period": "+1q", "growth": 0.431}, {"period": "0y", "growth": 0.305}, {"period": "+1y", "growth": 0.109}, {"period": "+5y", "growth": 0.120865}, {"period": "-5y"}]}, "defaultKeyStatistics": {"maxAge": 1, "priceHint": 2, "enterpriseValue": 805866624, "profitMargins": -0.05751, "floatShares": 1981227, "sharesOutstanding": 10620000, "heldPercentInsiders": 0.79681, "heldPercentInstitutions": 0.0, "beta": 0.461854, "category": null, "bookValue": 111.744, "priceToBook": 0.8425508, "fundFamily": null, "legalType": null, "lastFiscalYearEnd": "2020-03-31 05:30:00", "nextFiscalYearEnd": "2022-03-31 05:30:00", "mostRecentQuarter": "2020-12-31 05:30:00", "earningsQuarterlyGrowth": -0.068, "netIncomeToCommon": -83997000, "trailingEps": -7.905, "lastSplitFactor": null, "enterpriseToRevenue": 0.552, "enterpriseToEbitda": -13.067}, "summaryProfile": {"address1": "Survey No.153-210", "address2": "Illuppapattu Village Near Rajakulam Chennai-Bangalore Highway", "city": "Kancheepuram", "zip": "631561", "country": "India", "phone": "91 44 3028 9873", "fax": "91 44 3729 0518", "website": "http://www.prolecge.in", "industry": "Electrical Equipment & Parts", "sector": "Industrials", "longBusinessSummary": "Indo Tech Transformers Limited manufactures and sells transformers in India and internationally. It offers power, distribution, and special application transformers, as well as mobile sub-station transformers and sub-stations for use in the generation, transmission, and distribution of electric power. The company was founded in 1976 and is based in Kancheepuram, India. Indo Tech Transformers Limited operates as a subsidiary of Prolec GE, S. de R.L. de C.V.", "fullTimeEmployees": 295, "companyOfficers": [], "maxAge": 86400}, "netSharePurchaseActivity": {"maxAge": 1, "period": "6m", "buyInfoCount": 0, "buyInfoShares": 0, "sellInfoCount": 0, "netInfoCount": 0, "netInfoShares": 0, "netPercentInsiderShares": 0.0, "totalInsiderShares": 8499306}, "insiderTransactions": {"transactions": [{"maxAge": 1, "shares": 7366032, "filerUrl": "", "transactionText": "", "filerName": "Prolec- GE Internacional, S. de R.L. de C.V.", "filerRelation": "Institution- Corporation", "moneyText": "", "startDate": "2020-09-04", "ownership": "D"}], "maxAge": 1}, "quoteType": {"exchange": "NSI", "quoteType": "EQUITY", "symbol": "INDOTECH.NS", "underlyingSymbol": "INDOTECH.NS", "shortName": "INDO TECH TRANFORM", "longName": "Indo Tech Transformers Limited", "firstTradeDateEpochUtc": "2006-03-16 09:15:00", "timeZoneFullName": "Asia/Kolkata", "timeZoneShortName": "IST", "uuid": "61f6434e-7052-3697-98ec-b075affa2c78", "gmtOffSetMilliseconds": 19800000, "maxAge": 1}, "incomeStatementHistory": {"incomeStatementHistory": [{"maxAge": 1, "endDate": "2020-03-31", "totalRevenue": 2056458000, "costOfRevenue": 1557644000, "grossProfit": 498814000, "researchDevelopment": {}, "sellingGeneralAdministrative": 218259000, "nonRecurring": {}, "otherOperatingExpenses": 280112000, "totalOperatingExpenses": 2103908000, "operatingIncome": -47450000, "totalOtherIncomeExpenseNet": 48420000, "ebit": -47450000, "interestExpense": -1858000, "incomeBeforeTax": 970000, "incomeTaxExpense": -18233000, "minorityInterest": {}, "netIncomeFromContinuingOps": 19203000, "discontinuedOperations": {}, "extraordinaryItems": {}, "effectOfAccountingCharges": {}, "otherItems": {}, "netIncome": 19203000, "netIncomeApplicableToCommonShares": 19203000}, {"maxAge": 1, "endDate": "2019-03-31", "totalRevenue": 2135553000, "costOfRevenue": 1672105000, "grossProfit": 463448000, "researchDevelopment": {}, "sellingGeneralAdministrative": 204524000, "nonRecurring": {}, "otherOperatingExpenses": 296469000, "totalOperatingExpenses": 2224988000, "operatingIncome": -89435000, "totalOtherIncomeExpenseNet": 5545000, "ebit": -89435000, "interestExpense": -5235000, "incomeBeforeTax": -83890000, "incomeTaxExpense": 0, "minorityInterest": {}, "netIncomeFromContinuingOps": -83890000, "discontinuedOperations": {}, "extraordinaryItems": {}, "effectOfAccountingCharges": {}, "otherItems": {}, "netIncome": -83890000, "netIncomeApplicableToCommonShares": -83890000}, {"maxAge": 1, "endDate": "2018-03-31", "totalRevenue": 2203893000, "costOfRevenue": 1765172000, "grossProfit": 438721000, "researchDevelopment": {}, "sellingGeneralAdministrative": 186297000, "nonRecurring": {}, "otherOperatingExpenses": 280549000, "totalOperatingExpenses": 2279413000, "operatingIncome": -75520000, "totalOtherIncomeExpenseNet": 38578000, "ebit": -75520000, "interestExpense": -4672000, "incomeBeforeTax": -36942000, "incomeTaxExpense": 0, "minorityInterest": {}, "netIncomeFromContinuingOps": -36942000, "discontinuedOperations": {}, "extraordinaryItems": {}, "effectOfAccountingCharges": {}, "otherItems": {}, "netIncome": -36942000, "netIncomeApplicableToCommonShares": -36942000}, {"maxAge": 1, "endDate": "2017-03-31", "totalRevenue": 1490351000, "costOfRevenue": 1124401000, "grossProfit": 365950000, "researchDevelopment": {}, "sellingGeneralAdministrative": 173257000, "nonRecurring": {}, "otherOperatingExpenses": 235402000, "totalOperatingExpenses": 1582252000, "operatingIncome": -91901000, "totalOtherIncomeExpenseNet": 1230000, "ebit": -91901000, "interestExpense": -11715000, "incomeBeforeTax": -90671000, "incomeTaxExpense": 22065000, "minorityInterest": {}, "netIncomeFromContinuingOps": -112736000, "discontinuedOperations": {}, "extraordinaryItems": {}, "effectOfAccountingCharges": {}, "otherItems": {}, "netIncome": -112736000, "netIncomeApplicableToCommonShares": -112736000}], "maxAge": 86400}, "fundOwnership": {"ownershipList": [], "maxAge": 1}, "summaryDetail": {"maxAge": 1, "priceHint": 2, "previousClose": 94.45, "open": 93.0, "dayLow": 92.6, "dayHigh": 96.8, "regularMarketPreviousClose": 94.45, "regularMarketOpen": 93.0, "regularMarketDayLow": 92.6, "regularMarketDayHigh": 96.8, "exDividendDate": "2009-03-13 05:30:00", "payoutRatio": 0.0, "beta": 0.461854, "volume": 17171, "regularMarketVolume": 17171, "averageVolume": 14477, "averageVolume10days": 17523, "averageDailyVolume10Day": 17523, "bid": 0.0, "ask": 0.0, "bidSize": 0, "askSize": 0, "marketCap": 1000400256, "fiftyTwoWeekLow": 68.3, "fiftyTwoWeekHigh": 127.9, "priceToSalesTrailing12Months": 0.68489695, "fiftyDayAverage": 96.38333, "twoHundredDayAverage": 98.765, "currency": "INR", "fromCurrency": null, "lastMarket": null, "algorithm": null, "tradeable": false}, "incomeStatementHistoryQuarterly": {"incomeStatementHistory": [{"maxAge": 1, "endDate": "2020-12-31", "totalRevenue": 538300000, "costOfRevenue": 378200000, "grossProfit": 160100000, "researchDevelopment": {}, "sellingGeneralAdministrative": 60700000, "nonRecurring": {}, "otherOperatingExpenses": 79900000, "totalOperatingExpenses": 530800000, "operatingIncome": 7500000, "totalOtherIncomeExpenseNet": 2100000, "ebit": 7500000, "interestExpense": {}, "incomeBeforeTax": 9600000, "incomeTaxExpense": 0, "minorityInterest": {}, "netIncomeFromContinuingOps": 9600000, "discontinuedOperations": {}, "extraordinaryItems": {}, "effectOfAccountingCharges": {}, "otherItems": {}, "netIncome": 9600000, "netIncomeApplicableToCommonShares": 9600000}, {"maxAge": 1, "endDate": "2020-09-30", "totalRevenue": 389400000, "costOfRevenue": 273400000, "grossProfit": 116000000, "researchDevelopment": {}, "sellingGeneralAdministrative": 52600000, "nonRecurring": {}, "otherOperatingExpenses": 85300000, "totalOperatingExpenses": 423800000, "operatingIncome": -34400000, "totalOtherIncomeExpenseNet": 1800000, "ebit": -34400000, "interestExpense": -500000, "incomeBeforeTax": -32600000, "incomeTaxExpense": 0, "minorityInterest": {}, "netIncomeFromContinuingOps": -32600000, "discontinuedOperations": {}, "extraordinaryItems": {}, "effectOfAccountingCharges": {}, "otherItems": {}, "netIncome": -32600000, "netIncomeApplicableToCommonShares": -32600000}, {"maxAge": 1, "endDate": "2020-06-30", "totalRevenue": 164200000, "costOfRevenue": 123400000, "grossProfit": 40800000, "researchDevelopment": {}, "sellingGeneralAdministrative": 50200000, "nonRecurring": {}, "otherOperatingExpenses": 31900000, "totalOperatingExpenses": 217400000, "operatingIncome": -53200000, "totalOtherIncomeExpenseNet": 2500000, "ebit": -53200000, "interestExpense": -700000, "incomeBeforeTax": -50700000, "incomeTaxExpense": 0, "minorityInterest": {}, "netIncomeFromContinuingOps": -50700000, "discontinuedOperations": {}, "extraordinaryItems": {}, "effectOfAccountingCharges": {}, "otherItems": {}, "netIncome": -50700000, "netIncomeApplicableToCommonShares": -50700000}, {"maxAge": 1, "endDate": "2020-03-31", "totalRevenue": 368758000, "costOfRevenue": 273344000, "grossProfit": 95414000, "researchDevelopment": {}, "sellingGeneralAdministrative": 62459000, "nonRecurring": {}, "otherOperatingExpenses": 47212000, "totalOperatingExpenses": 395008000, "operatingIncome": -26250000, "totalOtherIncomeExpenseNet": 15920000, "ebit": -26250000, "interestExpense": -758000, "incomeBeforeTax": -10330000, "incomeTaxExpense": -33000, "minorityInterest": {}, "netIncomeFromContinuingOps": -10297000, "discontinuedOperations": {}, "extraordinaryItems": {}, "effectOfAccountingCharges": {}, "otherItems": {}, "netIncome": -10297000, "netIncomeApplicableToCommonShares": -10297000}], "maxAge": 86400}, "cashflowStatementHistoryQuarterly": {"cashflowStatements": [{"maxAge": 1, "endDate": "2020-12-31", "netIncome": 9600000, "changeToLiabilities": 0}, {"maxAge": 1, "endDate": "2020-09-30", "netIncome": -32600000, "changeToLiabilities": 0}, {"maxAge": 1, "endDate": "2020-06-30", "netIncome": -50700000, "changeToLiabilities": 0}, {"maxAge": 1, "endDate": "2020-03-31", "netIncome": -10297000, "changeToLiabilities": 0}], "maxAge": 86400}, "insiderHolders": {"holders": [{"maxAge": 1, "name": "Prolec- GE Internacional, S. de R.L. de C.V.", "relation": "Institution- Corporation", "url": "", "transactionDescription": "Acquisition", "latestTransDate": "2020-09-04", "positionDirect": 529593, "positionDirectDate": "2020-09-04"}], "maxAge": 1}, "calendarEvents": {"maxAge": 1, "earnings": {"earningsDate": []}, "exDividendDate": "2009-03-13 05:30:00"}, "upgradeDowngradeHistory": {"history": [], "maxAge": 86400}, "price": {"maxAge": 1, "regularMarketChangePercent": -0.0031762354, "regularMarketChange": -0.29999542, "regularMarketTime": "2021-04-30 15:29:47", "priceHint": 2, "regularMarketPrice": 94.15, "regularMarketDayHigh": 96.8, "regularMarketDayLow": 92.6, "regularMarketVolume": 17171, "averageDailyVolume10Day": 17523, "averageDailyVolume3Month": 14477, "regularMarketPreviousClose": 94.45, "regularMarketSource": "FREE_REALTIME", "regularMarketOpen": 93.0, "exchange": "NSI", "exchangeName": "NSE", "exchangeDataDelayedBy": 15, "marketState": "CLOSED", "quoteType": "EQUITY", "symbol": "INDOTECH.NS", "underlyingSymbol": null, "shortName": "INDO TECH TRANFORM", "longName": "Indo Tech Transformers Limited", "currency": "INR", "quoteSourceName": "Delayed Quote", "currencySymbol": "\u20b9", "fromCurrency": null, "lastMarket": null, "marketCap": 1000400256}, "balanceSheetHistory": {"balanceSheetStatements": [{"maxAge": 1, "endDate": "2020-03-31", "cash": 43283000, "netReceivables": 838514000, "inventory": 462191000, "otherCurrentAssets": 97547000, "totalCurrentAssets": 1446875000, "propertyPlantEquipment": 479304000, "intangibleAssets": 367000, "otherAssets": 92777000, "totalAssets": 2019323000, "accountsPayable": 565534000, "otherCurrentLiab": 158832000, "otherLiab": 11607000, "totalCurrentLiabilities": 742457000, "totalLiab": 754064000, "commonStock": 106200000, "retainedEarnings": -691272000, "treasuryStock": 1474483000, "capitalSurplus": 375848000, "otherStockholderEquity": 1474483000, "totalStockholderEquity": 1265259000, "netTangibleAssets": 1264892000}, {"maxAge": 1, "endDate": "2019-03-31", "cash": 206995000, "netReceivables": 655822000, "inventory": 344254000, "otherCurrentAssets": 145193000, "totalCurrentAssets": 1355364000, "propertyPlantEquipment": 515948000, "intangibleAssets": 584000, "otherAssets": 62732000, "totalAssets": 1934628000, "accountsPayable": 454203000, "otherCurrentLiab": 196044000, "otherLiab": 9380000, "totalCurrentLiabilities": 673571000, "totalLiab": 682951000, "commonStock": 106200000, "retainedEarnings": -710475000, "treasuryStock": 1480104000, "capitalSurplus": 375848000, "otherStockholderEquity": 1480104000, "totalStockholderEquity": 1251677000, "netTangibleAssets": 1251093000}, {"maxAge": 1, "endDate": "2018-03-31", "cash": 44584000, "netReceivables": 877201000, "inventory": 429817000, "otherCurrentAssets": 158763000, "totalCurrentAssets": 1515378000, "propertyPlantEquipment": 505575000, "intangibleAssets": 801000, "otherAssets": 65088000, "totalAssets": 2086842000, "accountsPayable": 553549000, "otherCurrentLiab": 163855000, "otherLiab": 13443000, "totalCurrentLiabilities": 732391000, "totalLiab": 745834000, "commonStock": 106200000, "retainedEarnings": -626585000, "treasuryStock": 1485545000, "capitalSurplus": 375848000, "otherStockholderEquity": 1485545000, "totalStockholderEquity": 1341008000, "netTangibleAssets": 1340207000}, {"maxAge": 1, "endDate": "2017-03-31", "cash": 21050000, "netReceivables": 665713000, "inventory": 471091000, "otherCurrentAssets": 215898000, "totalCurrentAssets": 1381822000, "propertyPlantEquipment": 546574000, "intangibleAssets": 161000, "otherAssets": 76672000, "totalAssets": 2005229000, "accountsPayable": 382738000, "otherCurrentLiab": 203884000, "otherLiab": 9848000, "totalCurrentLiabilities": 613499000, "totalLiab": 623347000, "commonStock": 106200000, "retainedEarnings": -589643000, "treasuryStock": 1489477000, "capitalSurplus": 375848000, "otherStockholderEquity": 1489477000, "totalStockholderEquity": 1381882000, "netTangibleAssets": 1381721000}], "maxAge": 86400}, "financialData": {"maxAge": 86400, "currentPrice": 94.15, "recommendationKey": "none", "totalCash": 201600000, "totalCashPerShare": 18.9, "ebitda": -61671752, "totalDebt": 0, "totalRevenue": 1460658048, "revenuePerShare": 137.46, "grossProfits": 498814000, "earningsGrowth": -0.072, "revenueGrowth": -0.202, "grossMargins": 0.28228, "ebitdaMargins": -0.04222, "operatingMargins": -0.07281, "profitMargins": -0.05751, "financialCurrency": "INR"}}}