{"INDOSOLAR.NS": {"assetProfile": {"address1": "C-12 Friends Colony (East)", "city": "New Delhi", "zip": "110065", "country": "India", "phone": "91 11 2684 1375", "fax": "91 11 2684 3949", "website": "http://www.indosolar.co.in", "industry": "Solar", "sector": "Technology", "longBusinessSummary": "Indosolar Limited is under corporate insolvency resolution process. Previously, it was engaged in the manufacture and sale of solar photovoltaic cells. The company was incorporated in 2005 and is based in New Delhi, India.", "companyOfficers": [{"maxAge": 1, "name": "Mr. Hulas Rahul Gupta", "age": 61, "title": "MD & Director", "yearBorn": 1959, "fiscalYear": 2019, "totalPay": 0, "exercisedValue": 0, "unexercisedValue": 0}, {"maxAge": 1, "name": "Mr. Anand Kumar Agarwal", "age": 70, "title": "Chief Financial Officer", "yearBorn": 1950, "fiscalYear": 2019, "totalPay": 2970000, "exercisedValue": 0, "unexercisedValue": 0}, {"maxAge": 1, "name": "Dr. Dina Nath Singh", "age": 70, "title": "Chief Technical Officer", "yearBorn": 1950, "exercisedValue": 0, "unexercisedValue": 0}, {"maxAge": 1, "name": "Mr. Dinesh B. Shenoy", "age": 52, "title": "Chief Gen. Mang. of Purchase", "yearBorn": 1968, "exercisedValue": 0, "unexercisedValue": 0}, {"maxAge": 1, "name": "Mr. Vivek  Gupta", "age": 51, "title": "Financial Controller", "yearBorn": 1969, "exercisedValue": 0, "unexercisedValue": 0}, {"maxAge": 1, "name": "Ms. Roshini  Gupta", "age": 29, "title": "VP of Corp.", "yearBorn": 1991, "fiscalYear": 2019, "totalPay": 0, "exercisedValue": 0, "unexercisedValue": 0}, {"maxAge": 1, "name": "Mr. Prakash  Nauriya", "age": 60, "title": "Gen. Mang. of HR & Admin.", "yearBorn": 1960, "fiscalYear": 2018, "exercisedValue": 0, "unexercisedValue": 0}, {"maxAge": 1, "name": "Ms. Sonam  Prasad", "title": "Company Sec. & Compliance Officer", "exercisedValue": 0, "unexercisedValue": 0}, {"maxAge": 1, "name": "Mr. Pranav  Gupta", "age": 31, "title": "VP of Marketing & Sales", "yearBorn": 1989, "exercisedValue": 0, "unexercisedValue": 0}, {"maxAge": 1, "name": "Mr. Christy  John", "age": 59, "title": "Gen. Mang. of Utility", "yearBorn": 1961, "fiscalYear": 2018, "exercisedValue": 0, "unexercisedValue": 0}], "compensationAsOfEpochDate": "2019-12-31 05:30:00", "maxAge": 86400}, "recommendationTrend": {"trend": [{"period": "0m", "strongBuy": 0, "buy": 0, "hold": 0, "sell": 0, "strongSell": 0}, {"period": "-1m", "strongBuy": 0, "buy": 0, "hold": 0, "sell": 0, "strongSell": 0}, {"period": "-2m", "strongBuy": 0, "buy": 0, "hold": 0, "sell": 0, "strongSell": 0}, {"period": "-3m", "strongBuy": 0, "buy": 0, "hold": 0, "sell": 0, "strongSell": 0}], "maxAge": 86400}, "cashflowStatementHistory": {"cashflowStatements": [{"maxAge": 1, "endDate": "2020-03-31", "netIncome": -83415000, "depreciation": 71478000, "changeToNetincome": -7679000, "changeToAccountReceivables": 27000, "changeToLiabilities": -2375000, "changeToOperatingActivities": 16515000, "totalCashFromOperatingActivities": -5449000, "otherCashflowsFromInvestingActivities": 12933000, "totalCashflowsFromInvestingActivities": 15991000, "netBorrowings": 246000, "otherCashflowsFromFinancingActivities": -437000, "totalCashFromFinancingActivities": -191000, "changeInCash": 10371000}, {"maxAge": 1, "endDate": "2019-03-31", "netIncome": -5250130000, "depreciation": 240922000, "changeToNetincome": 4850672000, "changeToAccountReceivables": -58668000, "changeToLiabilities": 233369000, "changeToInventory": 212827000, "changeToOperatingActivities": 95030000, "totalCashFromOperatingActivities": 324469000, "capitalExpenditures": -233786000, "otherCashflowsFromInvestingActivities": 3111000, "totalCashflowsFromInvestingActivities": -228342000, "netBorrowings": -18703000, "otherCashflowsFromFinancingActivities": -99968000, "totalCashFromFinancingActivities": -118671000, "changeInCash": -22546000}, {"maxAge": 1, "endDate": "2018-03-31", "netIncome": -1628352000, "depreciation": 280622000, "changeToNetincome": 1140005000, "changeToAccountReceivables": 83012000, "changeToLiabilities": 343299000, "changeToInventory": 99807000, "changeToOperatingActivities": -29846000, "totalCashFromOperatingActivities": 292267000, "capitalExpenditures": -120475000, "otherCashflowsFromInvestingActivities": 40428000, "totalCashflowsFromInvestingActivities": -80047000, "netBorrowings": -217405000, "otherCashflowsFromFinancingActivities": -32022000, "totalCashFromFinancingActivities": -249427000, "changeInCash": -37207000}, {"maxAge": 1, "endDate": "2017-03-31", "netIncome": -579302000, "depreciation": 291096000, "changeToNetincome": 1088145000, "changeToAccountReceivables": -90829000, "changeToLiabilities": -119978000, "changeToInventory": -112738000, "changeToOperatingActivities": 64743000, "totalCashFromOperatingActivities": 546235000, "capitalExpenditures": -224643000, "otherCashflowsFromInvestingActivities": -57788000, "totalCashflowsFromInvestingActivities": -282429000, "netBorrowings": -188635000, "otherCashflowsFromFinancingActivities": -16600000, "totalCashFromFinancingActivities": -205235000, "changeInCash": 58571000}], "maxAge": 86400}, "indexTrend": {"maxAge": 1, "symbol": "SP5", "peRatio": 19.7411, "pegRatio": 1.34172, "estimates": [{"period": "0q", "growth": 0.549}, {"period": "+1q", "growth": 0.431}, {"period": "0y", "growth": 0.305}, {"period": "+1y", "growth": 0.109}, {"period": "+5y", "growth": 0.120865}, {"period": "-5y"}]}, "defaultKeyStatistics": {"maxAge": 1, "priceHint": 4, "enterpriseValue": 1019646016, "profitMargins": 0.0, "floatShares": 156563705, "sharesOutstanding": 372067008, "heldPercentInsiders": 0.56898, "heldPercentInstitutions": 0.0, "beta": 2.45089, "category": null, "bookValue": -27.25, "fundFamily": null, "legalType": null, "lastFiscalYearEnd": "2020-03-31 05:30:00", "nextFiscalYearEnd": "2022-03-31 05:30:00", "mostRecentQuarter": "2020-03-31 05:30:00", "netIncomeToCommon": -83415000, "trailingEps": -0.22, "lastSplitFactor": null, "enterpriseToRevenue": 125.944, "enterpriseToEbitda": -52.033}, "industryTrend": {"maxAge": 1, "symbol": null, "estimates": []}, "quoteType": {"exchange": "NSI", "quoteType": "EQUITY", "symbol": "INDOSOLAR.NS", "underlyingSymbol": "INDOSOLAR.NS", "shortName": "INDOSOLAR LTD", "longName": "Indosolar Limited", "firstTradeDateEpochUtc": "2010-09-29 09:15:00", "timeZoneFullName": "Asia/Kolkata", "timeZoneShortName": "IST", "uuid": "093d8f93-fa8d-360e-b8c4-243d9c89bc5c", "gmtOffSetMilliseconds": 19800000, "maxAge": 1}, "incomeStatementHistory": {"incomeStatementHistory": [{"maxAge": 1, "endDate": "2020-03-31", "totalRevenue": 0, "costOfRevenue": 0, "grossProfit": 0, "researchDevelopment": {}, "sellingGeneralAdministrative": 3087000, "nonRecurring": {}, "otherOperatingExpenses": 16509000, "totalOperatingExpenses": 91074000, "operatingIncome": -91074000, "totalOtherIncomeExpenseNet": 7659000, "ebit": -91074000, "interestExpense": -437000, "incomeBeforeTax": -83415000, "incomeTaxExpense": 0, "minorityInterest": {}, "netIncomeFromContinuingOps": -83415000, "discontinuedOperations": {}, "extraordinaryItems": {}, "effectOfAccountingCharges": {}, "otherItems": {}, "netIncome": -83415000, "netIncomeApplicableToCommonShares": -83415000}, {"maxAge": 1, "endDate": "2019-03-31", "totalRevenue": 132236000, "costOfRevenue": 178539000, "grossProfit": -46303000, "researchDevelopment": {}, "sellingGeneralAdministrative": 47566000, "nonRecurring": {}, "otherOperatingExpenses": 146341000, "totalOperatingExpenses": 619833000, "operatingIncome": -487597000, "totalOtherIncomeExpenseNet": -4762533000, "ebit": -487597000, "interestExpense": -501267000, "incomeBeforeTax": -5250130000, "incomeTaxExpense": 0, "minorityInterest": {}, "netIncomeFromContinuingOps": -5250130000, "discontinuedOperations": {}, "extraordinaryItems": {}, "effectOfAccountingCharges": {}, "otherItems": {}, "netIncome": -5250130000, "netIncomeApplicableToCommonShares": -5250130000}, {"maxAge": 1, "endDate": "2018-03-31", "totalRevenue": 3141237000, "costOfRevenue": 2813151000, "grossProfit": 328086000, "researchDevelopment": {}, "sellingGeneralAdministrative": 152151000, "nonRecurring": {}, "otherOperatingExpenses": 388698000, "totalOperatingExpenses": 3636379000, "operatingIncome": -495142000, "totalOtherIncomeExpenseNet": -1132978000, "ebit": -495142000, "interestExpense": -521916000, "incomeBeforeTax": -1628120000, "incomeTaxExpense": 232000, "minorityInterest": {}, "netIncomeFromContinuingOps": -1628352000, "discontinuedOperations": {}, "extraordinaryItems": {}, "effectOfAccountingCharges": {}, "otherItems": {}, "netIncome": -1628352000, "netIncomeApplicableToCommonShares": -1628352000}, {"maxAge": 1, "endDate": "2017-03-31", "totalRevenue": 4423109000, "costOfRevenue": 3004596000, "grossProfit": 1418513000, "researchDevelopment": {}, "sellingGeneralAdministrative": 165277000, "nonRecurring": {}, "otherOperatingExpenses": 507303000, "totalOperatingExpenses": 3969351000, "operatingIncome": 453758000, "totalOtherIncomeExpenseNet": -1031637000, "ebit": 453758000, "interestExpense": -1043557000, "incomeBeforeTax": -577879000, "incomeTaxExpense": 1423000, "minorityInterest": {}, "netIncomeFromContinuingOps": -579302000, "discontinuedOperations": {}, "extraordinaryItems": {}, "effectOfAccountingCharges": {}, "otherItems": {}, "netIncome": -579302000, "netIncomeApplicableToCommonShares": -579302000}], "maxAge": 86400}, "fundOwnership": {"ownershipList": [], "maxAge": 1}, "summaryDetail": {"maxAge": 1, "priceHint": 4, "previousClose": 1.8, "open": 1.8, "dayLow": 1.75, "dayHigh": 1.85, "regularMarketPreviousClose": 1.8, "regularMarketOpen": 1.8, "regularMarketDayLow": 1.75, "regularMarketDayHigh": 1.85, "payoutRatio": 0.0, "beta": 2.45089, "volume": 72681, "regularMarketVolume": 72681, "averageVolume": 231171, "averageVolume10days": 302417, "averageDailyVolume10Day": 302417, "bid": 0.0, "ask": 0.0, "bidSize": 0, "askSize": 0, "marketCap": 673441216, "fiftyTwoWeekLow": 0.5, "fiftyTwoWeekHigh": 3.15, "priceToSalesTrailing12Months": 83.18197, "fiftyDayAverage": 2.2454545, "twoHundredDayAverage": 1.7489285, "currency": "INR", "fromCurrency": null, "lastMarket": null, "algorithm": null, "tradeable": false}, "insiderHolders": {"holders": [{"maxAge": 1, "name": "Agarwal (Anand Kumar)", "relation": "Chief Financial Officer", "url": "", "transactionDescription": "Sale", "latestTransDate": "2018-07-30", "positionDirect": 1, "positionDirectDate": "2018-07-30"}, {"maxAge": 1, "name": "Citigroup Global Markets Maurities Pvt. Ltd.", "relation": "Investment Advisor", "url": "", "transactionDescription": "Sale", "latestTransDate": "2010-09-29", "positionDirect": 0, "positionDirectDate": "2010-09-29"}, {"maxAge": 1, "name": "Greenlite Lighting Corporation", "relation": "Promoter", "url": "", "transactionDescription": "Other", "latestTransDate": "2017-12-30", "positionDirect": 74446551, "positionDirectDate": "2017-12-30"}, {"maxAge": 1, "name": "Gupta (Arun Kumar) HUF", "relation": "UNREPORTED", "url": "", "transactionDescription": "Acquisition", "latestTransDate": "2012-11-12", "positionDirect": 70801, "positionDirectDate": "2012-11-12"}, {"maxAge": 1, "name": "Gupta (Priya Desh)", "relation": "Promoter", "url": "", "transactionDescription": "Acquisition", "latestTransDate": "2015-01-06", "positionDirect": 355001, "positionDirectDate": "2015-01-06"}, {"maxAge": 1, "name": "Kumar (Anand)", "relation": "UNREPORTED", "url": "", "transactionDescription": "Acquisition", "latestTransDate": "2017-09-25", "positionDirect": 422262, "positionDirectDate": "2017-09-25"}, {"maxAge": 1, "name": "Kuthari (Gautam Singh)", "relation": "Director (Non-Executive)", "url": "", "transactionDescription": "Acquisition", "latestTransDate": "2015-02-20", "positionDirect": 100000, "positionDirectDate": "2015-02-20"}, {"maxAge": 1, "name": "Vora (Vidyut Manubhai)", "relation": "Director (Non-Executive)", "url": "", "transactionDescription": "Acquisition", "latestTransDate": "2015-02-05", "positionDirect": 25800, "positionDirectDate": "2015-02-05"}], "maxAge": 1}, "calendarEvents": {"maxAge": 1, "earnings": {"earningsDate": []}}, "upgradeDowngradeHistory": {"history": [], "maxAge": 86400}, "price": {"maxAge": 1, "regularMarketChangePercent": 0.0, "regularMarketChange": 0.0, "regularMarketTime": "2021-04-30 15:28:27", "priceHint": 4, "regularMarketPrice": 1.8, "regularMarketDayHigh": 1.85, "regularMarketDayLow": 1.75, "regularMarketVolume": 72681, "averageDailyVolume10Day": 302417, "averageDailyVolume3Month": 231171, "regularMarketPreviousClose": 1.8, "regularMarketSource": "FREE_REALTIME", "regularMarketOpen": 1.8, "exchange": "NSI", "exchangeName": "NSE", "exchangeDataDelayedBy": 15, "marketState": "CLOSED", "quoteType": "EQUITY", "symbol": "INDOSOLAR.NS", "underlyingSymbol": null, "shortName": "INDOSOLAR LTD", "longName": "Indosolar Limited", "currency": "INR", "quoteSourceName": "Delayed Quote", "currencySymbol": "\u20b9", "fromCurrency": null, "lastMarket": null, "marketCap": 673441216}, "balanceSheetHistory": {"balanceSheetStatements": [{"maxAge": 1, "endDate": "2020-03-31", "cash": 47583000, "netReceivables": 9235000, "inventory": 53734000, "otherCurrentAssets": 94899000, "totalCurrentAssets": 205451000, "propertyPlantEquipment": 2301883000, "intangibleAssets": 882000, "otherAssets": 6906000, "totalAssets": 2515122000, "accountsPayable": 854700000, "otherCurrentLiab": 11138586000, "longTermDebt": 57570000, "otherLiab": 4878000, "totalCurrentLiabilities": 12350938000, "totalLiab": 12413386000, "commonStock": 3720671000, "treasuryStock": -13618935000, "otherStockholderEquity": -13618935000, "totalStockholderEquity": -9898264000, "netTangibleAssets": -9899146000}, {"maxAge": 1, "endDate": "2019-03-31", "cash": 6702000, "netReceivables": 7037000, "inventory": 71975000, "otherCurrentAssets": 109197000, "totalCurrentAssets": 194928000, "propertyPlantEquipment": 2372963000, "intangibleAssets": 1279000, "otherAssets": 19373000, "totalAssets": 2588543000, "accountsPayable": 857075000, "shortLongTermDebt": 7871726000, "otherCurrentLiab": 186107000, "longTermDebt": 50072000, "otherLiab": 4879000, "totalCurrentLiabilities": 12340081000, "totalLiab": 12403392000, "commonStock": 3720671000, "retainedEarnings": -15796958000, "treasuryStock": 38424000, "capitalSurplus": 2223014000, "otherStockholderEquity": 38424000, "totalStockholderEquity": -9814849000, "netTangibleAssets": -9816128000}, {"maxAge": 1, "endDate": "2018-03-31", "cash": 29246000, "netReceivables": 29607000, "inventory": 282614000, "otherCurrentAssets": 98442000, "totalCurrentAssets": 442756000, "propertyPlantEquipment": 6838486000, "intangibleAssets": 1726000, "otherAssets": 154219000, "totalAssets": 7437187000, "accountsPayable": 623706000, "shortLongTermDebt": 4798841000, "otherCurrentLiab": 404140000, "longTermDebt": 3036805000, "otherLiab": 4879000, "totalCurrentLiabilities": 8953302000, "totalLiab": 12002483000, "commonStock": 3720671000, "retainedEarnings": -10547405000, "treasuryStock": 38424000, "capitalSurplus": 2223014000, "otherStockholderEquity": 38424000, "totalStockholderEquity": -4565296000, "netTangibleAssets": -4567022000}, {"maxAge": 1, "endDate": "2017-03-31", "cash": 66453000, "netReceivables": 119379000, "inventory": 411979000, "otherCurrentAssets": 145099000, "totalCurrentAssets": 751650000, "propertyPlantEquipment": 10153251000, "intangibleAssets": 731000, "otherAssets": 258179000, "totalAssets": 11163811000, "accountsPayable": 274000000, "shortLongTermDebt": 8701244000, "otherCurrentLiab": 482610000, "longTermDebt": 40824000, "otherLiab": 5655000, "totalCurrentLiabilities": 14100851000, "totalLiab": 14153965000, "commonStock": 3581300000, "retainedEarnings": -8920208000, "treasuryStock": 38424000, "capitalSurplus": 2215330000, "otherStockholderEquity": 38424000, "totalStockholderEquity": -3085154000, "netTangibleAssets": -3085885000}], "maxAge": 86400}, "earningsTrend": {"trend": [{"maxAge": 1, "period": "0q", "endDate": null, "growth": {}, "earningsEstimate": {"avg": 0.0, "low": 0.0, "high": 0.0, "yearAgoEps": {}, "numberOfAnalysts": 0, "growth": {}}, "revenueEstimate": {"avg": 0, "low": 0, "high": 0, "numberOfAnalysts": 0, "yearAgoRevenue": {}, "growth": {}}, "epsTrend": {"current": 0.0, "7daysAgo": 0.0, "30daysAgo": 0.0, "60daysAgo": 0.0, "90daysAgo": 0.0}, "epsRevisions": {"upLast7days": 0, "upLast30days": 0, "downLast30days": 0, "downLast90days": {}}}, {"maxAge": 1, "period": "+1q", "endDate": null, "growth": {}, "earningsEstimate": {"avg": 0.0, "low": 0.0, "high": 0.0, "yearAgoEps": {}, "numberOfAnalysts": 0, "growth": {}}, "revenueEstimate": {"avg": 0, "low": 0, "high": 0, "numberOfAnalysts": 0, "yearAgoRevenue": {}, "growth": {}}, "epsTrend": {"current": 0.0, "7daysAgo": 0.0, "30daysAgo": 0.0, "60daysAgo": 0.0, "90daysAgo": 0.0}, "epsRevisions": {"upLast7days": 0, "upLast30days": 0, "downLast30days": 0, "downLast90days": {}}}, {"maxAge": 1, "period": "0y", "endDate": null, "growth": {}, "earningsEstimate": {"avg": 0.0, "low": 0.0, "high": 0.0, "yearAgoEps": {}, "numberOfAnalysts": 0, "growth": {}}, "revenueEstimate": {"avg": 0, "low": 0, "high": 0, "numberOfAnalysts": 0, "yearAgoRevenue": {}, "growth": {}}, "epsTrend": {"current": 0.0, "7daysAgo": 0.0, "30daysAgo": 0.0, "60daysAgo": 0.0, "90daysAgo": 0.0}, "epsRevisions": {"upLast7days": 0, "upLast30days": 0, "downLast30days": 0, "downLast90days": {}}}, {"maxAge": 1, "period": "+1y", "endDate": null, "growth": {}, "earningsEstimate": {"avg": 0.0, "low": 0.0, "high": 0.0, "yearAgoEps": {}, "numberOfAnalysts": 0, "growth": {}}, "revenueEstimate": {"avg": 0, "low": 0, "high": 0, "numberOfAnalysts": 0, "yearAgoRevenue": {}, "growth": {}}, "epsTrend": {"current": 0.0, "7daysAgo": 0.0, "30daysAgo": 0.0, "60daysAgo": 0.0, "90daysAgo": 0.0}, "epsRevisions": {"upLast7days": 0, "upLast30days": 0, "downLast30days": 0, "downLast90days": {}}}, {"maxAge": 1, "period": "+5y", "endDate": null, "growth": {}, "earningsEstimate": {"avg": {}, "low": {}, "high": {}, "yearAgoEps": {}, "numberOfAnalysts": {}, "growth": {}}, "revenueEstimate": {"avg": {}, "low": {}, "high": {}, "numberOfAnalysts": {}, "yearAgoRevenue": {}, "growth": {}}, "epsTrend": {"current": {}, "7daysAgo": {}, "30daysAgo": {}, "60daysAgo": {}, "90daysAgo": {}}, "epsRevisions": {"upLast7days": {}, "upLast30days": {}, "downLast30days": {}, "downLast90days": {}}}, {"maxAge": 1, "period": "-5y", "endDate": null, "growth": {}, "earningsEstimate": {"avg": {}, "low": {}, "high": {}, "yearAgoEps": {}, "numberOfAnalysts": {}, "growth": {}}, "revenueEstimate": {"avg": {}, "low": {}, "high": {}, "numberOfAnalysts": {}, "yearAgoRevenue": {}, "growth": {}}, "epsTrend": {"current": {}, "7daysAgo": {}, "30daysAgo": {}, "60daysAgo": {}, "90daysAgo": {}}, "epsRevisions": {"upLast7days": {}, "upLast30days": {}, "downLast30days": {}, "downLast90days": {}}}], "maxAge": 1}, "institutionOwnership": {"ownershipList": [], "maxAge": 1}, "majorHoldersBreakdown": {"maxAge": 1, "insidersPercentHeld": 0.56898, "institutionsPercentHeld": 0.0, "institutionsFloatPercentHeld": 0.0, "institutionsCount": 0}, "balanceSheetHistoryQuarterly": {"balanceSheetStatements": [{"maxAge": 1, "endDate": "2020-03-31", "cash": 47583000, "netReceivables": 9235000, "inventory": 53734000, "otherCurrentAssets": 94899000, "totalCurrentAssets": 205451000, "propertyPlantEquipment": 2301883000, "intangibleAssets": 882000, "otherAssets": 6906000, "totalAssets": 2515122000, "accountsPayable": 854700000, "otherCurrentLiab": 11138586000, "longTermDebt": 57570000, "otherLiab": 4878000, "totalCurrentLiabilities": 12350938000, "totalLiab": 12413386000, "commonStock": 3720671000, "treasuryStock": -13618935000, "otherStockholderEquity": -13618935000, "totalStockholderEquity": -9898264000, "netTangibleAssets": -9899146000}, {"maxAge": 1, "endDate": "2019-12-31"}, {"maxAge": 1, "endDate": "2019-09-30", "cash": 47471000, "netReceivables": 8121000, "inventory": 53734000, "otherCurrentAssets": 84317000, "totalCurrentAssets": 193643000, "propertyPlantEquipment": 2334184000, "intangibleAssets": 1055000, "otherAssets": 19373000, "totalAssets": 2548255000, "accountsPayable": 854338000, "otherCurrentLiab": 11128805000, "longTermDebt": 58432000, "otherLiab": 4879000, "totalCurrentLiabilities": 12340795000, "totalLiab": 12404106000, "commonStock": 3720671000, "treasuryStock": -13576522000, "otherStockholderEquity": -13576522000, "totalStockholderEquity": -9855851000, "netTangibleAssets": -9856906000}, {"maxAge": 1, "endDate": "2019-06-30", "totalStockholderEquity": -9814849000, "netTangibleAssets": -9816128000}], "maxAge": 86400}, "earningsHistory": {"history": [{"maxAge": 1, "epsActual": {}, "epsEstimate": {}, "epsDifference": {}, "surprisePercent": {}, "quarter": {}, "period": "-4q"}, {"maxAge": 1, "epsActual": {}, "epsEstimate": {}, "epsDifference": {}, "surprisePercent": {}, "quarter": {}, "period": "-3q"}, {"maxAge": 1, "epsActual": {}, "epsEstimate": {}, "epsDifference": {}, "surprisePercent": {}, "quarter": {}, "period": "-2q"}, {"maxAge": 1, "epsActual": {}, "epsEstimate": {}, "epsDifference": {}, "surprisePercent": {}, "quarter": {}, "period": "-1q"}], "maxAge": 86400}, "summaryProfile": {"address1": "C-12 Friends Colony (East)", "city": "New Delhi", "zip": "110065", "country": "India", "phone": "91 11 2684 1375", "fax": "91 11 2684 3949", "website": "http://www.indosolar.co.in", "industry": "Solar", "sector": "Technology", "longBusinessSummary": "Indosolar Limited is under corporate insolvency resolution process. Previously, it was engaged in the manufacture and sale of solar photovoltaic cells. The company was incorporated in 2005 and is based in New Delhi, India.", "companyOfficers": [], "maxAge": 86400}, "netSharePurchaseActivity": {"maxAge": 1, "period": "6m", "buyInfoCount": 0, "buyInfoShares": 0, "sellInfoCount": 0, "netInfoCount": 0, "netInfoShares": 0, "netPercentInsiderShares": 0.0, "totalInsiderShares": 206676288}, "insiderTransactions": {"transactions": [{"maxAge": 1, "shares": 600261, "filerUrl": "", "transactionText": "", "filerName": "Agarwal (Anand Kumar)", "filerRelation": "Chief Financial Officer", "moneyText": "", "startDate": "2018-07-30", "ownership": "D"}, {"maxAge": 1, "shares": 70805972, "filerUrl": "", "transactionText": "", "filerName": "Greenlite Lighting Corporation", "filerRelation": "Promoter", "moneyText": "", "startDate": "2017-12-30", "ownership": "D"}, {"maxAge": 1, "shares": 199300, "filerUrl": "", "transactionText": "", "filerName": "Agarwal (Anand Kumar)", "filerRelation": "Chief Financial Officer", "moneyText": "", "startDate": "2017-12-27", "ownership": "D"}, {"maxAge": 1, "shares": 21300, "filerUrl": "", "transactionText": "", "filerName": "Kumar (Anand)", "filerRelation": "UNREPORTED", "moneyText": "", "startDate": "2017-09-25", "ownership": "D"}, {"maxAge": 1, "shares": 200561, "filerUrl": "", "transactionText": "", "filerName": "Agarwal (Anand Kumar)", "filerRelation": "Chief Financial Officer", "moneyText": "", "startDate": "2017-08-01", "ownership": "D"}, {"maxAge": 1, "shares": 500000, "filerUrl": "", "transactionText": "", "filerName": "Agarwal (Anand Kumar)", "filerRelation": "Chief Financial Officer", "moneyText": "", "startDate": "2017-05-16", "ownership": "D"}, {"maxAge": 1, "shares": 175400, "filerUrl": "", "transactionText": "", "filerName": "Agarwal (Anand Kumar)", "filerRelation": "Chief Financial Officer", "moneyText": "", "startDate": "2017-01-06", "ownership": "D"}, {"maxAge": 1, "shares": 150000, "filerUrl": "", "transactionText": "", "filerName": "Agarwal (Anand Kumar)", "filerRelation": "Chief Financial Officer", "moneyText": "", "startDate": "2016-06-30", "ownership": "D"}, {"maxAge": 1, "shares": 574000, "filerUrl": "", "transactionText": "", "filerName": "Agarwal (Anand Kumar)", "filerRelation": "Chief Financial Officer", "moneyText": "", "startDate": "2016-05-19", "ownership": "D"}, {"maxAge": 1, "shares": 61959894, "filerUrl": "", "transactionText": "", "filerName": "Greenlite Lighting Corporation", "filerRelation": "Promoter", "moneyText": "", "startDate": "2015-12-14", "ownership": "D"}, {"maxAge": 1, "shares": 15000, "filerUrl": "", "transactionText": "", "filerName": "Kuthari (Gautam Singh)", "filerRelation": "Director (Non-Executive)", "moneyText": "", "startDate": "2015-02-20", "ownership": "D"}, {"maxAge": 1, "shares": 25000, "filerUrl": "", "transactionText": "", "filerName": "Kuthari (Gautam Singh)", "filerRelation": "Director (Non-Executive)", "moneyText": "", "startDate": "2015-02-12", "ownership": "D"}, {"maxAge": 1, "shares": 19250, "filerUrl": "", "transactionText": "", "filerName": "Vora (Vidyut Manubhai)", "filerRelation": "Director (Non-Executive)", "moneyText": "", "startDate": "2015-02-05", "ownership": "D"}, {"maxAge": 1, "shares": 0, "filerUrl": "", "transactionText": "", "filerName": "Vora (Vidyut Manubhai)", "filerRelation": "Director (Non-Executive)", "moneyText": "", "startDate": "2015-02-05", "ownership": "I"}, {"maxAge": 1, "shares": 30000, "filerUrl": "", "transactionText": "", "filerName": "Kuthari (Gautam Singh)", "filerRelation": "Director (Non-Executive)", "moneyText": "", "startDate": "2015-01-09", "ownership": "D"}, {"maxAge": 1, "shares": 355000, "filerUrl": "", "transactionText": "", "filerName": "Gupta (Priya Desh)", "filerRelation": "Promoter", "moneyText": "", "startDate": "2015-01-06", "ownership": "D"}, {"maxAge": 1, "shares": 20485973, "filerUrl": "", "transactionText": "", "filerName": "Greenlite Lighting Corporation", "filerRelation": "Promoter", "moneyText": "", "startDate": "2014-10-13", "ownership": "D"}, {"maxAge": 1, "shares": 30000, "filerUrl": "", "transactionText": "", "filerName": "Kuthari (Gautam Singh)", "filerRelation": "Director (Non-Executive)", "moneyText": "", "startDate": "2014-07-31", "ownership": "D"}, {"maxAge": 1, "shares": 45050, "filerUrl": "", "transactionText": "", "filerName": "Vora (Vidyut Manubhai)", "filerRelation": "Director (Non-Executive)", "moneyText": "", "startDate": "2014-02-13", "ownership": "D"}, {"maxAge": 1, "shares": 10000, "filerUrl": "", "transactionText": "", "filerName": "Gupta (Arun Kumar) HUF", "filerRelation": "UNREPORTED", "moneyText": "", "startDate": "2012-11-12", "ownership": "D"}, {"maxAge": 1, "shares": 20000, "filerUrl": "", "transactionText": "", "filerName": "Gupta (Arun Kumar) HUF", "filerRelation": "UNREPORTED", "moneyText": "", "startDate": "2012-11-09", "ownership": "D"}, {"maxAge": 1, "shares": 39001, "filerUrl": "", "transactionText": "", "filerName": "Gupta (Arun Kumar) HUF", "filerRelation": "UNREPORTED", "moneyText": "", "startDate": "2012-11-06", "ownership": "D"}, {"maxAge": 1, "shares": 1800, "filerUrl": "", "transactionText": "", "filerName": "Gupta (Arun Kumar) HUF", "filerRelation": "UNREPORTED", "moneyText": "", "startDate": "2012-03-31", "ownership": "D"}, {"maxAge": 1, "shares": 50000, "filerUrl": "", "transactionText": "", "filerName": "Agarwal (Anand Kumar)", "filerRelation": "UNREPORTED", "moneyText": "", "startDate": "2010-10-07", "ownership": "D"}, {"maxAge": 1, "shares": 1000, "filerUrl": "", "transactionText": "", "filerName": "Agarwal (Anand Kumar)", "filerRelation": "UNREPORTED", "moneyText": "", "startDate": "2010-09-30", "ownership": "D"}, {"maxAge": 1, "shares": 4000000, "filerUrl": "", "transactionText": "", "filerName": "Citigroup Global Markets Maurities Pvt. Ltd.", "filerRelation": "Investment Advisor", "moneyText": "", "startDate": "2010-09-29", "ownership": "D"}, {"maxAge": 1, "shares": 4500000, "filerUrl": "", "transactionText": "", "filerName": "Citigroup Global Markets Maurities Pvt. Ltd.", "filerRelation": "Investment Advisor", "moneyText": "", "startDate": "2010-09-29", "ownership": "D"}, {"maxAge": 1, "shares": 50000, "filerUrl": "", "transactionText": "", "filerName": "Agarwal (Anand Kumar)", "filerRelation": "UNREPORTED", "moneyText": "", "startDate": "2010-09-29", "ownership": "D"}, {"maxAge": 1, "shares": 10289590, "filerUrl": "", "transactionText": "", "filerName": "Citigroup Global Markets Maurities Pvt. Ltd.", "filerRelation": "Investment Advisor", "moneyText": "", "startDate": "2010-09-29", "ownership": "D"}, {"maxAge": 1, "shares": 7914177, "filerUrl": "", "transactionText": "", "filerName": "Citigroup Global Markets Maurities Pvt. Ltd.", "filerRelation": "Investment Advisor", "moneyText": "", "startDate": "2010-09-29", "ownership": "D"}, {"maxAge": 1, "shares": 22203767, "filerUrl": "", "transactionText": "", "filerName": "Citigroup Global Markets Maurities Pvt. Ltd.", "filerRelation": "Investment Advisor", "moneyText": "", "startDate": "2010-09-27", "ownership": "D"}], "maxAge": 1}, "sectorTrend": {"maxAge": 1, "symbol": null, "estimates": []}, "incomeStatementHistoryQuarterly": {"incomeStatementHistory": [{"maxAge": 1, "endDate": "2020-03-31", "totalRevenue": -3063000, "costOfRevenue": 0, "grossProfit": -3063000, "researchDevelopment": {}, "sellingGeneralAdministrative": {}, "nonRecurring": {}, "otherOperatingExpenses": 15099000, "totalOperatingExpenses": 15099000, "operatingIncome": -18162000, "totalOtherIncomeExpenseNet": 0, "ebit": -18162000, "interestExpense": {}, "incomeBeforeTax": -18162000, "incomeTaxExpense": 0, "minorityInterest": {}, "netIncomeFromContinuingOps": -18162000, "discontinuedOperations": {}, "extraordinaryItems": {}, "effectOfAccountingCharges": {}, "otherItems": {}, "netIncome": -18162000, "netIncomeApplicableToCommonShares": -18162000}, {"maxAge": 1, "endDate": "2019-12-31", "totalRevenue": 0, "costOfRevenue": 0, "grossProfit": 0, "researchDevelopment": {}, "sellingGeneralAdministrative": 958000, "nonRecurring": {}, "otherOperatingExpenses": 4542000, "totalOperatingExpenses": 24556000, "operatingIncome": -24556000, "totalOtherIncomeExpenseNet": 304000, "ebit": -24556000, "interestExpense": -2000, "incomeBeforeTax": -24252000, "incomeTaxExpense": 0, "minorityInterest": {}, "netIncomeFromContinuingOps": -24252000, "discontinuedOperations": {}, "extraordinaryItems": {}, "effectOfAccountingCharges": {}, "otherItems": {}, "netIncome": -24252000, "netIncomeApplicableToCommonShares": -24252000}, {"maxAge": 1, "endDate": "2019-09-30", "totalRevenue": 0, "costOfRevenue": 0, "grossProfit": 0, "researchDevelopment": {}, "sellingGeneralAdministrative": 739000, "nonRecurring": {}, "otherOperatingExpenses": 4084000, "totalOperatingExpenses": 23893000, "operatingIncome": -23893000, "totalOtherIncomeExpenseNet": 3840000, "ebit": -23893000, "interestExpense": -45000, "incomeBeforeTax": -20053000, "incomeTaxExpense": 0, "minorityInterest": {}, "netIncomeFromContinuingOps": -20053000, "discontinuedOperations": {}, "extraordinaryItems": {}, "effectOfAccountingCharges": {}, "otherItems": {}, "netIncome": -20053000, "netIncomeApplicableToCommonShares": -20053000}, {"maxAge": 1, "endDate": "2019-06-30", "totalRevenue": 0, "costOfRevenue": 0, "grossProfit": 0, "researchDevelopment": {}, "sellingGeneralAdministrative": 466000, "nonRecurring": {}, "otherOperatingExpenses": 1392000, "totalOperatingExpenses": 21790000, "operatingIncome": -21790000, "totalOtherIncomeExpenseNet": 842000, "ebit": -21790000, "interestExpense": -45000, "incomeBeforeTax": -20948000, "incomeTaxExpense": 0, "minorityInterest": {}, "netIncomeFromContinuingOps": -20948000, "discontinuedOperations": {}, "extraordinaryItems": {}, "effectOfAccountingCharges": {}, "otherItems": {}, "netIncome": -20948000, "netIncomeApplicableToCommonShares": -20948000}], "maxAge": 86400}, "cashflowStatementHistoryQuarterly": {"cashflowStatements": [{"maxAge": 1, "endDate": "2020-03-31", "netIncome": -18162000, "changeToLiabilities": 0}, {"maxAge": 1, "endDate": "2019-12-31", "netIncome": -24252000, "changeToLiabilities": 0}, {"maxAge": 1, "endDate": "2019-09-30", "netIncome": -20053000, "changeToLiabilities": 0}, {"maxAge": 1, "endDate": "2019-06-30", "netIncome": -20948000, "changeToLiabilities": 0}], "maxAge": 86400}, "earnings": {"maxAge": 86400, "earningsChart": {"quarterly": [], "earningsDate": []}, "financialsChart": {"yearly": [{"date": 2017, "revenue": 4423109000, "earnings": -579302000}, {"date": 2018, "revenue": 3141237000, "earnings": -1628352000}, {"date": 2019, "revenue": 132236000, "earnings": -5250130000}, {"date": 2020, "revenue": 0, "earnings": -83415000}], "quarterly": [{"date": "2Q2019", "revenue": 0, "earnings": -20948000}, {"date": "3Q2019", "revenue": 0, "earnings": -20053000}, {"date": "4Q2019", "revenue": 0, "earnings": -24252000}, {"date": "1Q2020", "revenue": -3063000, "earnings": -18162000}]}, "financialCurrency": "INR"}, "financialData": {"maxAge": 86400, "currentPrice": 1.8, "recommendationKey": "none", "totalCash": 47583000, "totalCashPerShare": 0.131, "ebitda": -19596000, "totalDebt": 413396992, "quickRatio": 0.005, "currentRatio": 0.017, "totalRevenue": 8096000, "revenuePerShare": 0.021, "returnOnAssets": -0.02231, "freeCashflow": 7927962624, "operatingCashflow": -5449000, "grossMargins": 1.0, "ebitdaMargins": -1.47443, "operatingMargins": -11.24926, "profitMargins": 0.0, "financialCurrency": "INR"}}}