{"INDPRUD.BO": {"cashflowStatementHistory": {"cashflowStatements": [{"maxAge": 1, "endDate": "2020-03-31", "netIncome": 244472000, "changeToNetincome": -189576000, "changeToAccountReceivables": 22040000, "changeToLiabilities": -3875000, "totalCashFromOperatingActivities": 73061000, "investments": -66412000, "totalCashflowsFromInvestingActivities": -20439000, "dividendsPaid": -43633000, "otherCashflowsFromFinancingActivities": -8969000, "totalCashFromFinancingActivities": -52602000, "changeInCash": 20000}, {"maxAge": 1, "endDate": "2019-03-31", "netIncome": 189187000, "depreciation": 8000, "changeToNetincome": -120477000, "changeToAccountReceivables": -19951000, "changeToLiabilities": 1389000, "totalCashFromOperatingActivities": 50156000, "investments": 4644000, "totalCashflowsFromInvestingActivities": 4644000, "dividendsPaid": -43633000, "otherCashflowsFromFinancingActivities": -8969000, "totalCashFromFinancingActivities": -52602000, "changeInCash": 2198000}, {"maxAge": 1, "endDate": "2018-03-31", "netIncome": 199534000, "depreciation": 9000, "changeToNetincome": -144516000, "changeToAccountReceivables": -2992000, "changeToLiabilities": -1179000, "totalCashFromOperatingActivities": 50856000, "capitalExpenditures": -28000, "investments": -9883000, "totalCashflowsFromInvestingActivities": -9911000, "dividendsPaid": -43633000, "otherCashflowsFromFinancingActivities": -8883000, "totalCashFromFinancingActivities": -52516000, "changeInCash": -11571000}, {"maxAge": 1, "endDate": "2017-03-31", "netIncome": 210170000, "depreciation": 129000, "changeToNetincome": -159967000, "changeToAccountReceivables": -152000, "changeToLiabilities": 1224000, "totalCashFromOperatingActivities": 51404000, "capitalExpenditures": -28000, "investments": 26464000, "totalCashflowsFromInvestingActivities": 26464000, "dividendsPaid": -56533000, "otherCashflowsFromFinancingActivities": -11844000, "totalCashFromFinancingActivities": -68377000, "changeInCash": 9491000}], "maxAge": 86400}, "institutionOwnership": {"maxAge": 1, "ownershipList": []}, "balanceSheetHistoryQuarterly": {"balanceSheetStatements": [{"maxAge": 1, "endDate": "2020-06-30", "totalStockholderEquity": 3232173000, "netTangibleAssets": 3232173000}, {"maxAge": 1, "endDate": "2020-03-31", "cash": 11861000, "otherCurrentAssets": 15437000, "totalCurrentAssets": 2095760000, "longTermInvestments": 1927998000, "propertyPlantEquipment": 20000, "totalAssets": 4023778000, "accountsPayable": 1290000, "otherCurrentLiab": 10162000, "otherLiab": 780153000, "totalCurrentLiabilities": 11452000, "totalLiab": 791605000, "commonStock": 17453000, "retainedEarnings": 1894482000, "treasuryStock": 1320238000, "otherStockholderEquity": 1320238000, "totalStockholderEquity": 3232173000, "netTangibleAssets": 3232173000}, {"maxAge": 1, "endDate": "2019-12-31", "totalStockholderEquity": 4037757000, "netTangibleAssets": 4037757000}, {"maxAge": 1, "endDate": "2019-09-30", "cash": 29801000, "totalCurrentAssets": 29801000, "longTermInvestments": 4368227000, "propertyPlantEquipment": 20000, "totalAssets": 4398048000, "accountsPayable": 289000, "otherCurrentLiab": 3722000, "otherLiab": 355330000, "totalCurrentLiabilities": 4961000, "totalLiab": 360291000, "commonStock": 17456000, "treasuryStock": 4020301000, "otherStockholderEquity": 4020301000, "totalStockholderEquity": 4037757000, "netTangibleAssets": 4037757000}], "maxAge": 86400}, "indexTrend": {"maxAge": 1, "symbol": "SP5", "peRatio": 19.7411, "pegRatio": 1.34172, "estimates": [{"period": "0q", "growth": 0.549}, {"period": "+1q", "growth": 0.431}, {"period": "0y", "growth": 0.305}, {"period": "+1y", "growth": 0.109}, {"period": "+5y", "growth": 0.120859005}, {"period": "-5y"}]}, "quoteType": {"exchange": "BSE", "quoteType": "EQUITY", "symbol": "INDPRUD.BO", "underlyingSymbol": "INDPRUD.BO", "shortName": "INDUSTRIAL & PRUDENTIAL INVEST", "longName": "Industrial & Prudential Investment Company Limited", "firstTradeDateEpochUtc": "2002-09-24 09:15:00", "timeZoneFullName": "Asia/Kolkata", "timeZoneShortName": "IST", "uuid": "73ac0bc2-31c3-36db-b43e-a480b12d80f5", "messageBoardId": null, "gmtOffSetMilliseconds": 19800000, "maxAge": 1}, "incomeStatementHistory": {"incomeStatementHistory": [{"maxAge": 1, "endDate": "2020-03-31", "totalRevenue": 33623000, "costOfRevenue": 61000, "grossProfit": 33562000, "researchDevelopment": {}, "sellingGeneralAdministrative": 655000, "nonRecurring": {}, "otherOperatingExpenses": 6651000, "totalOperatingExpenses": 7367000, "operatingIncome": 26256000, "totalOtherIncomeExpenseNet": 236843000, "ebit": 26256000, "interestExpense": {}, "incomeBeforeTax": 263099000, "incomeTaxExpense": 18627000, "minorityInterest": {}, "netIncomeFromContinuingOps": 244472000, "discontinuedOperations": {}, "extraordinaryItems": {}, "effectOfAccountingCharges": {}, "otherItems": {}, "netIncome": 244472000, "netIncomeApplicableToCommonShares": 244472000}, {"maxAge": 1, "endDate": "2019-03-31", "totalRevenue": 57099000, "costOfRevenue": 240000, "grossProfit": 56859000, "researchDevelopment": {}, "sellingGeneralAdministrative": 628000, "nonRecurring": {}, "otherOperatingExpenses": 5524000, "totalOperatingExpenses": 6400000, "operatingIncome": 50699000, "totalOtherIncomeExpenseNet": 151176000, "ebit": 50699000, "interestExpense": {}, "incomeBeforeTax": 201875000, "incomeTaxExpense": 12688000, "minorityInterest": {}, "netIncomeFromContinuingOps": 189187000, "discontinuedOperations": {}, "extraordinaryItems": {}, "effectOfAccountingCharges": {}, "otherItems": {}, "netIncome": 189187000, "netIncomeApplicableToCommonShares": 189187000}, {"maxAge": 1, "endDate": "2018-03-31", "totalRevenue": 53476000, "costOfRevenue": 234000, "grossProfit": 53242000, "researchDevelopment": {}, "sellingGeneralAdministrative": 658000, "nonRecurring": {}, "otherOperatingExpenses": 5672000, "totalOperatingExpenses": 6573000, "operatingIncome": 46903000, "totalOtherIncomeExpenseNet": 155839000, "ebit": 46903000, "interestExpense": {}, "incomeBeforeTax": 202742000, "incomeTaxExpense": 3208000, "minorityInterest": {}, "netIncomeFromContinuingOps": 199534000, "discontinuedOperations": {}, "extraordinaryItems": {}, "effectOfAccountingCharges": {}, "otherItems": {}, "netIncome": 199534000, "netIncomeApplicableToCommonShares": 199534000}, {"maxAge": 1, "endDate": "2017-03-31", "totalRevenue": 83469000, "costOfRevenue": 244000, "grossProfit": 83225000, "researchDevelopment": {}, "sellingGeneralAdministrative": 1494000, "nonRecurring": {}, "otherOperatingExpenses": 7154000, "totalOperatingExpenses": 9021000, "operatingIncome": 74448000, "totalOtherIncomeExpenseNet": 138822000, "ebit": 74448000, "interestExpense": {}, "incomeBeforeTax": 213270000, "incomeTaxExpense": 3100000, "minorityInterest": {}, "netIncomeFromContinuingOps": 210170000, "discontinuedOperations": {}, "extraordinaryItems": {}, "effectOfAccountingCharges": {}, "otherItems": {}, "netIncome": 210170000, "netIncomeApplicableToCommonShares": 210170000}], "maxAge": 86400}, "fundOwnership": {"maxAge": 1, "ownershipList": []}, "summaryDetail": {"maxAge": 1, "priceHint": 2, "previousClose": 1152.8, "open": 1190.1, "dayLow": 1140.0, "dayHigh": 1190.1, "regularMarketPreviousClose": 1152.8, "regularMarketOpen": 1190.1, "regularMarketDayLow": 1140.0, "regularMarketDayHigh": 1190.1, "trailingPE": 10.246532, "volume": 170, "regularMarketVolume": 170, "averageVolume": 454, "averageVolume10days": 293, "averageDailyVolume10Day": 293, "bid": 1140.0, "ask": 1170.0, "bidSize": 0, "askSize": 0, "marketCap": 2000683264, "fiftyTwoWeekLow": 694.0, "fiftyTwoWeekHigh": 1190.1, "fiftyDayAverage": 1100.5443, "twoHundredDayAverage": 963.31714, "trailingAnnualDividendRate": 25.0, "trailingAnnualDividendYield": 0.021686329, "currency": "INR", "fromCurrency": null, "toCurrency": null, "lastMarket": null, "algorithm": null, "tradeable": false}, "incomeStatementHistoryQuarterly": {"incomeStatementHistory": [{"maxAge": 1, "endDate": "2020-06-30", "totalRevenue": 34558000, "costOfRevenue": 0, "grossProfit": 34558000, "researchDevelopment": {}, "sellingGeneralAdministrative": 196000, "nonRecurring": {}, "otherOperatingExpenses": 934000, "totalOperatingExpenses": 1130000, "operatingIncome": 33428000, "totalOtherIncomeExpenseNet": 23173000, "ebit": 33428000, "interestExpense": {}, "incomeBeforeTax": 56601000, "incomeTaxExpense": 564000, "minorityInterest": {}, "netIncomeFromContinuingOps": 56037000, "discontinuedOperations": {}, "extraordinaryItems": {}, "effectOfAccountingCharges": {}, "otherItems": {}, "netIncome": 56037000, "netIncomeApplicableToCommonShares": 56037000}, {"maxAge": 1, "endDate": "2020-03-31", "totalRevenue": -18578000, "costOfRevenue": 61000, "grossProfit": -18639000, "researchDevelopment": {}, "sellingGeneralAdministrative": 189000, "nonRecurring": {}, "otherOperatingExpenses": 2440000, "totalOperatingExpenses": 2690000, "operatingIncome": -21268000, "totalOtherIncomeExpenseNet": 46305000, "ebit": -21268000, "interestExpense": {}, "incomeBeforeTax": 25037000, "incomeTaxExpense": 4844000, "minorityInterest": {}, "netIncomeFromContinuingOps": 20193000, "discontinuedOperations": {}, "extraordinaryItems": {}, "effectOfAccountingCharges": {}, "otherItems": {}, "netIncome": 20193000, "netIncomeApplicableToCommonShares": 20193000}, {"maxAge": 1, "endDate": "2019-12-31", "totalRevenue": 24196000, "costOfRevenue": 0, "grossProfit": 24196000, "researchDevelopment": {}, "sellingGeneralAdministrative": 154000, "nonRecurring": {}, "otherOperatingExpenses": 1120000, "totalOperatingExpenses": 1274000, "operatingIncome": 22922000, "totalOtherIncomeExpenseNet": 0, "ebit": 22922000, "interestExpense": {}, "incomeBeforeTax": 22922000, "incomeTaxExpense": 2477000, "minorityInterest": {}, "netIncomeFromContinuingOps": 20445000, "discontinuedOperations": {}, "extraordinaryItems": {}, "effectOfAccountingCharges": {}, "otherItems": {}, "netIncome": 20445000, "netIncomeApplicableToCommonShares": 20445000}, {"maxAge": 1, "endDate": "2019-09-30", "totalRevenue": 9323000, "costOfRevenue": 0, "grossProfit": 9323000, "researchDevelopment": {}, "sellingGeneralAdministrative": 165000, "nonRecurring": {}, "otherOperatingExpenses": 1638000, "totalOperatingExpenses": 1803000, "operatingIncome": 7520000, "totalOtherIncomeExpenseNet": 89715000, "ebit": 7520000, "interestExpense": {}, "incomeBeforeTax": 97235000, "incomeTaxExpense": -1358000, "minorityInterest": {}, "netIncomeFromContinuingOps": 98593000, "discontinuedOperations": {}, "extraordinaryItems": {}, "effectOfAccountingCharges": {}, "otherItems": {}, "netIncome": 98593000, "netIncomeApplicableToCommonShares": 98593000}], "maxAge": 86400}, "cashflowStatementHistoryQuarterly": {"cashflowStatements": [{"maxAge": 1, "endDate": "2020-06-30", "netIncome": 56037000, "changeToLiabilities": 0}, {"maxAge": 1, "endDate": "2020-03-31", "netIncome": 20193000, "changeToLiabilities": 0}, {"maxAge": 1, "endDate": "2019-12-31", "netIncome": 20445000, "changeToLiabilities": 0}, {"maxAge": 1, "endDate": "2019-09-30", "netIncome": 98593000, "changeToLiabilities": 0}], "maxAge": 86400}, "insiderHolders": {"holders": [], "maxAge": 1}, "calendarEvents": {"maxAge": 1, "earnings": {"earningsDate": ["2020-09-14 05:30:S"]}}, "price": {"maxAge": 1, "regularMarketChangePercent": -0.005638445, "regularMarketChange": -6.5, "regularMarketTime": "2021-04-30 15:09:22", "priceHint": 2, "regularMarketPrice": 1146.3, "regularMarketDayHigh": 1190.1, "regularMarketDayLow": 1140.0, "regularMarketVolume": 170, "averageDailyVolume10Day": 293, "averageDailyVolume3Month": 454, "regularMarketPreviousClose": 1152.8, "regularMarketSource": "FREE_REALTIME", "regularMarketOpen": 1190.1, "exchange": "BSE", "exchangeName": "BSE", "exchangeDataDelayedBy": 0, "marketState": "CLOSED", "quoteType": "EQUITY", "symbol": "INDPRUD.BO", "underlyingSymbol": null, "shortName": "INDUSTRIAL & PRUDENTIAL INVEST", "longName": "Industrial & Prudential Investment Company Limited", "currency": "INR", "quoteSourceName": "Delayed Quote", "currencySymbol": "\u20b9", "fromCurrency": null, "toCurrency": null, "lastMarket": null, "marketCap": 2000683264}, "balanceSheetHistory": {"balanceSheetStatements": [{"maxAge": 1, "endDate": "2020-03-31", "cash": 11861000, "otherCurrentAssets": 15437000, "totalCurrentAssets": 2095760000, "longTermInvestments": 1927998000, "propertyPlantEquipment": 20000, "totalAssets": 4023778000, "accountsPayable": 1290000, "otherCurrentLiab": 10162000, "otherLiab": 780153000, "totalCurrentLiabilities": 11452000, "totalLiab": 791605000, "commonStock": 17453000, "retainedEarnings": 1894482000, "treasuryStock": 1320238000, "otherStockholderEquity": 1320238000, "totalStockholderEquity": 3232173000, "netTangibleAssets": 3232173000}, {"maxAge": 1, "endDate": "2019-03-31", "cash": 11841000, "netReceivables": 21928000, "otherCurrentAssets": 12963000, "totalCurrentAssets": 2309748000, "longTermInvestments": 1847007000, "propertyPlantEquipment": 37000, "totalAssets": 4156792000, "accountsPayable": 1179000, "otherCurrentLiab": 9853000, "otherLiab": 835358000, "totalCurrentLiabilities": 12582000, "totalLiab": 847940000, "commonStock": 17453000, "retainedEarnings": 1671047000, "treasuryStock": 1620352000, "otherStockholderEquity": 1620352000, "totalStockholderEquity": 3308852000, "netTangibleAssets": 3308852000}, {"maxAge": 1, "endDate": "2018-03-31", "cash": 17370000, "otherCurrentAssets": 5316000, "totalCurrentAssets": 22686000, "longTermInvestments": 1971478000, "propertyPlantEquipment": 45000, "otherAssets": 7000, "totalAssets": 1994216000, "accountsPayable": 1251000, "otherCurrentLiab": 7826000, "totalCurrentLiabilities": 11627000, "totalLiab": 11627000, "commonStock": 17453000, "retainedEarnings": 1965068000, "treasuryStock": 68000, "otherStockholderEquity": 68000, "totalStockholderEquity": 1982589000, "netTangibleAssets": 1982589000}, {"maxAge": 1, "endDate": "2017-03-31", "cash": 28941000, "netReceivables": 149000, "otherCurrentAssets": 2174000, "totalCurrentAssets": 31264000, "longTermInvestments": 1826558000, "propertyPlantEquipment": 26000, "otherAssets": 7000, "totalAssets": 1857855000, "accountsPayable": 1052000, "otherCurrentLiab": 8290000, "totalCurrentLiabilities": 13998000, "totalLiab": 13998000, "commonStock": 17453000, "retainedEarnings": 1826336000, "treasuryStock": 68000, "otherStockholderEquity": 68000, "totalStockholderEquity": 1843857000, "netTangibleAssets": 1843857000}], "maxAge": 86400}, "financialData": {"maxAge": 86400, "currentPrice": 1146.3, "recommendationKey": "none", "grossProfits": 33562000, "financialCurrency": "INR"}}}