{"INDRAMEDCO.BO": {"cashflowStatementHistory": {"cashflowStatements": [{"maxAge": 1, "endDate": "2020-03-31", "netIncome": 436240000, "depreciation": 323550000, "changeToNetincome": -56430000, "changeToAccountReceivables": 27570000, "changeToLiabilities": 164970000, "changeToInventory": -37530000, "totalCashFromOperatingActivities": 864510000, "capitalExpenditures": -409180000, "otherCashflowsFromInvestingActivities": 7250000, "totalCashflowsFromInvestingActivities": -401930000, "dividendsPaid": -148480000, "netBorrowings": -228490000, "otherCashflowsFromFinancingActivities": -50470000, "totalCashFromFinancingActivities": -427440000, "changeInCash": 35140000}, {"maxAge": 1, "endDate": "2019-03-31", "netIncome": 284130000, "depreciation": 288520000, "changeToNetincome": 37250000, "changeToAccountReceivables": 83470000, "changeToLiabilities": 41380000, "changeToInventory": 8080000, "totalCashFromOperatingActivities": 751850000, "capitalExpenditures": -170940000, "otherCashflowsFromInvestingActivities": 3950000, "totalCashflowsFromInvestingActivities": -166990000, "dividendsPaid": -161140000, "netBorrowings": -260000000, "otherCashflowsFromFinancingActivities": -20700000, "totalCashFromFinancingActivities": -441840000, "changeInCash": 143020000}, {"maxAge": 1, "endDate": "2018-03-31", "netIncome": 211030000, "depreciation": 296790000, "changeToNetincome": 25530000, "changeToAccountReceivables": 243500000, "changeToLiabilities": -318140000, "changeToInventory": 8250000, "totalCashFromOperatingActivities": 476990000, "capitalExpenditures": -306920000, "otherCashflowsFromInvestingActivities": 7910000, "totalCashflowsFromInvestingActivities": -299010000, "dividendsPaid": -164620000, "netBorrowings": 45000000, "otherCashflowsFromFinancingActivities": -52580000, "totalCashFromFinancingActivities": -172200000, "changeInCash": 5780000}, {"maxAge": 1, "endDate": "2017-03-31", "netIncome": 262453000, "depreciation": 290310000, "changeToNetincome": -23104000, "changeToAccountReceivables": -67310000, "changeToLiabilities": -196999000, "changeToInventory": -3955000, "totalCashFromOperatingActivities": 276406000, "capitalExpenditures": -229138000, "otherCashflowsFromInvestingActivities": 5089000, "totalCashflowsFromInvestingActivities": -224049000, "dividendsPaid": -198199000, "netBorrowings": 150000000, "otherCashflowsFromFinancingActivities": -5702000, "totalCashFromFinancingActivities": -53901000, "changeInCash": -1544000}], "maxAge": 86400}, "institutionOwnership": {"maxAge": 1, "ownershipList": []}, "balanceSheetHistoryQuarterly": {"balanceSheetStatements": [{"maxAge": 1, "endDate": "2020-03-31", "cash": 203320000, "netReceivables": 982920000, "inventory": 120660000, "otherCurrentAssets": 46500000, "totalCurrentAssets": 1414720000, "propertyPlantEquipment": 3012740000, "intangibleAssets": 14020000, "otherAssets": 48440000, "totalAssets": 4489920000, "accountsPayable": 433090000, "otherCurrentLiab": 143470000, "otherLiab": 337690000, "totalCurrentLiabilities": 1396050000, "totalLiab": 1811920000, "commonStock": 916730000, "retainedEarnings": 1776370000, "treasuryStock": -15100000, "otherStockholderEquity": -15100000, "totalStockholderEquity": 2678000000, "netTangibleAssets": 2663980000}, {"maxAge": 1, "endDate": "2019-12-31"}, {"maxAge": 1, "endDate": "2019-09-30"}, {"maxAge": 1, "endDate": "2019-06-30", "totalStockholderEquity": 2440360000, "netTangibleAssets": 2436050000}], "maxAge": 86400}, "indexTrend": {"maxAge": 1, "symbol": "SP5", "peRatio": 19.7411, "pegRatio": 1.34172, "estimates": [{"period": "0q", "growth": 0.549}, {"period": "+1q", "growth": 0.431}, {"period": "0y", "growth": 0.305}, {"period": "+1y", "growth": 0.109}, {"period": "+5y", "growth": 0.120865}, {"period": "-5y"}]}, "insiderTransactions": {"transactions": [{"maxAge": 1, "shares": 1167199, "filerUrl": "", "transactionText": "", "filerName": "Apollo Hospitals Enterprise Ltd", "filerRelation": "Promoter", "moneyText": "", "startDate": "2011-12-30", "ownership": "D"}, {"maxAge": 1, "shares": 1972433, "filerUrl": "", "transactionText": "", "filerName": "Apollo Hospitals Enterprise Ltd", "filerRelation": "Promoter", "moneyText": "", "startDate": "2010-03-18", "ownership": "D"}], "maxAge": 1}, "quoteType": {"exchange": "BSE", "quoteType": "EQUITY", "symbol": "INDRAMEDCO.BO", "underlyingSymbol": "INDRAMEDCO.BO", "shortName": "INDRAPRASTHA MEDICAL CORP.LTD.", "longName": "Indraprastha Medical Corporation Limited", "firstTradeDateEpochUtc": "1995-08-09 09:15:00", "timeZoneFullName": "Asia/Kolkata", "timeZoneShortName": "IST", "uuid": "b1b3db27-c4c5-3264-a7bc-fe15ff38205a", "messageBoardId": null, "gmtOffSetMilliseconds": 19800000, "maxAge": 1}, "incomeStatementHistory": {"incomeStatementHistory": [{"maxAge": 1, "endDate": "2020-03-31", "totalRevenue": 8307680000, "costOfRevenue": 3847950000, "grossProfit": 4459730000, "researchDevelopment": {}, "sellingGeneralAdministrative": 509790000, "nonRecurring": {}, "otherOperatingExpenses": 3075890000, "totalOperatingExpenses": 7763320000, "operatingIncome": 544360000, "totalOtherIncomeExpenseNet": -62440000, "ebit": 544360000, "interestExpense": -11310000, "incomeBeforeTax": 481920000, "incomeTaxExpense": 45680000, "minorityInterest": {}, "netIncomeFromContinuingOps": 436240000, "discontinuedOperations": {}, "extraordinaryItems": {}, "effectOfAccountingCharges": {}, "otherItems": {}, "netIncome": 436240000, "netIncomeApplicableToCommonShares": 436240000}, {"maxAge": 1, "endDate": "2019-03-31", "totalRevenue": 7881720000, "costOfRevenue": 3632170000, "grossProfit": 4249550000, "researchDevelopment": {}, "sellingGeneralAdministrative": 482970000, "nonRecurring": {}, "otherOperatingExpenses": 2944550000, "totalOperatingExpenses": 7357230000, "operatingIncome": 524490000, "totalOtherIncomeExpenseNet": -78280000, "ebit": 524490000, "interestExpense": -30010000, "incomeBeforeTax": 446210000, "incomeTaxExpense": 162080000, "minorityInterest": {}, "netIncomeFromContinuingOps": 284130000, "discontinuedOperations": {}, "extraordinaryItems": {}, "effectOfAccountingCharges": {}, "otherItems": {}, "netIncome": 284130000, "netIncomeApplicableToCommonShares": 284130000}, {"maxAge": 1, "endDate": "2018-03-31", "totalRevenue": 7526600000, "costOfRevenue": 3533190000, "grossProfit": 3993410000, "researchDevelopment": {}, "sellingGeneralAdministrative": 437430000, "nonRecurring": {}, "otherOperatingExpenses": 2814280000, "totalOperatingExpenses": 7091720000, "operatingIncome": 434880000, "totalOtherIncomeExpenseNet": -94830000, "ebit": 434880000, "interestExpense": -55850000, "incomeBeforeTax": 340050000, "incomeTaxExpense": 129020000, "minorityInterest": {}, "netIncomeFromContinuingOps": 211030000, "discontinuedOperations": {}, "extraordinaryItems": {}, "effectOfAccountingCharges": {}, "otherItems": {}, "netIncome": 211030000, "netIncomeApplicableToCommonShares": 211030000}, {"maxAge": 1, "endDate": "2017-03-31", "totalRevenue": 7657162000, "costOfRevenue": 3625157000, "grossProfit": 4032005000, "researchDevelopment": {}, "sellingGeneralAdministrative": 436676000, "nonRecurring": {}, "otherOperatingExpenses": 2801843000, "totalOperatingExpenses": 7168997000, "operatingIncome": 488165000, "totalOtherIncomeExpenseNet": -79990000, "ebit": 488165000, "interestExpense": -46825000, "incomeBeforeTax": 408175000, "incomeTaxExpense": 145722000, "minorityInterest": {}, "netIncomeFromContinuingOps": 262453000, "discontinuedOperations": {}, "extraordinaryItems": {}, "effectOfAccountingCharges": {}, "otherItems": {}, "netIncome": 262453000, "netIncomeApplicableToCommonShares": 262453000}], "maxAge": 86400}, "fundOwnership": {"maxAge": 1, "ownershipList": []}, "summaryDetail": {"maxAge": 1, "priceHint": 2, "previousClose": 69.85, "open": 69.6, "dayLow": 66.0, "dayHigh": 70.5, "regularMarketPreviousClose": 69.85, "regularMarketOpen": 69.6, "regularMarketDayLow": 66.0, "regularMarketDayHigh": 70.5, "trailingPE": 14.01555, "volume": 72041, "regularMarketVolume": 72041, "averageVolume": 47272, "averageVolume10days": 12104, "averageDailyVolume10Day": 12104, "bid": 66.5, "ask": 66.7, "bidSize": 0, "askSize": 0, "marketCap": 6114588672, "fiftyTwoWeekLow": 27.45, "fiftyTwoWeekHigh": 70.5, "fiftyDayAverage": 55.89706, "twoHundredDayAverage": 53.19375, "trailingAnnualDividendRate": 1.6, "trailingAnnualDividendYield": 0.022906229, "currency": "INR", "fromCurrency": null, "toCurrency": null, "lastMarket": null, "algorithm": null, "tradeable": false}, "incomeStatementHistoryQuarterly": {"incomeStatementHistory": [{"maxAge": 1, "endDate": "2020-03-31", "totalRevenue": 2005040000, "costOfRevenue": -415390000, "grossProfit": 2420430000, "researchDevelopment": {}, "sellingGeneralAdministrative": 509790000, "nonRecurring": {}, "otherOperatingExpenses": 1725220000, "totalOperatingExpenses": 1902060000, "operatingIncome": 102980000, "totalOtherIncomeExpenseNet": -20950000, "ebit": 102980000, "interestExpense": {}, "incomeBeforeTax": 82030000, "incomeTaxExpense": 17080000, "minorityInterest": {}, "netIncomeFromContinuingOps": 64950000, "discontinuedOperations": {}, "extraordinaryItems": {}, "effectOfAccountingCharges": {}, "otherItems": {}, "netIncome": 64950000, "netIncomeApplicableToCommonShares": 64950000}, {"maxAge": 1, "endDate": "2019-12-31", "totalRevenue": 2104270000, "costOfRevenue": 1406740000, "grossProfit": 697530000, "researchDevelopment": {}, "sellingGeneralAdministrative": 509790000, "nonRecurring": {}, "otherOperatingExpenses": 461120000, "totalOperatingExpenses": 1951670000, "operatingIncome": 152600000, "totalOtherIncomeExpenseNet": -13680000, "ebit": 152600000, "interestExpense": -14490000, "incomeBeforeTax": 138920000, "incomeTaxExpense": 32140000, "minorityInterest": {}, "netIncomeFromContinuingOps": 106780000, "discontinuedOperations": {}, "extraordinaryItems": {}, "effectOfAccountingCharges": {}, "otherItems": {}, "netIncome": 106780000, "netIncomeApplicableToCommonShares": 106780000}, {"maxAge": 1, "endDate": "2019-09-30", "totalRevenue": 2161440000, "costOfRevenue": 1472370000, "grossProfit": 689070000, "researchDevelopment": {}, "sellingGeneralAdministrative": 509790000, "nonRecurring": {}, "otherOperatingExpenses": 463550000, "totalOperatingExpenses": 2018710000, "operatingIncome": 142730000, "totalOtherIncomeExpenseNet": -13780000, "ebit": 142730000, "interestExpense": -15320000, "incomeBeforeTax": 128950000, "incomeTaxExpense": -50310000, "minorityInterest": {}, "netIncomeFromContinuingOps": 179260000, "discontinuedOperations": {}, "extraordinaryItems": {}, "effectOfAccountingCharges": {}, "otherItems": {}, "netIncome": 179260000, "netIncomeApplicableToCommonShares": 179260000}, {"maxAge": 1, "endDate": "2019-06-30", "totalRevenue": 2036930000, "costOfRevenue": 1384230000, "grossProfit": 652700000, "researchDevelopment": {}, "sellingGeneralAdministrative": 509790000, "nonRecurring": {}, "otherOperatingExpenses": 426000000, "totalOperatingExpenses": 1890880000, "operatingIncome": 146050000, "totalOtherIncomeExpenseNet": -14030000, "ebit": 146050000, "interestExpense": -17010000, "incomeBeforeTax": 132020000, "incomeTaxExpense": 46770000, "minorityInterest": {}, "netIncomeFromContinuingOps": 85250000, "discontinuedOperations": {}, "extraordinaryItems": {}, "effectOfAccountingCharges": {}, "otherItems": {}, "netIncome": 85250000, "netIncomeApplicableToCommonShares": 85250000}], "maxAge": 86400}, "cashflowStatementHistoryQuarterly": {"cashflowStatements": [{"maxAge": 1, "endDate": "2020-03-31", "netIncome": 64950000, "changeToLiabilities": 0}, {"maxAge": 1, "endDate": "2019-12-31", "netIncome": 106780000, "changeToLiabilities": 0}, {"maxAge": 1, "endDate": "2019-09-30", "netIncome": 179260000, "changeToLiabilities": 0}, {"maxAge": 1, "endDate": "2019-06-30", "netIncome": 85250000, "changeToLiabilities": 0}], "maxAge": 86400}, "insiderHolders": {"holders": [{"maxAge": 1, "name": "Apollo Hospitals Enterprise Ltd", "relation": "Promoter", "url": "", "transactionDescription": "Acquisition", "latestTransDate": "2011-12-30", "positionDirect": 20190740, "positionDirectDate": "2011-12-30"}], "maxAge": 1}, "calendarEvents": {"maxAge": 1, "earnings": {"earningsDate": []}}, "price": {"maxAge": 1, "regularMarketChangePercent": -0.04509666, "regularMarketChange": -3.1500015, "regularMarketTime": "2021-04-30 15:50:45", "priceHint": 2, "regularMarketPrice": 66.7, "regularMarketDayHigh": 70.5, "regularMarketDayLow": 66.0, "regularMarketVolume": 72041, "averageDailyVolume10Day": 12104, "averageDailyVolume3Month": 47272, "regularMarketPreviousClose": 69.85, "regularMarketSource": "FREE_REALTIME", "regularMarketOpen": 69.6, "exchange": "BSE", "exchangeName": "BSE", "exchangeDataDelayedBy": 0, "marketState": "CLOSED", "quoteType": "EQUITY", "symbol": "INDRAMEDCO.BO", "underlyingSymbol": null, "shortName": "INDRAPRASTHA MEDICAL CORP.LTD.", "longName": "Indraprastha Medical Corporation Limited", "currency": "INR", "quoteSourceName": "Delayed Quote", "currencySymbol": "\u20b9", "fromCurrency": null, "toCurrency": null, "lastMarket": null, "marketCap": 6114588672}, "balanceSheetHistory": {"balanceSheetStatements": [{"maxAge": 1, "endDate": "2020-03-31", "cash": 203320000, "netReceivables": 982920000, "inventory": 120660000, "otherCurrentAssets": 46500000, "totalCurrentAssets": 1414720000, "propertyPlantEquipment": 3012740000, "intangibleAssets": 14020000, "otherAssets": 48440000, "totalAssets": 4489920000, "accountsPayable": 433090000, "otherCurrentLiab": 143470000, "otherLiab": 337690000, "totalCurrentLiabilities": 1396050000, "totalLiab": 1811920000, "commonStock": 916730000, "retainedEarnings": 1776370000, "treasuryStock": -15100000, "otherStockholderEquity": -15100000, "totalStockholderEquity": 2678000000, "netTangibleAssets": 2663980000}, {"maxAge": 1, "endDate": "2019-03-31", "cash": 168180000, "shortTermInvestments": 56080000, "netReceivables": 940510000, "inventory": 83160000, "otherCurrentAssets": 60380000, "totalCurrentAssets": 1355540000, "longTermInvestments": 380000, "propertyPlantEquipment": 2809240000, "intangibleAssets": 4310000, "otherAssets": 54210000, "totalAssets": 4223680000, "accountsPayable": 375690000, "shortLongTermDebt": 60000000, "otherCurrentLiab": 163270000, "longTermDebt": 150000000, "otherLiab": 392370000, "totalCurrentLiabilities": 1240950000, "totalLiab": 1783320000, "commonStock": 916730000, "retainedEarnings": 1518250000, "treasuryStock": 5380000, "otherStockholderEquity": 5380000, "totalStockholderEquity": 2440360000, "netTangibleAssets": 2436050000}, {"maxAge": 1, "endDate": "2018-03-31", "cash": 25160000, "netReceivables": 1049350000, "inventory": 91240000, "otherCurrentAssets": 61780000, "totalCurrentAssets": 1329020000, "longTermInvestments": 60000, "propertyPlantEquipment": 2927740000, "intangibleAssets": 11900000, "otherAssets": 54010000, "totalAssets": 4322730000, "accountsPayable": 303070000, "shortLongTermDebt": 60000000, "otherCurrentLiab": 117830000, "longTermDebt": 210000000, "otherLiab": 405310000, "totalCurrentLiabilities": 1384290000, "totalLiab": 1999600000, "commonStock": 916730000, "retainedEarnings": 1399900000, "treasuryStock": 6500000, "otherStockholderEquity": 6500000, "totalStockholderEquity": 2323130000, "netTangibleAssets": 2311230000}, {"maxAge": 1, "endDate": "2017-03-31", "cash": 19376000, "netReceivables": 1282962000, "inventory": 99487000, "otherCurrentAssets": 68739000, "totalCurrentAssets": 1579401000, "propertyPlantEquipment": 2938931000, "intangibleAssets": 18367000, "otherAssets": 47738000, "totalAssets": 4584437000, "accountsPayable": 240845000, "shortLongTermDebt": 25000000, "otherCurrentLiab": 135634000, "otherLiab": 418738000, "totalCurrentLiabilities": 1857422000, "totalLiab": 2276160000, "commonStock": 916730000, "retainedEarnings": 1387469000, "treasuryStock": 4078000, "otherStockholderEquity": 4078000, "totalStockholderEquity": 2308277000, "netTangibleAssets": 2289910000}], "maxAge": 86400}, "financialData": {"maxAge": 86400, "currentPrice": 66.7, "recommendationKey": "none", "grossProfits": 4459730000, "financialCurrency": "INR"}}}