{"INDRAIND.BO": {"cashflowStatementHistory": {"cashflowStatements": [{"maxAge": 1, "endDate": "2020-03-31", "netIncome": 14438472, "depreciation": 7939010, "changeToNetincome": -8291959, "changeToAccountReceivables": 18400965, "changeToLiabilities": -6828185, "changeToInventory": 21956978, "totalCashFromOperatingActivities": 47648623, "capitalExpenditures": -1407043, "otherCashflowsFromInvestingActivities": 960480, "totalCashflowsFromInvestingActivities": 66553437, "netBorrowings": -96230895, "otherCashflowsFromFinancingActivities": -18078836, "totalCashFromFinancingActivities": -114309731, "changeInCash": -107671}, {"maxAge": 1, "endDate": "2019-03-31", "netIncome": -68768134, "depreciation": 9617970, "changeToNetincome": -18580940, "changeToAccountReceivables": -6841294, "changeToLiabilities": 46523825, "changeToInventory": 98789794, "totalCashFromOperatingActivities": 60741221, "capitalExpenditures": -478712, "otherCashflowsFromInvestingActivities": 1321196, "totalCashflowsFromInvestingActivities": 27056214, "netBorrowings": -55430220, "otherCashflowsFromFinancingActivities": -30505554, "totalCashFromFinancingActivities": -85935774, "changeInCash": 1861661}, {"maxAge": 1, "endDate": "2018-03-31", "netIncome": -14190268, "depreciation": 9772318, "changeToNetincome": 21714411, "changeToAccountReceivables": -37526614, "changeToLiabilities": -9157538, "changeToInventory": 42944050, "totalCashFromOperatingActivities": 13556359, "capitalExpenditures": -15402725, "investments": 2677473, "otherCashflowsFromInvestingActivities": 798577, "totalCashflowsFromInvestingActivities": -11669076, "netBorrowings": 26761830, "otherCashflowsFromFinancingActivities": -27491593, "totalCashFromFinancingActivities": -729763, "changeInCash": 1157519}, {"maxAge": 1, "endDate": "2017-03-31", "netIncome": -5870860, "depreciation": 9715383, "changeToNetincome": 22642205, "changeToAccountReceivables": 5194950, "changeToLiabilities": -539659, "changeToInventory": -24940649, "totalCashFromOperatingActivities": 6201370, "capitalExpenditures": -28818797, "investments": 2677473, "otherCashflowsFromInvestingActivities": 808471, "totalCashflowsFromInvestingActivities": -25423184, "netBorrowings": 39374279, "otherCashflowsFromFinancingActivities": -23794661, "totalCashFromFinancingActivities": 15579618, "changeInCash": -3642196}], "maxAge": 86400}, "institutionOwnership": {"ownershipList": [], "maxAge": 1}, "balanceSheetHistoryQuarterly": {"balanceSheetStatements": [{"maxAge": 1, "endDate": "2020-06-30", "totalStockholderEquity": -17933544, "netTangibleAssets": -18089589}, {"maxAge": 1, "endDate": "2020-03-31", "cash": 1016177, "netReceivables": 42491332, "inventory": 18783321, "otherCurrentAssets": 14017495, "totalCurrentAssets": 76317521, "longTermInvestments": 115464, "propertyPlantEquipment": 157889178, "intangibleAssets": 156045, "otherAssets": 20457331, "deferredLongTermAssetCharges": 16473924, "totalAssets": 254935539, "accountsPayable": 80929326, "shortLongTermDebt": 77388228, "longTermDebt": 75312537, "otherLiab": 215493, "totalCurrentLiabilities": 197341053, "totalLiab": 272869083, "commonStock": 64770700, "retainedEarnings": -86676744, "treasuryStock": 3972500, "otherStockholderEquity": 3972500, "totalStockholderEquity": -17933544, "netTangibleAssets": -18089589}, {"maxAge": 1, "endDate": "2019-12-31", "totalStockholderEquity": -55751000, "netTangibleAssets": -55751000}, {"maxAge": 1, "endDate": "2019-09-30", "cash": 12421000, "netReceivables": 52572000, "inventory": 69504000, "otherCurrentAssets": 3607000, "totalCurrentAssets": 138104000, "longTermInvestments": 1820000, "propertyPlantEquipment": 192681000, "otherAssets": 29897000, "deferredLongTermAssetCharges": 24721000, "totalAssets": 362502000, "accountsPayable": 82408000, "shortLongTermDebt": 92348000, "otherCurrentLiab": 44703000, "longTermDebt": 78942000, "otherLiab": 212000, "totalCurrentLiabilities": 339099000, "totalLiab": 418253000, "commonStock": 64771000, "treasuryStock": -120522000, "otherStockholderEquity": -120522000, "totalStockholderEquity": -55751000, "netTangibleAssets": -55751000}], "maxAge": 86400}, "indexTrend": {"maxAge": 1, "symbol": "SP5", "peRatio": 19.7411, "pegRatio": 1.34172, "estimates": [{"period": "0q", "growth": 0.549}, {"period": "+1q", "growth": 0.431}, {"period": "0y", "growth": 0.305}, {"period": "+1y", "growth": 0.109}, {"period": "+5y", "growth": 0.120859005}, {"period": "-5y"}]}, "insiderTransactions": {"transactions": [{"maxAge": 1, "shares": 121000, "filerUrl": "", "transactionText": "", "filerName": "Jain (Astha Devi)", "filerRelation": "Promoter", "moneyText": "", "startDate": "2019-08-06", "ownership": "D"}, {"maxAge": 1, "shares": 66175, "filerUrl": "", "transactionText": "", "filerName": "Jain (Virendra Kumar)", "filerRelation": "Promoter", "moneyText": "", "startDate": "2019-08-06", "ownership": "D"}, {"maxAge": 1, "shares": 187175, "filerUrl": "", "transactionText": "", "filerName": "Pokarana (Mohan Bai)", "filerRelation": "Promoter", "moneyText": "", "startDate": "2019-08-06", "ownership": "D"}, {"maxAge": 1, "shares": 90000, "filerUrl": "", "transactionText": "", "filerName": "Jain (Astha Devi)", "filerRelation": "Promoter", "moneyText": "", "startDate": "2019-03-30", "ownership": "D"}, {"maxAge": 1, "shares": 90000, "filerUrl": "", "transactionText": "", "filerName": "Jain (Virendra Kumar)", "filerRelation": "Promoter", "moneyText": "", "startDate": "2019-03-30", "ownership": "D"}, {"maxAge": 1, "shares": 180000, "filerUrl": "", "transactionText": "", "filerName": "Pokarana (Mohan Bai)", "filerRelation": "Promoter", "moneyText": "", "startDate": "2019-03-30", "ownership": "D"}, {"maxAge": 1, "shares": 88000, "filerUrl": "", "transactionText": "", "filerName": "Jain (Virendra Kumar)", "filerRelation": "Promoter", "moneyText": "", "startDate": "2018-03-31", "ownership": "D"}, {"maxAge": 1, "shares": 88000, "filerUrl": "", "transactionText": "", "filerName": "Pokarana (Mohan Bai)", "filerRelation": "Promoter", "moneyText": "", "startDate": "2018-03-31", "ownership": "D"}, {"maxAge": 1, "shares": 93200, "filerUrl": "", "transactionText": "", "filerName": "Jain (Alka)", "filerRelation": "Promoter", "moneyText": "", "startDate": "2018-03-16", "ownership": "D"}, {"maxAge": 1, "shares": 233200, "filerUrl": "", "transactionText": "", "filerName": "Pokarana (Mohan Bai)", "filerRelation": "Promoter", "moneyText": "", "startDate": "2018-03-16", "ownership": "D"}, {"maxAge": 1, "shares": 140000, "filerUrl": "", "transactionText": "", "filerName": "Pokharana (Shrenik)", "filerRelation": "Promoter", "moneyText": "", "startDate": "2018-03-16", "ownership": "D"}], "maxAge": 1}, "quoteType": {"exchange": "BSE", "quoteType": "EQUITY", "symbol": "INDRAIND.BO", "underlyingSymbol": "INDRAIND.BO", "shortName": "Indra Industries Ltd.", "longName": "Indra Industries Limited", "firstTradeDateEpochUtc": "2015-06-05 09:15:00", "timeZoneFullName": "Asia/Kolkata", "timeZoneShortName": "IST", "uuid": "a7e37868-eaa1-3c17-92c6-c6a70188241e", "gmtOffSetMilliseconds": 19800000, "maxAge": 1}, "incomeStatementHistory": {"incomeStatementHistory": [{"maxAge": 1, "endDate": "2020-03-31", "totalRevenue": 109259869, "costOfRevenue": 78421808, "grossProfit": 30838061, "researchDevelopment": {}, "sellingGeneralAdministrative": 12982714, "nonRecurring": {}, "otherOperatingExpenses": 47557376, "totalOperatingExpenses": 146934250, "operatingIncome": -37674381, "totalOtherIncomeExpenseNet": 60359536, "ebit": -37674381, "interestExpense": -21629415, "incomeBeforeTax": 22685155, "incomeTaxExpense": 8246683, "minorityInterest": {}, "netIncomeFromContinuingOps": 14438472, "discontinuedOperations": {}, "extraordinaryItems": {}, "effectOfAccountingCharges": {}, "otherItems": {}, "netIncome": 14438472, "netIncomeApplicableToCommonShares": 14438472}, {"maxAge": 1, "endDate": "2019-03-31", "totalRevenue": 103360953, "costOfRevenue": 129316722, "grossProfit": -25955769, "researchDevelopment": {}, "sellingGeneralAdministrative": 14063072, "nonRecurring": {}, "otherOperatingExpenses": 36116258, "totalOperatingExpenses": 189114022, "operatingIncome": -85753069, "totalOtherIncomeExpenseNet": -5159578, "ebit": -85753069, "interestExpense": -32746704, "incomeBeforeTax": -90912647, "incomeTaxExpense": -22144513, "minorityInterest": {}, "netIncomeFromContinuingOps": -68768134, "discontinuedOperations": {}, "extraordinaryItems": {}, "effectOfAccountingCharges": {}, "otherItems": {}, "netIncome": -68768134, "netIncomeApplicableToCommonShares": -68768134}, {"maxAge": 1, "endDate": "2018-03-31", "totalRevenue": 325998556, "costOfRevenue": 253925979, "grossProfit": 72072577, "researchDevelopment": {}, "sellingGeneralAdministrative": 11909089, "nonRecurring": {}, "otherOperatingExpenses": 38248700, "totalOperatingExpenses": 313856086, "operatingIncome": 12142470, "totalOtherIncomeExpenseNet": -29900449, "ebit": 12142470, "interestExpense": -31556173, "incomeBeforeTax": -17757979, "incomeTaxExpense": -3567711, "minorityInterest": {}, "netIncomeFromContinuingOps": -14190268, "discontinuedOperations": {}, "extraordinaryItems": {}, "effectOfAccountingCharges": {}, "otherItems": {}, "netIncome": -14190268, "netIncomeApplicableToCommonShares": -14190268}, {"maxAge": 1, "endDate": "2017-03-31", "totalRevenue": 333323724, "costOfRevenue": 240678357, "grossProfit": 92645367, "researchDevelopment": {}, "sellingGeneralAdministrative": 12836770, "nonRecurring": {}, "otherOperatingExpenses": 47379139, "totalOperatingExpenses": 310609649, "operatingIncome": 22714075, "totalOtherIncomeExpenseNet": -28923648, "ebit": 22714075, "interestExpense": -23884328, "incomeBeforeTax": -6209573, "incomeTaxExpense": -338713, "minorityInterest": {}, "netIncomeFromContinuingOps": -5870860, "discontinuedOperations": {}, "extraordinaryItems": {}, "effectOfAccountingCharges": {}, "otherItems": {}, "netIncome": -5870860, "netIncomeApplicableToCommonShares": -5870860}], "maxAge": 86400}, "fundOwnership": {"ownershipList": [], "maxAge": 1}, "summaryDetail": {"maxAge": 1, "priceHint": 2, "previousClose": 9.98, "open": 11.02, "dayLow": 9.98, "dayHigh": 11.02, "regularMarketPreviousClose": 9.98, "regularMarketOpen": 11.02, "regularMarketDayLow": 9.98, "regularMarketDayHigh": 11.02, "trailingPE": 2.690752, "volume": 8, "regularMarketVolume": 8, "averageVolume": 1223, "averageVolume10days": 4, "averageDailyVolume10Day": 4, "bid": 0.0, "ask": 9.98, "bidSize": 0, "askSize": 0, "marketCap": 64641156, "fiftyTwoWeekLow": 4.38, "fiftyTwoWeekHigh": 11.02, "fiftyDayAverage": 6.0839396, "twoHundredDayAverage": 4.9964705, "currency": "INR", "fromCurrency": null, "lastMarket": null, "algorithm": null, "tradeable": false}, "incomeStatementHistoryQuarterly": {"incomeStatementHistory": [{"maxAge": 1, "endDate": "2020-06-30", "totalRevenue": 32000, "costOfRevenue": -4769000, "grossProfit": 4801000, "researchDevelopment": {}, "sellingGeneralAdministrative": 858000, "nonRecurring": {}, "otherOperatingExpenses": 1167000, "totalOperatingExpenses": -981000, "operatingIncome": 1013000, "totalOtherIncomeExpenseNet": -4238000, "ebit": 1013000, "interestExpense": -4726000, "incomeBeforeTax": -3225000, "incomeTaxExpense": 0, "minorityInterest": {}, "netIncomeFromContinuingOps": -3225000, "discontinuedOperations": {}, "extraordinaryItems": {}, "effectOfAccountingCharges": {}, "otherItems": {}, "netIncome": -3225000, "netIncomeApplicableToCommonShares": -3225000}, {"maxAge": 1, "endDate": "2020-03-31", "totalRevenue": 9251869, "costOfRevenue": 5440808, "grossProfit": 3811061, "researchDevelopment": {}, "sellingGeneralAdministrative": 1457714, "nonRecurring": {}, "otherOperatingExpenses": 14587376, "totalOperatingExpenses": 23344250, "operatingIncome": -14092381, "totalOtherIncomeExpenseNet": 79612536, "ebit": -14092381, "interestExpense": -2227415, "incomeBeforeTax": 65520155, "incomeTaxExpense": 8246683, "minorityInterest": {}, "netIncomeFromContinuingOps": 57273472, "discontinuedOperations": {}, "extraordinaryItems": {}, "effectOfAccountingCharges": {}, "otherItems": {}, "netIncome": 57273472, "netIncomeApplicableToCommonShares": 57273472}, {"maxAge": 1, "endDate": "2019-12-31", "totalRevenue": 53048000, "costOfRevenue": 46173000, "grossProfit": 6875000, "researchDevelopment": {}, "sellingGeneralAdministrative": 4746000, "nonRecurring": {}, "otherOperatingExpenses": 12688000, "totalOperatingExpenses": 65659000, "operatingIncome": -12611000, "totalOtherIncomeExpenseNet": -6845000, "ebit": -12611000, "interestExpense": -6947000, "incomeBeforeTax": -19456000, "incomeTaxExpense": 0, "minorityInterest": {}, "netIncomeFromContinuingOps": -19456000, "discontinuedOperations": {}, "extraordinaryItems": {}, "effectOfAccountingCharges": {}, "otherItems": {}, "netIncome": -19456000, "netIncomeApplicableToCommonShares": -19456000}, {"maxAge": 1, "endDate": "2019-09-30", "totalRevenue": 14745000, "costOfRevenue": 5784000, "grossProfit": 8961000, "researchDevelopment": {}, "sellingGeneralAdministrative": 4200000, "nonRecurring": {}, "otherOperatingExpenses": 7389000, "totalOperatingExpenses": 19402000, "operatingIncome": -4657000, "totalOtherIncomeExpenseNet": -5946000, "ebit": -4657000, "interestExpense": -5928000, "incomeBeforeTax": -10603000, "incomeTaxExpense": 0, "minorityInterest": {}, "netIncomeFromContinuingOps": -10603000, "discontinuedOperations": {}, "extraordinaryItems": {}, "effectOfAccountingCharges": {}, "otherItems": {}, "netIncome": -10603000, "netIncomeApplicableToCommonShares": -10603000}], "maxAge": 86400}, "cashflowStatementHistoryQuarterly": {"cashflowStatements": [{"maxAge": 1, "endDate": "2020-06-30", "netIncome": -3225000, "changeToLiabilities": 0}, {"maxAge": 1, "endDate": "2020-03-31", "netIncome": 57273472, "changeToLiabilities": 0}, {"maxAge": 1, "endDate": "2019-12-31", "netIncome": -19456000, "changeToLiabilities": 0}, {"maxAge": 1, "endDate": "2019-09-30", "netIncome": -10603000, "changeToLiabilities": 0}], "maxAge": 86400}, "insiderHolders": {"holders": [{"maxAge": 1, "name": "Jain (Alka)", "relation": "Promoter", "url": "", "transactionDescription": "Other", "latestTransDate": "2018-03-16", "positionDirect": 0, "positionDirectDate": "2018-03-16"}, {"maxAge": 1, "name": "Jain (Astha Devi)", "relation": "Promoter", "url": "", "transactionDescription": "Gift", "latestTransDate": "2019-08-06", "positionDirect": 869000, "positionDirectDate": "2019-08-06"}, {"maxAge": 1, "name": "Jain (Virendra Kumar)", "relation": "Promoter", "url": "", "transactionDescription": "Gift", "latestTransDate": "2019-08-06", "positionDirect": 870475, "positionDirectDate": "2019-08-06"}, {"maxAge": 1, "name": "Pokarana (Mohan Bai)", "relation": "Promoter", "url": "", "transactionDescription": "Gift", "latestTransDate": "2019-08-06", "positionDirect": 0, "positionDirectDate": "2019-08-06"}, {"maxAge": 1, "name": "Pokharana (Shrenik)", "relation": "Promoter", "url": "", "transactionDescription": "Other", "latestTransDate": "2018-03-16", "positionDirect": 0, "positionDirectDate": "2018-03-16"}], "maxAge": 1}, "calendarEvents": {"maxAge": 1, "earnings": {"earningsDate": []}}, "upgradeDowngradeHistory": {"history": [], "maxAge": 86400}, "price": {"maxAge": 1, "regularMarketChangePercent": 0.0, "regularMarketChange": 0.0, "regularMarketTime": "2021-04-29 15:15:00", "priceHint": 2, "regularMarketPrice": 9.98, "regularMarketDayHigh": 11.02, "regularMarketDayLow": 9.98, "regularMarketVolume": 8, "averageDailyVolume10Day": 4, "averageDailyVolume3Month": 1223, "regularMarketPreviousClose": 9.98, "regularMarketSource": "FREE_REALTIME", "regularMarketOpen": 11.02, "exchange": "BSE", "exchangeName": "BSE", "exchangeDataDelayedBy": 0, "marketState": "CLOSED", "quoteType": "EQUITY", "symbol": "INDRAIND.BO", "underlyingSymbol": null, "shortName": "Indra Industries Ltd.", "longName": "Indra Industries Limited", "currency": "INR", "quoteSourceName": "Delayed Quote", "currencySymbol": "\u20b9", "fromCurrency": null, "lastMarket": null, "marketCap": 64641156}, "balanceSheetHistory": {"balanceSheetStatements": [{"maxAge": 1, "endDate": "2020-03-31", "cash": 1016177, "netReceivables": 42491332, "inventory": 18783321, "otherCurrentAssets": 14017495, "totalCurrentAssets": 76317521, "longTermInvestments": 115464, "propertyPlantEquipment": 157889178, "intangibleAssets": 156045, "otherAssets": 20457331, "deferredLongTermAssetCharges": 16473924, "totalAssets": 254935539, "accountsPayable": 80929326, "shortLongTermDebt": 77388228, "longTermDebt": 75312537, "otherLiab": 215493, "totalCurrentLiabilities": 197341053, "totalLiab": 272869083, "commonStock": 64770700, "retainedEarnings": -86676744, "treasuryStock": 3972500, "otherStockholderEquity": 3972500, "totalStockholderEquity": -17933544, "netTangibleAssets": -18089589}, {"maxAge": 1, "endDate": "2019-03-31", "cash": 1769813, "netReceivables": 60000027, "inventory": 40740298, "otherCurrentAssets": 13453016, "totalCurrentAssets": 115972595, "longTermInvestments": 1820000, "propertyPlantEquipment": 196086026, "intangibleAssets": 158540, "otherAssets": 29514555, "deferredLongTermAssetCharges": 24720606, "totalAssets": 343551716, "accountsPayable": 82987002, "shortLongTermDebt": 77913854, "otherCurrentLiab": 4123208, "longTermDebt": 80747034, "otherLiab": 211063, "totalCurrentLiabilities": 294965635, "totalLiab": 375923732, "commonStock": 64770700, "retainedEarnings": -101115216, "treasuryStock": 3972500, "otherStockholderEquity": 3972500, "totalStockholderEquity": -32372016, "netTangibleAssets": -32530556}, {"maxAge": 1, "endDate": "2018-03-31", "cash": 1083138, "netReceivables": 54164928, "inventory": 139530092, "otherCurrentAssets": 11268966, "totalCurrentAssets": 206145455, "longTermInvestments": 1820000, "propertyPlantEquipment": 205781140, "intangibleAssets": 122101, "otherAssets": 7299951, "deferredLongTermAssetCharges": 2576093, "totalAssets": 421168647, "accountsPayable": 61633746, "shortLongTermDebt": 24520377, "otherCurrentLiab": 2274153, "longTermDebt": 144377085, "otherLiab": 21826821, "totalCurrentLiabilities": 218568621, "totalLiab": 384772527, "commonStock": 64770700, "retainedEarnings": -32347080, "treasuryStock": 3972500, "otherStockholderEquity": 3972500, "totalStockholderEquity": 36396120, "netTangibleAssets": 36274019}, {"maxAge": 1, "endDate": "2017-03-31", "cash": 924623, "netReceivables": 18631776, "inventory": 182474142, "otherCurrentAssets": 8531580, "totalCurrentAssets": 210692875, "longTermInvestments": 3080000, "propertyPlantEquipment": 200030243, "intangibleAssets": 242591, "otherAssets": 4693955, "totalAssets": 418739664, "accountsPayable": 59978106, "shortLongTermDebt": 25000000, "otherCurrentLiab": 756974, "longTermDebt": 118021592, "otherLiab": 35660577, "totalCurrentLiabilities": 214471106, "totalLiab": 368153275, "commonStock": 64770700, "retainedEarnings": -18156811, "treasuryStock": 3972500, "otherStockholderEquity": 3972500, "totalStockholderEquity": 50586389, "netTangibleAssets": 50343798}], "maxAge": 86400}, "financialData": {"maxAge": 86400, "currentPrice": 9.98, "recommendationKey": "none", "grossProfits": 30838061, "financialCurrency": "INR"}}}