{"INDSUCR.BO": {"cashflowStatementHistory": {"cashflowStatements": [{"maxAge": 1, "endDate": "2020-03-31", "netIncome": 122813717, "depreciation": 80837001, "changeToNetincome": 245089665, "changeToAccountReceivables": 251282893, "changeToLiabilities": 591778744, "changeToInventory": 259210020, "totalCashFromOperatingActivities": 1551012040, "capitalExpenditures": -163561307, "investments": -44512591, "otherCashflowsFromInvestingActivities": -145337626, "totalCashflowsFromInvestingActivities": -353411524, "netBorrowings": -1004779945, "otherCashflowsFromFinancingActivities": -205400043, "totalCashFromFinancingActivities": -1210179988, "changeInCash": -12579472}, {"maxAge": 1, "endDate": "2019-03-31", "netIncome": 43639505, "depreciation": 77736370, "changeToNetincome": 219151195, "changeToAccountReceivables": 94891215, "changeToLiabilities": 582409404, "changeToInventory": -668597713, "totalCashFromOperatingActivities": 349229976, "capitalExpenditures": -140872254, "investments": 24637500, "otherCashflowsFromInvestingActivities": 5020453, "totalCashflowsFromInvestingActivities": -103539800, "netBorrowings": -36883510, "otherCashflowsFromFinancingActivities": -207003384, "totalCashFromFinancingActivities": -243886894, "changeInCash": 1803282}, {"maxAge": 1, "endDate": "2018-03-31", "netIncome": 83574701, "depreciation": 67842984, "changeToNetincome": 169960292, "changeToAccountReceivables": -151317944, "changeToLiabilities": 503993953, "changeToInventory": 196505760, "totalCashFromOperatingActivities": 870559746, "capitalExpenditures": -717879251, "investments": -3753700, "otherCashflowsFromInvestingActivities": 8095839, "totalCashflowsFromInvestingActivities": -699639476, "netBorrowings": -107120974, "otherCashflowsFromFinancingActivities": -137123259, "totalCashFromFinancingActivities": -244244233, "changeInCash": -73323963}, {"maxAge": 1, "endDate": "2017-03-31", "netIncome": 298696573, "depreciation": 73298498, "changeToNetincome": 240790802, "changeToAccountReceivables": -428520992, "changeToLiabilities": -225245181, "changeToInventory": -289008125, "totalCashFromOperatingActivities": -329988425, "capitalExpenditures": -46157178, "investments": -51022617, "otherCashflowsFromInvestingActivities": 4265803, "totalCashflowsFromInvestingActivities": -85804992, "netBorrowings": 371414026, "otherCashflowsFromFinancingActivities": -186787424, "totalCashFromFinancingActivities": 184626602, "changeInCash": -231166815}], "maxAge": 86400}, "institutionOwnership": {"maxAge": 1, "ownershipList": []}, "balanceSheetHistoryQuarterly": {"balanceSheetStatements": [{"maxAge": 1, "endDate": "2020-03-31", "cash": 73853153, "shortTermInvestments": 1359008, "netReceivables": 535280194, "inventory": 2184522995, "otherCurrentAssets": 106826321, "totalCurrentAssets": 2905834377, "longTermInvestments": 22555223, "propertyPlantEquipment": 1416160698, "otherAssets": 192443697, "totalAssets": 4536993995, "accountsPayable": 1737568138, "shortLongTermDebt": 622135482, "otherCurrentLiab": 96592466, "longTermDebt": 604072926, "otherLiab": 209307417, "totalCurrentLiabilities": 2832916318, "totalLiab": 3646296661, "commonStock": 154186320, "retainedEarnings": 636412399, "treasuryStock": 33662615, "capitalSurplus": 66436000, "otherStockholderEquity": 33662615, "totalStockholderEquity": 890697334, "netTangibleAssets": 890697334}, {"maxAge": 1, "endDate": "2019-12-31", "totalStockholderEquity": 850700000, "netTangibleAssets": 850700000}, {"maxAge": 1, "endDate": "2019-09-30", "cash": 148800000, "shortTermInvestments": 400400000, "netReceivables": 532200000, "inventory": 1625600000, "otherCurrentAssets": 80600000, "totalCurrentAssets": 2787600000, "longTermInvestments": 30500000, "propertyPlantEquipment": 1314300000, "otherAssets": 42700000, "totalAssets": 4175100000, "accountsPayable": 1090600000, "otherCurrentLiab": 115300000, "longTermDebt": 473700000, "otherLiab": 204400000, "totalCurrentLiabilities": 2646300000, "totalLiab": 3324400000, "commonStock": 154200000, "treasuryStock": 696500000, "otherStockholderEquity": 696500000, "totalStockholderEquity": 850700000, "netTangibleAssets": 850700000}, {"maxAge": 1, "endDate": "2019-06-30"}], "maxAge": 86400}, "indexTrend": {"maxAge": 1, "symbol": "SP5", "peRatio": 19.7411, "pegRatio": 1.34172, "estimates": [{"period": "0q", "growth": 0.549}, {"period": "+1q", "growth": 0.431}, {"period": "0y", "growth": 0.305}, {"period": "+1y", "growth": 0.109}, {"period": "+5y", "growth": 0.120859005}, {"period": "-5y"}]}, "insiderTransactions": {"transactions": [{"maxAge": 1, "shares": 450000, "filerUrl": "", "transactionText": "", "filerName": "Yadav (Kunal)", "filerRelation": "Chairman of the Board", "moneyText": "", "startDate": "2018-12-03", "ownership": "D"}, {"maxAge": 1, "shares": 450000, "filerUrl": "", "transactionText": "", "filerName": "Yadav (Vikas)", "filerRelation": "Promoter", "moneyText": "", "startDate": "2018-12-03", "ownership": "D"}], "maxAge": 1}, "quoteType": {"exchange": "BSE", "quoteType": "EQUITY", "symbol": "INDSUCR.BO", "underlyingSymbol": "INDSUCR.BO", "shortName": "INDIAN SUCROSE LTD.", "longName": "Indian Sucrose Limited", "firstTradeDateEpochUtc": "2004-11-23 09:15:00", "timeZoneFullName": "Asia/Kolkata", "timeZoneShortName": "IST", "uuid": "1ffb7b63-63f6-36ac-b987-83f1db3c9fd1", "messageBoardId": null, "gmtOffSetMilliseconds": 19800000, "maxAge": 1}, "incomeStatementHistory": {"incomeStatementHistory": [{"maxAge": 1, "endDate": "2020-03-31", "totalRevenue": 5331806657, "costOfRevenue": 4095705631, "grossProfit": 1236101026, "researchDevelopment": {}, "sellingGeneralAdministrative": 119726935, "nonRecurring": {}, "otherOperatingExpenses": 599473166, "totalOperatingExpenses": 4895742733, "operatingIncome": 436063924, "totalOtherIncomeExpenseNet": -244280793, "ebit": 436063924, "interestExpense": -243464202, "incomeBeforeTax": 191783131, "incomeTaxExpense": 68969414, "minorityInterest": {}, "netIncomeFromContinuingOps": 122813717, "discontinuedOperations": {}, "extraordinaryItems": {}, "effectOfAccountingCharges": {}, "otherItems": {}, "netIncome": 122813717, "netIncomeApplicableToCommonShares": 122813717}, {"maxAge": 1, "endDate": "2019-03-31", "totalRevenue": 3709331744, "costOfRevenue": 2710135949, "grossProfit": 999195795, "researchDevelopment": {}, "sellingGeneralAdministrative": 111223525, "nonRecurring": {}, "otherOperatingExpenses": 540709767, "totalOperatingExpenses": 3439805611, "operatingIncome": 269526133, "totalOtherIncomeExpenseNet": -189212993, "ebit": 269526133, "interestExpense": -207003384, "incomeBeforeTax": 80313140, "incomeTaxExpense": 36673635, "minorityInterest": {}, "netIncomeFromContinuingOps": 43639505, "discontinuedOperations": {}, "extraordinaryItems": {}, "effectOfAccountingCharges": {}, "otherItems": {}, "netIncome": 43639505, "netIncomeApplicableToCommonShares": 43639505}, {"maxAge": 1, "endDate": "2018-03-31", "totalRevenue": 4194723358, "costOfRevenue": 3483142810, "grossProfit": 711580548, "researchDevelopment": {}, "sellingGeneralAdministrative": 94544729, "nonRecurring": {}, "otherOperatingExpenses": 255448472, "totalOperatingExpenses": 3900978995, "operatingIncome": 293744363, "totalOtherIncomeExpenseNet": -160514787, "ebit": 293744363, "interestExpense": -137123259, "incomeBeforeTax": 133229576, "incomeTaxExpense": 49654875, "minorityInterest": {}, "netIncomeFromContinuingOps": 83574701, "discontinuedOperations": {}, "extraordinaryItems": {}, "effectOfAccountingCharges": {}, "otherItems": {}, "netIncome": 83574701, "netIncomeApplicableToCommonShares": 83574701}, {"maxAge": 1, "endDate": "2017-03-31", "totalRevenue": 3860423932, "costOfRevenue": 2947341445, "grossProfit": 913082487, "researchDevelopment": {}, "sellingGeneralAdministrative": 83670467, "nonRecurring": {}, "otherOperatingExpenses": 182201658, "totalOperatingExpenses": 3286512068, "operatingIncome": 573911864, "totalOtherIncomeExpenseNet": -126230454, "ebit": 573911864, "interestExpense": -186787424, "incomeBeforeTax": 447681410, "incomeTaxExpense": 148984837, "minorityInterest": {}, "netIncomeFromContinuingOps": 298696573, "discontinuedOperations": {}, "extraordinaryItems": {}, "effectOfAccountingCharges": {}, "otherItems": {}, "netIncome": 298696573, "netIncomeApplicableToCommonShares": 298696573}], "maxAge": 86400}, "fundOwnership": {"maxAge": 1, "ownershipList": []}, "summaryDetail": {"maxAge": 1, "priceHint": 2, "previousClose": 24.25, "open": 24.3, "dayLow": 24.15, "dayHigh": 26.0, "regularMarketPreviousClose": 24.25, "regularMarketOpen": 24.3, "regularMarketDayLow": 24.15, "regularMarketDayHigh": 26.0, "trailingPE": 3.1171284, "volume": 78487, "regularMarketVolume": 78487, "averageVolume": 11707, "averageVolume10days": 9107, "averageDailyVolume10Day": 9107, "bid": 24.15, "ask": 0.0, "bidSize": 0, "askSize": 0, "marketCap": 382679552, "fiftyTwoWeekLow": 12.55, "fiftyTwoWeekHigh": 31.75, "fiftyDayAverage": 24.321428, "twoHundredDayAverage": 23.567154, "currency": "INR", "fromCurrency": null, "toCurrency": null, "lastMarket": null, "algorithm": null, "tradeable": false}, "incomeStatementHistoryQuarterly": {"incomeStatementHistory": [{"maxAge": 1, "endDate": "2020-03-31", "totalRevenue": 1599306657, "costOfRevenue": 1256805631, "grossProfit": 342501026, "researchDevelopment": {}, "sellingGeneralAdministrative": 46226935, "nonRecurring": {}, "otherOperatingExpenses": 208973166, "totalOperatingExpenses": 1532942733, "operatingIncome": 66363924, "totalOtherIncomeExpenseNet": -52480793, "ebit": 66363924, "interestExpense": -51664202, "incomeBeforeTax": 13883131, "incomeTaxExpense": 13069414, "minorityInterest": {}, "netIncomeFromContinuingOps": 813717, "discontinuedOperations": {}, "extraordinaryItems": {}, "effectOfAccountingCharges": {}, "otherItems": {}, "netIncome": 813717, "netIncomeApplicableToCommonShares": 813717}, {"maxAge": 1, "endDate": "2019-12-31", "totalRevenue": 1098800000, "costOfRevenue": 841500000, "grossProfit": 257300000, "researchDevelopment": {}, "sellingGeneralAdministrative": 24500000, "nonRecurring": {}, "otherOperatingExpenses": 93300000, "totalOperatingExpenses": 979800000, "operatingIncome": 119000000, "totalOtherIncomeExpenseNet": -46800000, "ebit": 119000000, "interestExpense": -46800000, "incomeBeforeTax": 72200000, "incomeTaxExpense": 27300000, "minorityInterest": {}, "netIncomeFromContinuingOps": 44900000, "discontinuedOperations": {}, "extraordinaryItems": {}, "effectOfAccountingCharges": {}, "otherItems": {}, "netIncome": 44900000, "netIncomeApplicableToCommonShares": 44900000}, {"maxAge": 1, "endDate": "2019-09-30", "totalRevenue": 1416000000, "costOfRevenue": 1125000000, "grossProfit": 291000000, "researchDevelopment": {}, "sellingGeneralAdministrative": 22900000, "nonRecurring": {}, "otherOperatingExpenses": 114200000, "totalOperatingExpenses": 1281800000, "operatingIncome": 134200000, "totalOtherIncomeExpenseNet": -94900000, "ebit": 134200000, "interestExpense": -99000000, "incomeBeforeTax": 35200000, "incomeTaxExpense": 3800000, "minorityInterest": {}, "netIncomeFromContinuingOps": 31400000, "discontinuedOperations": {}, "extraordinaryItems": {}, "effectOfAccountingCharges": {}, "otherItems": {}, "netIncome": 31400000, "netIncomeApplicableToCommonShares": 31400000}, {"maxAge": 1, "endDate": "2019-06-30", "totalRevenue": 1216100000, "costOfRevenue": 872400000, "grossProfit": 343700000, "researchDevelopment": {}, "sellingGeneralAdministrative": 26100000, "nonRecurring": {}, "otherOperatingExpenses": 183000000, "totalOperatingExpenses": 1101200000, "operatingIncome": 114900000, "totalOtherIncomeExpenseNet": -44400000, "ebit": 114900000, "interestExpense": -46000000, "incomeBeforeTax": 70500000, "incomeTaxExpense": 24800000, "minorityInterest": {}, "netIncomeFromContinuingOps": 45700000, "discontinuedOperations": {}, "extraordinaryItems": {}, "effectOfAccountingCharges": {}, "otherItems": {}, "netIncome": 45700000, "netIncomeApplicableToCommonShares": 45700000}], "maxAge": 86400}, "cashflowStatementHistoryQuarterly": {"cashflowStatements": [{"maxAge": 1, "endDate": "2020-03-31", "netIncome": 813717, "changeToLiabilities": 0}, {"maxAge": 1, "endDate": "2019-12-31", "netIncome": 44900000, "changeToLiabilities": 0}, {"maxAge": 1, "endDate": "2019-09-30", "netIncome": 31400000, "changeToLiabilities": 0}, {"maxAge": 1, "endDate": "2019-06-30", "netIncome": 45700000, "changeToLiabilities": 0}], "maxAge": 86400}, "insiderHolders": {"holders": [{"maxAge": 1, "name": "Yadav (Kunal)", "relation": "Chairman of the Board", "url": "", "transactionDescription": "Acquisition", "latestTransDate": "2018-12-03", "positionDirect": 900025, "positionDirectDate": "2018-12-03"}, {"maxAge": 1, "name": "Yadav (Vikas)", "relation": "Promoter", "url": "", "transactionDescription": "Other", "latestTransDate": "2018-12-03", "positionDirect": 0, "positionDirectDate": "2018-12-03"}], "maxAge": 1}, "calendarEvents": {"maxAge": 1, "earnings": {"earningsDate": ["2020-11-09 05:30:S", "2020-11-13 05:30:S"]}}, "price": {"maxAge": 1, "regularMarketChangePercent": 0.020618556, "regularMarketChange": 0.5, "regularMarketTime": "2021-04-30 15:50:18", "priceHint": 2, "regularMarketPrice": 24.75, "regularMarketDayHigh": 26.0, "regularMarketDayLow": 24.15, "regularMarketVolume": 78487, "averageDailyVolume10Day": 9107, "averageDailyVolume3Month": 11707, "regularMarketPreviousClose": 24.25, "regularMarketSource": "FREE_REALTIME", "regularMarketOpen": 24.3, "exchange": "BSE", "exchangeName": "BSE", "exchangeDataDelayedBy": 0, "marketState": "CLOSED", "quoteType": "EQUITY", "symbol": "INDSUCR.BO", "underlyingSymbol": null, "shortName": "INDIAN SUCROSE LTD.", "longName": "Indian Sucrose Limited", "currency": "INR", "quoteSourceName": "Delayed Quote", "currencySymbol": "\u20b9", "fromCurrency": null, "toCurrency": null, "lastMarket": null, "marketCap": 382679552}, "balanceSheetHistory": {"balanceSheetStatements": [{"maxAge": 1, "endDate": "2020-03-31", "cash": 73853153, "shortTermInvestments": 1359008, "netReceivables": 535280194, "inventory": 2184522995, "otherCurrentAssets": 106826321, "totalCurrentAssets": 2905834377, "longTermInvestments": 22555223, "propertyPlantEquipment": 1416160698, "otherAssets": 192443697, "totalAssets": 4536993995, "accountsPayable": 1737568138, "shortLongTermDebt": 622135482, "otherCurrentLiab": 96592466, "longTermDebt": 604072926, "otherLiab": 209307417, "totalCurrentLiabilities": 2832916318, "totalLiab": 3646296661, "commonStock": 154186320, "retainedEarnings": 636412399, "treasuryStock": 33662615, "capitalSurplus": 66436000, "otherStockholderEquity": 33662615, "totalStockholderEquity": 890697334, "netTangibleAssets": 890697334}, {"maxAge": 1, "endDate": "2019-03-31", "cash": 84432625, "netReceivables": 657692140, "inventory": 2502694614, "otherCurrentAssets": 139574792, "totalCurrentAssets": 3384394171, "longTermInvestments": 30479950, "propertyPlantEquipment": 1333450841, "otherAssets": 42686066, "totalAssets": 4791011028, "accountsPayable": 1834738510, "shortLongTermDebt": 8794362, "otherCurrentLiab": 38598535, "longTermDebt": 315750447, "otherLiab": 198088216, "totalCurrentLiabilities": 3419483824, "totalLiab": 3933322487, "commonStock": 154186320, "retainedEarnings": 597630988, "treasuryStock": 39435233, "capitalSurplus": 66436000, "otherStockholderEquity": 39435233, "totalStockholderEquity": 857688541, "netTangibleAssets": 857688541}, {"maxAge": 1, "endDate": "2018-03-31", "cash": 82629343, "shortTermInvestments": 52989466, "netReceivables": 794195865, "inventory": 1792927664, "otherCurrentAssets": 83560446, "totalCurrentAssets": 2808884390, "longTermInvestments": 78202219, "propertyPlantEquipment": 1277989457, "otherAssets": 42681066, "totalAssets": 4207757132, "accountsPayable": 711233919, "shortLongTermDebt": 100078743, "otherCurrentLiab": 133616662, "longTermDebt": 311622581, "otherLiab": 187155905, "totalCurrentLiabilities": 2803660308, "totalLiab": 3302438794, "commonStock": 154183320, "retainedEarnings": 622265806, "treasuryStock": 62433212, "capitalSurplus": 66436000, "otherStockholderEquity": 62433212, "totalStockholderEquity": 905318338, "netTangibleAssets": 905318338}, {"maxAge": 1, "endDate": "2017-03-31", "cash": 155953306, "shortTermInvestments": 54279166, "netReceivables": 635116841, "inventory": 2029697806, "otherCurrentAssets": 161906508, "totalCurrentAssets": 3040046655, "longTermInvestments": 78202219, "propertyPlantEquipment": 740467625, "otherAssets": 13714007, "totalAssets": 3872430506, "accountsPayable": 126384054, "shortLongTermDebt": 102817872, "otherCurrentLiab": 312851436, "longTermDebt": 282210238, "otherLiab": 173863275, "totalCurrentLiabilities": 2550853824, "totalLiab": 3006927337, "commonStock": 154183320, "retainedEarnings": 582450637, "treasuryStock": 62433212, "capitalSurplus": 66436000, "otherStockholderEquity": 62433212, "totalStockholderEquity": 865503169, "netTangibleAssets": 865503169}], "maxAge": 86400}, "financialData": {"maxAge": 86400, "currentPrice": 24.75, "recommendationKey": "none", "grossProfits": 1236101026, "financialCurrency": "INR"}}}