{"INDSILHYD.BO": {"recommendationTrend": {"trend": [{"period": "0m", "strongBuy": 0, "buy": 0, "hold": 0, "sell": 0, "strongSell": 0}, {"period": "-1m", "strongBuy": 0, "buy": 0, "hold": 0, "sell": 0, "strongSell": 0}, {"period": "-2m", "strongBuy": 0, "buy": 0, "hold": 0, "sell": 0, "strongSell": 0}, {"period": "-3m", "strongBuy": 0, "buy": 0, "hold": 0, "sell": 0, "strongSell": 0}], "maxAge": 86400}, "cashflowStatementHistory": {"cashflowStatements": [{"maxAge": 1, "endDate": "2020-03-31", "netIncome": -423190000, "depreciation": 292423610, "changeToNetincome": 13188313, "changeToAccountReceivables": 59408770, "changeToLiabilities": -332292559, "changeToInventory": 89506292, "changeToOperatingActivities": 318359231, "totalCashFromOperatingActivities": 47913268, "capitalExpenditures": -897781514, "investments": -15575896, "otherCashflowsFromInvestingActivities": 63986634, "totalCashflowsFromInvestingActivities": -849370776, "netBorrowings": -100865347, "otherCashflowsFromFinancingActivities": 484894099, "totalCashFromFinancingActivities": 384242832, "changeInCash": -417214676, "issuanceOfStock": 214080}, {"maxAge": 1, "endDate": "2019-03-31", "netIncome": 87715831, "depreciation": 299451698, "changeToNetincome": 187909665, "changeToAccountReceivables": -92171357, "changeToLiabilities": 445327665, "changeToInventory": -310866820, "changeToOperatingActivities": -273347601, "totalCashFromOperatingActivities": 312522239, "capitalExpenditures": -569380128, "investments": -24315222, "otherCashflowsFromInvestingActivities": 40728071, "totalCashflowsFromInvestingActivities": -552967279, "netBorrowings": -11331598, "otherCashflowsFromFinancingActivities": -277792632, "totalCashFromFinancingActivities": -289124230, "changeInCash": -529569270, "issuanceOfStock": 214080}, {"maxAge": 1, "endDate": "2018-03-31", "netIncome": 274477476, "depreciation": 258691179, "changeToNetincome": 1258275578, "changeToAccountReceivables": -226395983, "changeToLiabilities": -36353804, "changeToInventory": -1684101366, "changeToOperatingActivities": 331152833, "totalCashFromOperatingActivities": 172140938, "capitalExpenditures": -2387658470, "investments": 7147705, "otherCashflowsFromInvestingActivities": 39551335, "totalCashflowsFromInvestingActivities": -2340959430, "netBorrowings": 237334507, "otherCashflowsFromFinancingActivities": -348583556, "totalCashFromFinancingActivities": 157580171, "changeInCash": -2011238320, "issuanceOfStock": 118829220}, {"maxAge": 1, "endDate": "2017-03-31", "netIncome": 15130725, "depreciation": 109634809, "changeToNetincome": 44399636, "changeToAccountReceivables": -9869122, "changeToLiabilities": 73910327, "changeToInventory": -22667721, "changeToOperatingActivities": 127078491, "totalCashFromOperatingActivities": 351748639, "capitalExpenditures": -24573039, "investments": 7147705, "otherCashflowsFromInvestingActivities": 35850353, "totalCashflowsFromInvestingActivities": 11277314, "dividendsPaid": -12709434, "netBorrowings": -107802908, "otherCashflowsFromFinancingActivities": -199968024, "totalCashFromFinancingActivities": -320480366, "changeInCash": 42545587, "issuanceOfStock": 118829220}], "maxAge": 86400}, "institutionOwnership": {"maxAge": 1, "ownershipList": []}, "balanceSheetHistoryQuarterly": {"balanceSheetStatements": [{"maxAge": 1, "endDate": "2020-06-30", "totalStockholderEquity": 1463116000, "netTangibleAssets": 1456244000}, {"maxAge": 1, "endDate": "2020-03-31", "cash": 37424000, "netReceivables": 650495000, "inventory": 2529799000, "otherCurrentAssets": 1842000, "totalCurrentAssets": 3219560000, "longTermInvestments": 26315000, "propertyPlantEquipment": 4054603000, "intangibleAssets": 6872000, "otherAssets": 279869000, "totalAssets": 7587219000, "accountsPayable": 429913000, "otherCurrentLiab": 634431000, "longTermDebt": 498959000, "otherLiab": 1018324000, "totalCurrentLiabilities": 4606820000, "totalLiab": 6124103000, "commonStock": 277911000, "treasuryStock": 1185205000, "otherStockholderEquity": 1185205000, "totalStockholderEquity": 1463116000, "netTangibleAssets": 1456244000}, {"maxAge": 1, "endDate": "2019-12-31", "totalStockholderEquity": 2159658000, "netTangibleAssets": 1978288000}, {"maxAge": 1, "endDate": "2019-09-30", "cash": 41040000, "netReceivables": 731271000, "inventory": 2492060000, "otherCurrentAssets": 8544000, "totalCurrentAssets": 3272915000, "longTermInvestments": 26163000, "propertyPlantEquipment": 3147783000, "intangibleAssets": 181370000, "otherAssets": 296396000, "totalAssets": 6924627000, "accountsPayable": 568976000, "otherCurrentLiab": 344755000, "longTermDebt": 469787000, "otherLiab": 209626000, "totalCurrentLiabilities": 4085556000, "totalLiab": 4764969000, "commonStock": 277697000, "treasuryStock": 1881961000, "otherStockholderEquity": 1881961000, "totalStockholderEquity": 2159658000, "netTangibleAssets": 1978288000}], "maxAge": 86400}, "earningsHistory": {"history": [{"maxAge": 1, "epsActual": {}, "epsEstimate": {}, "epsDifference": {}, "surprisePercent": {}, "quarter": {}, "period": "-4q"}, {"maxAge": 1, "epsActual": {}, "epsEstimate": {}, "epsDifference": {}, "surprisePercent": {}, "quarter": {}, "period": "-3q"}, {"maxAge": 1, "epsActual": {}, "epsEstimate": {}, "epsDifference": {}, "surprisePercent": {}, "quarter": {}, "period": "-2q"}, {"maxAge": 1, "epsActual": {}, "epsEstimate": {}, "epsDifference": {}, "surprisePercent": {}, "quarter": {}, "period": "-1q"}], "maxAge": 86400}, "indexTrend": {"maxAge": 1, "symbol": "SP5", "peRatio": 19.7411, "pegRatio": 1.34172, "estimates": [{"period": "0q", "growth": 0.549}, {"period": "+1q", "growth": 0.431}, {"period": "0y", "growth": 0.305}, {"period": "+1y", "growth": 0.109}, {"period": "+5y", "growth": 0.120859005}, {"period": "-5y"}]}, "industryTrend": {"maxAge": 1, "symbol": null, "estimates": []}, "insiderTransactions": {"transactions": [{"maxAge": 1, "shares": 14333, "filerUrl": "", "transactionText": "", "filerName": "Sunmet Holdings India Pvt Ltd", "filerRelation": "Promoter", "moneyText": "", "startDate": "2019-09-04", "ownership": "D"}, {"maxAge": 1, "shares": 14333, "filerUrl": "", "transactionText": "", "filerName": "SNV Holdings Pvt Ltd", "filerRelation": "Promoter", "moneyText": "", "startDate": "2019-09-04", "ownership": "D"}], "maxAge": 1}, "quoteType": {"exchange": "BSE", "quoteType": "EQUITY", "symbol": "INDSILHYD.BO", "underlyingSymbol": "INDSILHYD.BO", "shortName": "INDSIL HYDRO POWER AND MANGANE", "longName": "Indsil Hydro Power and Manganese Limited", "firstTradeDateEpochUtc": "2002-07-01 09:15:00", "timeZoneFullName": "Asia/Kolkata", "timeZoneShortName": "IST", "uuid": "467cb0f8-1a05-3cfa-9031-65cf06095438", "messageBoardId": null, "gmtOffSetMilliseconds": 19800000, "maxAge": 1}, "incomeStatementHistory": {"incomeStatementHistory": [{"maxAge": 1, "endDate": "2020-03-31", "totalRevenue": 5176558000, "costOfRevenue": 3054302000, "grossProfit": 2122256000, "researchDevelopment": {}, "sellingGeneralAdministrative": 373137000, "nonRecurring": {}, "otherOperatingExpenses": 1856275000, "totalOperatingExpenses": 5576138000, "operatingIncome": -399580000, "totalOtherIncomeExpenseNet": -243174000, "ebit": -399580000, "interestExpense": -373891000, "incomeBeforeTax": -642754000, "incomeTaxExpense": -10726000, "minorityInterest": {}, "netIncomeFromContinuingOps": -632028000, "discontinuedOperations": {}, "extraordinaryItems": {}, "effectOfAccountingCharges": {}, "otherItems": {}, "netIncome": -423190000, "netIncomeApplicableToCommonShares": -423190000}, {"maxAge": 1, "endDate": "2019-03-31", "totalRevenue": 6858242565, "costOfRevenue": 3792924047, "grossProfit": 3065318518, "researchDevelopment": {}, "sellingGeneralAdministrative": 377765856, "nonRecurring": {}, "otherOperatingExpenses": 1907146719, "totalOperatingExpenses": 6377288320, "operatingIncome": 480954245, "totalOtherIncomeExpenseNet": -279024996, "ebit": 480954245, "interestExpense": -313903377, "incomeBeforeTax": 201929249, "incomeTaxExpense": 27230553, "minorityInterest": 468379163, "netIncomeFromContinuingOps": 174698696, "discontinuedOperations": {}, "extraordinaryItems": {}, "effectOfAccountingCharges": {}, "otherItems": {}, "netIncome": 87715831, "netIncomeApplicableToCommonShares": 87715831}, {"maxAge": 1, "endDate": "2018-03-31", "totalRevenue": 7464463393, "costOfRevenue": 3987010651, "grossProfit": 3477452742, "researchDevelopment": {}, "sellingGeneralAdministrative": 362298886, "nonRecurring": {}, "otherOperatingExpenses": 2114217331, "totalOperatingExpenses": 6722218047, "operatingIncome": 742245346, "totalOtherIncomeExpenseNet": -249190268, "ebit": 742245346, "interestExpense": -274288875, "incomeBeforeTax": 493055078, "incomeTaxExpense": 18236806, "minorityInterest": 376547745, "netIncomeFromContinuingOps": 474818272, "discontinuedOperations": {}, "extraordinaryItems": {}, "effectOfAccountingCharges": {}, "otherItems": {}, "netIncome": 274477476, "netIncomeApplicableToCommonShares": 274477476}, {"maxAge": 1, "endDate": "2017-03-31", "totalRevenue": 2274352060, "costOfRevenue": 1170337057, "grossProfit": 1104015003, "researchDevelopment": {}, "sellingGeneralAdministrative": 147898846, "nonRecurring": {}, "otherOperatingExpenses": 721491989, "totalOperatingExpenses": 2149362701, "operatingIncome": 124989359, "totalOtherIncomeExpenseNet": -109213427, "ebit": 124989359, "interestExpense": -100108834, "incomeBeforeTax": 15775932, "incomeTaxExpense": 645207, "minorityInterest": 376547745, "netIncomeFromContinuingOps": 15130725, "discontinuedOperations": {}, "extraordinaryItems": {}, "effectOfAccountingCharges": {}, "otherItems": {}, "netIncome": 15130725, "netIncomeApplicableToCommonShares": 15130725}], "maxAge": 86400}, "fundOwnership": {"maxAge": 1, "ownershipList": []}, "summaryDetail": {"maxAge": 1, "priceHint": 2, "previousClose": 12.57, "open": 12.85, "dayLow": 11.95, "dayHigh": 13.1, "regularMarketPreviousClose": 12.57, "regularMarketOpen": 12.85, "regularMarketDayLow": 11.95, "regularMarketDayHigh": 13.1, "volume": 11047, "regularMarketVolume": 11047, "averageVolume": 17459, "averageVolume10days": 13918, "averageDailyVolume10Day": 13918, "bid": 12.65, "ask": 13.1, "bidSize": 0, "askSize": 0, "marketCap": 360450560, "fiftyTwoWeekLow": 6.3, "fiftyTwoWeekHigh": 19.29, "fiftyDayAverage": 14.969706, "twoHundredDayAverage": 13.039632, "trailingAnnualDividendRate": 0.6, "trailingAnnualDividendYield": 0.0477327, "currency": "INR", "fromCurrency": null, "toCurrency": null, "lastMarket": null, "algorithm": null, "tradeable": false}, "sectorTrend": {"maxAge": 1, "symbol": null, "estimates": []}, "incomeStatementHistoryQuarterly": {"incomeStatementHistory": [{"maxAge": 1, "endDate": "2020-06-30", "totalRevenue": 74638000, "costOfRevenue": -7361000, "grossProfit": 81999000, "researchDevelopment": {}, "sellingGeneralAdministrative": 8876000, "nonRecurring": {}, "otherOperatingExpenses": 45096000, "totalOperatingExpenses": 63586000, "operatingIncome": 11052000, "totalOtherIncomeExpenseNet": -46379000, "ebit": 11052000, "interestExpense": -49406000, "incomeBeforeTax": -35327000, "incomeTaxExpense": 1636000, "minorityInterest": {}, "netIncomeFromContinuingOps": -36963000, "discontinuedOperations": {}, "extraordinaryItems": {}, "effectOfAccountingCharges": {}, "otherItems": {}, "netIncome": -36963000, "netIncomeApplicableToCommonShares": -36963000}, {"maxAge": 1, "endDate": "2020-03-31", "totalRevenue": 1024138000, "costOfRevenue": 754430000, "grossProfit": 269708000, "researchDevelopment": {}, "sellingGeneralAdministrative": 119499000, "nonRecurring": {}, "otherOperatingExpenses": 448192000, "totalOperatingExpenses": 1429281000, "operatingIncome": -405143000, "totalOtherIncomeExpenseNet": -54621000, "ebit": -405143000, "interestExpense": -128559000, "incomeBeforeTax": -459764000, "incomeTaxExpense": 4193000, "minorityInterest": {}, "netIncomeFromContinuingOps": -463957000, "discontinuedOperations": {}, "extraordinaryItems": {}, "effectOfAccountingCharges": {}, "otherItems": {}, "netIncome": -306406000, "netIncomeApplicableToCommonShares": -306406000}, {"maxAge": 1, "endDate": "2019-12-31", "totalRevenue": 1223918000, "costOfRevenue": 713072000, "grossProfit": 510846000, "researchDevelopment": {}, "sellingGeneralAdministrative": 84209000, "nonRecurring": {}, "otherOperatingExpenses": 432933000, "totalOperatingExpenses": 1293054000, "operatingIncome": -69136000, "totalOtherIncomeExpenseNet": -70757000, "ebit": -69136000, "interestExpense": -85481000, "incomeBeforeTax": -139893000, "incomeTaxExpense": -60000, "minorityInterest": {}, "netIncomeFromContinuingOps": -139833000, "discontinuedOperations": {}, "extraordinaryItems": {}, "effectOfAccountingCharges": {}, "otherItems": {}, "netIncome": -98094000, "netIncomeApplicableToCommonShares": -98094000}, {"maxAge": 1, "endDate": "2019-09-30", "totalRevenue": 1325470000, "costOfRevenue": 691115000, "grossProfit": 634355000, "researchDevelopment": {}, "sellingGeneralAdministrative": 84534000, "nonRecurring": {}, "otherOperatingExpenses": 454531000, "totalOperatingExpenses": 1290282000, "operatingIncome": 35188000, "totalOtherIncomeExpenseNet": -82513000, "ebit": 35188000, "interestExpense": -79709000, "incomeBeforeTax": -47325000, "incomeTaxExpense": -15497000, "minorityInterest": {}, "netIncomeFromContinuingOps": -31828000, "discontinuedOperations": {}, "extraordinaryItems": {}, "effectOfAccountingCharges": {}, "otherItems": {}, "netIncome": -21494000, "netIncomeApplicableToCommonShares": -21494000}], "maxAge": 86400}, "cashflowStatementHistoryQuarterly": {"cashflowStatements": [{"maxAge": 1, "endDate": "2020-06-30", "netIncome": -36963000, "changeToLiabilities": 0}, {"maxAge": 1, "endDate": "2020-03-31", "netIncome": -306406000, "changeToLiabilities": 0}, {"maxAge": 1, "endDate": "2019-12-31", "netIncome": -98094000, "changeToLiabilities": 0}, {"maxAge": 1, "endDate": "2019-09-30", "netIncome": -21494000, "changeToLiabilities": 0}], "maxAge": 86400}, "insiderHolders": {"holders": [{"maxAge": 1, "name": "SNV Holdings Pvt Ltd", "relation": "Promoter", "url": "", "transactionDescription": "Sale", "latestTransDate": "2019-09-04", "positionDirect": 0, "positionDirectDate": "2019-09-04"}, {"maxAge": 1, "name": "Sunmet Holdings India Pvt Ltd", "relation": "Promoter", "url": "", "transactionDescription": "Acquisition", "latestTransDate": "2019-09-04", "positionDirect": 14017745, "positionDirectDate": "2019-09-04"}], "maxAge": 1}, "earnings": {"maxAge": 86400, "earningsChart": {"quarterly": [], "earningsDate": []}, "financialsChart": {"yearly": [{"date": 2017, "revenue": 2274352060, "earnings": 15130725}, {"date": 2018, "revenue": 7464463393, "earnings": 274477476}, {"date": 2019, "revenue": 6858242565, "earnings": 87715831}, {"date": 2020, "revenue": 5176558000, "earnings": -423190000}], "quarterly": [{"date": "3Q2019", "revenue": 1325470000, "earnings": -21494000}, {"date": "4Q2019", "revenue": 1223918000, "earnings": -98094000}, {"date": "1Q2020", "revenue": 1024138000, "earnings": -306406000}, {"date": "2Q2020", "revenue": 74638000, "earnings": -36963000}]}, "financialCurrency": "INR"}, "calendarEvents": {"maxAge": 1, "earnings": {"earningsDate": []}}, "price": {"maxAge": 1, "regularMarketChangePercent": 0.031821843, "regularMarketChange": 0.40000057, "regularMarketTime": "2021-04-30 15:29:25", "priceHint": 2, "regularMarketPrice": 12.97, "regularMarketDayHigh": 13.1, "regularMarketDayLow": 11.95, "regularMarketVolume": 11047, "averageDailyVolume10Day": 13918, "averageDailyVolume3Month": 17459, "regularMarketPreviousClose": 12.57, "regularMarketSource": "FREE_REALTIME", "regularMarketOpen": 12.85, "exchange": "BSE", "exchangeName": "BSE", "exchangeDataDelayedBy": 0, "marketState": "CLOSED", "quoteType": "EQUITY", "symbol": "INDSILHYD.BO", "underlyingSymbol": null, "shortName": "INDSIL HYDRO POWER AND MANGANE", "longName": "Indsil Hydro Power and Manganese Limited", "currency": "INR", "quoteSourceName": "Delayed Quote", "currencySymbol": "\u20b9", "fromCurrency": null, "toCurrency": null, "lastMarket": null, "marketCap": 360450560}, "balanceSheetHistory": {"balanceSheetStatements": [{"maxAge": 1, "endDate": "2020-03-31", "cash": 37424000, "netReceivables": 650495000, "inventory": 2529799000, "otherCurrentAssets": 1842000, "totalCurrentAssets": 3219560000, "longTermInvestments": 26315000, "propertyPlantEquipment": 4054603000, "intangibleAssets": 6872000, "otherAssets": 279869000, "totalAssets": 7587219000, "accountsPayable": 429913000, "otherCurrentLiab": 634431000, "longTermDebt": 498959000, "otherLiab": 1018324000, "totalCurrentLiabilities": 4606820000, "totalLiab": 6124103000, "commonStock": 277911000, "treasuryStock": 1185205000, "otherStockholderEquity": 1185205000, "totalStockholderEquity": 1463116000, "netTangibleAssets": 1456244000}, {"maxAge": 1, "endDate": "2019-03-31", "cash": 11971488, "shortTermInvestments": 12007296, "netReceivables": 1006009354, "inventory": 2619305803, "otherCurrentAssets": 66981211, "totalCurrentAssets": 3716275152, "longTermInvestments": 26365956, "propertyPlantEquipment": 3275069081, "intangibleAssets": 181048594, "otherAssets": 293521176, "totalAssets": 7492279959, "accountsPayable": 762206044, "shortLongTermDebt": 83447528, "otherCurrentLiab": 47965648, "longTermDebt": 599824387, "otherLiab": 183968857, "minorityInterest": 468379163, "totalCurrentLiabilities": 4483082264, "totalLiab": 5270398399, "commonStock": 277697140, "retainedEarnings": 1552976858, "treasuryStock": -417070072, "capitalSurplus": 189898471, "otherStockholderEquity": -417070072, "totalStockholderEquity": 1603502397, "netTangibleAssets": 1422453803}, {"maxAge": 1, "endDate": "2018-03-31", "cash": 13410870, "shortTermInvestments": 123838106, "netReceivables": 873357197, "inventory": 2308438983, "otherCurrentAssets": 53175238, "totalCurrentAssets": 3372220394, "longTermInvestments": 2050734, "propertyPlantEquipment": 3004191737, "intangibleAssets": 181997508, "otherAssets": 387503032, "deferredLongTermAssetCharges": 53273115, "totalAssets": 6947963405, "accountsPayable": 316878379, "shortLongTermDebt": 158095249, "otherCurrentLiab": 193904095, "longTermDebt": 611155985, "otherLiab": 221032040, "minorityInterest": 376547745, "totalCurrentLiabilities": 3854322323, "totalLiab": 4709210028, "commonStock": 277697140, "retainedEarnings": 1577837771, "treasuryStock": -333227750, "capitalSurplus": 189898471, "otherStockholderEquity": -333227750, "totalStockholderEquity": 1712205632, "netTangibleAssets": 1530208124}, {"maxAge": 1, "endDate": "2017-03-31", "cash": 4772251, "shortTermInvestments": 574687, "netReceivables": 432098948, "inventory": 624337617, "otherCurrentAssets": 38039633, "totalCurrentAssets": 1099823136, "longTermInvestments": 6088344, "propertyPlantEquipment": 1032260471, "intangibleAssets": 24961484, "otherAssets": 289914385, "deferredLongTermAssetCharges": 53848997, "totalAssets": 2453047820, "accountsPayable": 353232183, "shortLongTermDebt": 6957396, "otherCurrentLiab": 90537321, "longTermDebt": 373821478, "otherLiab": 160574960, "totalCurrentLiabilities": 1204637396, "totalLiab": 1752277236, "commonStock": 158867920, "retainedEarnings": 673043101, "treasuryStock": -140833393, "capitalSurplus": 9692956, "otherStockholderEquity": -140833393, "totalStockholderEquity": 700770584, "netTangibleAssets": 675809100}], "maxAge": 86400}, "earningsTrend": {"trend": [{"maxAge": 1, "period": "0q", "endDate": null, "growth": {}, "earningsEstimate": {"avg": 0.0, "low": 0.0, "high": 0.0, "yearAgoEps": {}, "numberOfAnalysts": 0, "growth": {}}, "revenueEstimate": {"avg": 0, "low": 0, "high": 0, "numberOfAnalysts": 0, "yearAgoRevenue": {}, "growth": {}}, "epsTrend": {"current": 0.0, "7daysAgo": 0.0, "30daysAgo": 0.0, "60daysAgo": 0.0, "90daysAgo": 0.0}, "epsRevisions": {"upLast7days": 0, "upLast30days": 0, "downLast30days": 0, "downLast90days": {}}}, {"maxAge": 1, "period": "+1q", "endDate": null, "growth": {}, "earningsEstimate": {"avg": 0.0, "low": 0.0, "high": 0.0, "yearAgoEps": {}, "numberOfAnalysts": 0, "growth": {}}, "revenueEstimate": {"avg": 0, "low": 0, "high": 0, "numberOfAnalysts": 0, "yearAgoRevenue": {}, "growth": {}}, "epsTrend": {"current": 0.0, "7daysAgo": 0.0, "30daysAgo": 0.0, "60daysAgo": 0.0, "90daysAgo": 0.0}, "epsRevisions": {"upLast7days": 0, "upLast30days": 0, "downLast30days": 0, "downLast90days": {}}}, {"maxAge": 1, "period": "0y", "endDate": null, "growth": {}, "earningsEstimate": {"avg": 0.0, "low": 0.0, "high": 0.0, "yearAgoEps": {}, "numberOfAnalysts": 0, "growth": {}}, "revenueEstimate": {"avg": 0, "low": 0, "high": 0, "numberOfAnalysts": 0, "yearAgoRevenue": {}, "growth": {}}, "epsTrend": {"current": 0.0, "7daysAgo": 0.0, "30daysAgo": 0.0, "60daysAgo": 0.0, "90daysAgo": 0.0}, "epsRevisions": {"upLast7days": 0, "upLast30days": 0, "downLast30days": 0, "downLast90days": {}}}, {"maxAge": 1, "period": "+1y", "endDate": null, "growth": {}, "earningsEstimate": {"avg": 0.0, "low": 0.0, "high": 0.0, "yearAgoEps": {}, "numberOfAnalysts": 0, "growth": {}}, "revenueEstimate": {"avg": 0, "low": 0, "high": 0, "numberOfAnalysts": 0, "yearAgoRevenue": {}, "growth": {}}, "epsTrend": {"current": 0.0, "7daysAgo": 0.0, "30daysAgo": 0.0, "60daysAgo": 0.0, "90daysAgo": 0.0}, "epsRevisions": {"upLast7days": 0, "upLast30days": 0, "downLast30days": 0, "downLast90days": {}}}, {"maxAge": 1, "period": "+5y", "endDate": null, "growth": {}, "earningsEstimate": {"avg": {}, "low": {}, "high": {}, "yearAgoEps": {}, "numberOfAnalysts": {}, "growth": {}}, "revenueEstimate": {"avg": {}, "low": {}, "high": {}, "numberOfAnalysts": {}, "yearAgoRevenue": {}, "growth": {}}, "epsTrend": {"current": {}, "7daysAgo": {}, "30daysAgo": {}, "60daysAgo": {}, "90daysAgo": {}}, "epsRevisions": {"upLast7days": {}, "upLast30days": {}, "downLast30days": {}, "downLast90days": {}}}, {"maxAge": 1, "period": "-5y", "endDate": null, "growth": {}, "earningsEstimate": {"avg": {}, "low": {}, "high": {}, "yearAgoEps": {}, "numberOfAnalysts": {}, "growth": {}}, "revenueEstimate": {"avg": {}, "low": {}, "high": {}, "numberOfAnalysts": {}, "yearAgoRevenue": {}, "growth": {}}, "epsTrend": {"current": {}, "7daysAgo": {}, "30daysAgo": {}, "60daysAgo": {}, "90daysAgo": {}}, "epsRevisions": {"upLast7days": {}, "upLast30days": {}, "downLast30days": {}, "downLast90days": {}}}], "maxAge": 1}, "financialData": {"maxAge": 86400, "currentPrice": 12.97, "recommendationKey": "none", "grossProfits": 2122256000, "financialCurrency": "INR"}}}