{"INDTONER.BO": {"recommendationTrend": {"trend": [{"period": "0m", "strongBuy": 0, "buy": 0, "hold": 0, "sell": 0, "strongSell": 0}, {"period": "-1m", "strongBuy": 0, "buy": 0, "hold": 0, "sell": 0, "strongSell": 0}, {"period": "-2m", "strongBuy": 0, "buy": 0, "hold": 0, "sell": 0, "strongSell": 0}, {"period": "-3m", "strongBuy": 0, "buy": 0, "hold": 0, "sell": 0, "strongSell": 0}], "maxAge": 86400}, "cashflowStatementHistory": {"cashflowStatements": [{"maxAge": 1, "endDate": "2020-03-31", "netIncome": 118677000, "depreciation": 43103000, "changeToNetincome": -74837000, "changeToAccountReceivables": 39086000, "changeToLiabilities": -29268000, "changeToInventory": 15610000, "changeToOperatingActivities": 18668000, "totalCashFromOperatingActivities": 131227000, "capitalExpenditures": -40534000, "investments": -60631000, "otherCashflowsFromInvestingActivities": 19462000, "totalCashflowsFromInvestingActivities": -81703000, "dividendsPaid": -68117000, "netBorrowings": -5450000, "otherCashflowsFromFinancingActivities": -5136000, "totalCashFromFinancingActivities": -78703000, "effectOfExchangeRate": 196000, "changeInCash": -28983000}, {"maxAge": 1, "endDate": "2019-03-31", "netIncome": 199322000, "depreciation": 37502000, "changeToNetincome": -59146000, "changeToAccountReceivables": -7026000, "changeToLiabilities": -5867000, "changeToInventory": -51660000, "changeToOperatingActivities": 23133000, "totalCashFromOperatingActivities": 136465000, "capitalExpenditures": -54449000, "investments": 19361000, "otherCashflowsFromInvestingActivities": 11752000, "totalCashflowsFromInvestingActivities": -23229000, "dividendsPaid": -39485000, "netBorrowings": -5450000, "otherCashflowsFromFinancingActivities": -14428000, "totalCashFromFinancingActivities": -53913000, "effectOfExchangeRate": 103000, "changeInCash": 59436000}, {"maxAge": 1, "endDate": "2018-03-31", "netIncome": 240523000, "depreciation": 36757000, "changeToNetincome": -61015000, "changeToAccountReceivables": -30371000, "changeToLiabilities": 45200000, "changeToInventory": -19562000, "changeToOperatingActivities": -24764000, "totalCashFromOperatingActivities": 186768000, "capitalExpenditures": -37904000, "investments": -133005000, "otherCashflowsFromInvestingActivities": 16515000, "totalCashflowsFromInvestingActivities": -153928000, "dividendsPaid": -34380000, "netBorrowings": -5450000, "otherCashflowsFromFinancingActivities": -5679000, "totalCashFromFinancingActivities": -40059000, "effectOfExchangeRate": -3000, "changeInCash": -7223000}, {"maxAge": 1, "endDate": "2017-03-31", "netIncome": 228739000, "depreciation": 32101000, "changeToNetincome": -45325000, "changeToAccountReceivables": -35103000, "changeToLiabilities": -741000, "changeToInventory": 18084000, "changeToOperatingActivities": -18683000, "totalCashFromOperatingActivities": 179107000, "capitalExpenditures": -99626000, "investments": -74090000, "otherCashflowsFromInvestingActivities": 14039000, "totalCashflowsFromInvestingActivities": -157832000, "dividendsPaid": -13872000, "netBorrowings": -5450000, "otherCashflowsFromFinancingActivities": -3609000, "totalCashFromFinancingActivities": -17481000, "effectOfExchangeRate": -34000, "changeInCash": 3760000}], "maxAge": 86400}, "institutionOwnership": {"ownershipList": [], "maxAge": 1}, "balanceSheetHistoryQuarterly": {"balanceSheetStatements": [{"maxAge": 1, "endDate": "2020-06-30", "totalStockholderEquity": 1825786000, "netTangibleAssets": 1825611000}, {"maxAge": 1, "endDate": "2020-03-31", "cash": 78722000, "shortTermInvestments": 82580000, "netReceivables": 153909000, "inventory": 171478000, "otherCurrentAssets": 56844000, "totalCurrentAssets": 546338000, "longTermInvestments": 920155000, "propertyPlantEquipment": 541218000, "intangibleAssets": 175000, "otherAssets": 18151000, "totalAssets": 2026037000, "accountsPayable": 121867000, "otherCurrentLiab": 22455000, "otherLiab": 20185000, "deferredLongTermLiab": 128000, "totalCurrentLiabilities": 175069000, "totalLiab": 200251000, "commonStock": 131616000, "retainedEarnings": 1703491000, "treasuryStock": -9321000, "otherStockholderEquity": -9321000, "totalStockholderEquity": 1825786000, "netTangibleAssets": 1825611000}, {"maxAge": 1, "endDate": "2019-12-31", "totalStockholderEquity": 1822262000, "netTangibleAssets": 1822006000}, {"maxAge": 1, "endDate": "2019-09-30", "cash": 93836000, "shortTermInvestments": 124763000, "netReceivables": 191055000, "inventory": 149453000, "otherCurrentAssets": 24553000, "totalCurrentAssets": 583660000, "longTermInvestments": 909068000, "propertyPlantEquipment": 513877000, "intangibleAssets": 256000, "otherAssets": 14280000, "totalAssets": 2021141000, "accountsPayable": 100131000, "otherCurrentLiab": 65662000, "otherLiab": 30033000, "totalCurrentLiabilities": 168846000, "totalLiab": 198879000, "commonStock": 131616000, "treasuryStock": 1690646000, "otherStockholderEquity": 1690646000, "totalStockholderEquity": 1822262000, "netTangibleAssets": 1822006000}], "maxAge": 86400}, "earningsHistory": {"history": [{"maxAge": 1, "epsActual": {}, "epsEstimate": {}, "epsDifference": {}, "surprisePercent": {}, "quarter": {}, "period": "-4q"}, {"maxAge": 1, "epsActual": {}, "epsEstimate": {}, "epsDifference": {}, "surprisePercent": {}, "quarter": {}, "period": "-3q"}, {"maxAge": 1, "epsActual": {}, "epsEstimate": {}, "epsDifference": {}, "surprisePercent": {}, "quarter": {}, "period": "-2q"}, {"maxAge": 1, "epsActual": {}, "epsEstimate": {}, "epsDifference": {}, "surprisePercent": {}, "quarter": {}, "period": "-1q"}], "maxAge": 86400}, "indexTrend": {"maxAge": 1, "symbol": "SP5", "peRatio": 19.7411, "pegRatio": 1.34172, "estimates": [{"period": "0q", "growth": 0.549}, {"period": "+1q", "growth": 0.431}, {"period": "0y", "growth": 0.305}, {"period": "+1y", "growth": 0.109}, {"period": "+5y", "growth": 0.120859005}, {"period": "-5y"}]}, "industryTrend": {"maxAge": 1, "symbol": null, "estimates": []}, "insiderTransactions": {"transactions": [{"maxAge": 1, "shares": 1472796, "value": 1122123, "filerUrl": "", "transactionText": "Gift at price 0.76 per share.", "filerName": "Jain (Aashima)", "filerRelation": "Promoter", "moneyText": "", "startDate": "2020-03-18", "ownership": "D"}, {"maxAge": 1, "shares": 1728447, "value": 1316903, "filerUrl": "", "transactionText": "Gift at price 0.76 per share.", "filerName": "Jain (Akshat)", "filerRelation": "Promoter", "moneyText": "", "startDate": "2020-03-18", "ownership": "D"}, {"maxAge": 1, "shares": 3290403, "value": 2506958, "filerUrl": "", "transactionText": "Gift at price 0.76 per share.", "filerName": "Jain (Nandita)", "filerRelation": "Promoter", "moneyText": "", "startDate": "2020-03-18", "ownership": "D"}, {"maxAge": 1, "shares": 3201243, "filerUrl": "", "transactionText": "", "filerName": "Jain (Sushil & Nandita)", "filerRelation": "Promoter", "moneyText": "", "startDate": "2020-03-18", "ownership": "D"}, {"maxAge": 1, "shares": 3201243, "value": 2439027, "filerUrl": "", "transactionText": "Gift at price 0.76 per share.", "filerName": "Jain (Sushil)", "filerRelation": "Chairman of the Board", "moneyText": "", "startDate": "2020-03-18", "ownership": "D"}, {"maxAge": 1, "shares": 5240, "filerUrl": "", "transactionText": "", "filerName": "Jain (Sushil)", "filerRelation": "Executive Chairman", "moneyText": "", "startDate": "2018-12-11", "ownership": "D"}, {"maxAge": 1, "shares": 20, "filerUrl": "", "transactionText": "", "filerName": "Jain (Sushil)", "filerRelation": "Chairman of the Board", "moneyText": "", "startDate": "2017-12-30", "ownership": "D"}, {"maxAge": 1, "shares": 20, "filerUrl": "", "transactionText": "", "filerName": "Jain (Sushil)", "filerRelation": "Chairman of the Board", "moneyText": "", "startDate": "2017-12-08", "ownership": "D"}, {"maxAge": 1, "shares": 1103756, "filerUrl": "", "transactionText": "", "filerName": "Jain (Aashima)", "filerRelation": "Promoter", "moneyText": "", "startDate": "2017-08-31", "ownership": "D"}, {"maxAge": 1, "shares": 1266807, "filerUrl": "", "transactionText": "", "filerName": "Jain (Akshat)", "filerRelation": "Promoter", "moneyText": "", "startDate": "2017-08-31", "ownership": "D"}, {"maxAge": 1, "shares": 1726255, "filerUrl": "", "transactionText": "", "filerName": "Jain (Nandita)", "filerRelation": "Promoter", "moneyText": "", "startDate": "2017-08-31", "ownership": "D"}, {"maxAge": 1, "shares": 3834062, "filerUrl": "", "transactionText": "", "filerName": "Jain (Sushil)", "filerRelation": "Chairman of the Board", "moneyText": "", "startDate": "2017-08-31", "ownership": "D"}], "maxAge": 1}, "quoteType": {"exchange": "BSE", "quoteType": "EQUITY", "symbol": "INDTONER.BO", "underlyingSymbol": "INDTONER.BO", "shortName": "INDIAN TONERS & DEVELOPERS LTD", "longName": "Indian Toners & Developers Limited", "firstTradeDateEpochUtc": "2000-09-11 09:15:00", "timeZoneFullName": "Asia/Kolkata", "timeZoneShortName": "IST", "uuid": "f359234f-2c8c-3c9e-88ed-f0450c8956dd", "gmtOffSetMilliseconds": 19800000, "maxAge": 1}, "incomeStatementHistory": {"incomeStatementHistory": [{"maxAge": 1, "endDate": "2020-03-31", "totalRevenue": 915139000, "costOfRevenue": 565076000, "grossProfit": 350063000, "researchDevelopment": {}, "sellingGeneralAdministrative": 148923000, "nonRecurring": {}, "otherOperatingExpenses": 75375000, "totalOperatingExpenses": 832047000, "operatingIncome": 83092000, "totalOtherIncomeExpenseNet": 60381000, "ebit": 83092000, "interestExpense": -5136000, "incomeBeforeTax": 143473000, "incomeTaxExpense": 24796000, "minorityInterest": {}, "netIncomeFromContinuingOps": 118677000, "discontinuedOperations": {}, "extraordinaryItems": {}, "effectOfAccountingCharges": {}, "otherItems": {}, "netIncome": 118677000, "netIncomeApplicableToCommonShares": 118677000}, {"maxAge": 1, "endDate": "2019-03-31", "totalRevenue": 1152867000, "costOfRevenue": 677088000, "grossProfit": 475779000, "researchDevelopment": {}, "sellingGeneralAdministrative": 154863000, "nonRecurring": {}, "otherOperatingExpenses": 80960000, "totalOperatingExpenses": 950620000, "operatingIncome": 202247000, "totalOtherIncomeExpenseNet": 44608000, "ebit": 202247000, "interestExpense": -6310000, "incomeBeforeTax": 246855000, "incomeTaxExpense": 47533000, "minorityInterest": {}, "netIncomeFromContinuingOps": 199322000, "discontinuedOperations": {}, "extraordinaryItems": {}, "effectOfAccountingCharges": {}, "otherItems": {}, "netIncome": 199322000, "netIncomeApplicableToCommonShares": 199322000}, {"maxAge": 1, "endDate": "2018-03-31", "totalRevenue": 1122659000, "costOfRevenue": 628651000, "grossProfit": 494008000, "researchDevelopment": {}, "sellingGeneralAdministrative": 145014000, "nonRecurring": {}, "otherOperatingExpenses": 81446000, "totalOperatingExpenses": 891868000, "operatingIncome": 230791000, "totalOtherIncomeExpenseNet": 64346000, "ebit": 230791000, "interestExpense": -5679000, "incomeBeforeTax": 295137000, "incomeTaxExpense": 54614000, "minorityInterest": {}, "netIncomeFromContinuingOps": 240523000, "discontinuedOperations": {}, "extraordinaryItems": {}, "effectOfAccountingCharges": {}, "otherItems": {}, "netIncome": 240523000, "netIncomeApplicableToCommonShares": 240523000}, {"maxAge": 1, "endDate": "2017-03-31", "totalRevenue": 1145006000, "costOfRevenue": 655662000, "grossProfit": 489344000, "researchDevelopment": {}, "sellingGeneralAdministrative": 138468000, "nonRecurring": {}, "otherOperatingExpenses": 80472000, "totalOperatingExpenses": 906738000, "operatingIncome": 238268000, "totalOtherIncomeExpenseNet": 56848000, "ebit": 238268000, "interestExpense": -3609000, "incomeBeforeTax": 295116000, "incomeTaxExpense": 66377000, "minorityInterest": {}, "netIncomeFromContinuingOps": 228739000, "discontinuedOperations": {}, "extraordinaryItems": {}, "effectOfAccountingCharges": {}, "otherItems": {}, "netIncome": 228739000, "netIncomeApplicableToCommonShares": 228739000}], "maxAge": 86400}, "fundOwnership": {"ownershipList": [], "maxAge": 1}, "summaryDetail": {"maxAge": 1, "priceHint": 2, "previousClose": 133.3, "open": 133.75, "dayLow": 132.0, "dayHigh": 136.0, "regularMarketPreviousClose": 133.3, "regularMarketOpen": 133.75, "regularMarketDayLow": 132.0, "regularMarketDayHigh": 136.0, "trailingPE": 15.464215, "volume": 7706, "regularMarketVolume": 7706, "averageVolume": 21021, "averageVolume10days": 8920, "averageDailyVolume10Day": 8920, "bid": 132.5, "ask": 134.0, "bidSize": 0, "askSize": 0, "marketCap": 1760364032, "fiftyTwoWeekLow": 43.1, "fiftyTwoWeekHigh": 147.0, "fiftyDayAverage": 130.20605, "twoHundredDayAverage": 111.10184, "trailingAnnualDividendRate": 3.0, "trailingAnnualDividendYield": 0.022505626, "currency": "INR", "fromCurrency": null, "lastMarket": null, "algorithm": null, "tradeable": false}, "sectorTrend": {"maxAge": 1, "symbol": null, "estimates": []}, "incomeStatementHistoryQuarterly": {"incomeStatementHistory": [{"maxAge": 1, "endDate": "2020-06-30", "totalRevenue": 105936000, "costOfRevenue": 55306000, "grossProfit": 50630000, "researchDevelopment": {}, "sellingGeneralAdministrative": 30182000, "nonRecurring": {}, "otherOperatingExpenses": 15801000, "totalOperatingExpenses": 112051000, "operatingIncome": -6115000, "totalOtherIncomeExpenseNet": 30095000, "ebit": -6115000, "interestExpense": -582000, "incomeBeforeTax": 23980000, "incomeTaxExpense": 1679000, "minorityInterest": {}, "netIncomeFromContinuingOps": 22301000, "discontinuedOperations": {}, "extraordinaryItems": {}, "effectOfAccountingCharges": {}, "otherItems": {}, "netIncome": 22301000, "netIncomeApplicableToCommonShares": 22301000}, {"maxAge": 1, "endDate": "2020-03-31", "totalRevenue": 210418000, "costOfRevenue": 180314000, "grossProfit": 30104000, "researchDevelopment": {}, "sellingGeneralAdministrative": 38373000, "nonRecurring": {}, "otherOperatingExpenses": -37118000, "totalOperatingExpenses": 191757000, "operatingIncome": 18661000, "totalOtherIncomeExpenseNet": 7615000, "ebit": 18661000, "interestExpense": -1149000, "incomeBeforeTax": 26276000, "incomeTaxExpense": -409000, "minorityInterest": {}, "netIncomeFromContinuingOps": 26685000, "discontinuedOperations": {}, "extraordinaryItems": {}, "effectOfAccountingCharges": {}, "otherItems": {}, "netIncome": 26685000, "netIncomeApplicableToCommonShares": 26685000}, {"maxAge": 1, "endDate": "2019-12-31", "totalRevenue": 221730000, "costOfRevenue": 122060000, "grossProfit": 99670000, "researchDevelopment": {}, "sellingGeneralAdministrative": 36610000, "nonRecurring": {}, "otherOperatingExpenses": 33970000, "totalOperatingExpenses": 204310000, "operatingIncome": 17420000, "totalOtherIncomeExpenseNet": 21480000, "ebit": 17420000, "interestExpense": -810000, "incomeBeforeTax": 38900000, "incomeTaxExpense": 10590000, "minorityInterest": {}, "netIncomeFromContinuingOps": 28310000, "discontinuedOperations": {}, "extraordinaryItems": {}, "effectOfAccountingCharges": {}, "otherItems": {}, "netIncome": 28310000, "netIncomeApplicableToCommonShares": 28310000}, {"maxAge": 1, "endDate": "2019-09-30", "totalRevenue": 254107000, "costOfRevenue": 144480000, "grossProfit": 109627000, "researchDevelopment": {}, "sellingGeneralAdministrative": 37034000, "nonRecurring": {}, "otherOperatingExpenses": 36651000, "totalOperatingExpenses": 229002000, "operatingIncome": 25105000, "totalOtherIncomeExpenseNet": 18580000, "ebit": 25105000, "interestExpense": -1488000, "incomeBeforeTax": 43685000, "incomeTaxExpense": 7160000, "minorityInterest": {}, "netIncomeFromContinuingOps": 36525000, "discontinuedOperations": {}, "extraordinaryItems": {}, "effectOfAccountingCharges": {}, "otherItems": {}, "netIncome": 36525000, "netIncomeApplicableToCommonShares": 36525000}], "maxAge": 86400}, "cashflowStatementHistoryQuarterly": {"cashflowStatements": [{"maxAge": 1, "endDate": "2020-06-30", "netIncome": 22301000, "changeToLiabilities": 0}, {"maxAge": 1, "endDate": "2020-03-31", "netIncome": 26685000, "changeToLiabilities": 0}, {"maxAge": 1, "endDate": "2019-12-31", "netIncome": 28310000, "changeToLiabilities": 0}, {"maxAge": 1, "endDate": "2019-09-30", "netIncome": 36525000, "changeToLiabilities": 0}], "maxAge": 86400}, "insiderHolders": {"holders": [{"maxAge": 1, "name": "Jain (Aashima)", "relation": "Promoter", "url": "", "transactionDescription": "Gift", "latestTransDate": "2020-03-18", "positionDirect": 2616552, "positionDirectDate": "2020-03-18"}, {"maxAge": 1, "name": "Jain (Akshat)", "relation": "Promoter", "url": "", "transactionDescription": "Gift", "latestTransDate": "2020-03-18", "positionDirect": 3127854, "positionDirectDate": "2020-03-18"}, {"maxAge": 1, "name": "Jain (Nandita)", "relation": "Promoter", "url": "", "transactionDescription": "Gift", "latestTransDate": "2020-03-18", "positionDirect": 5150658, "positionDirectDate": "2020-03-18"}, {"maxAge": 1, "name": "Jain (Sushil & Nandita)", "relation": "Promoter", "url": "", "transactionDescription": "Sale", "latestTransDate": "2020-03-18", "positionDirect": 1327165, "positionDirectDate": "2020-03-18"}, {"maxAge": 1, "name": "Jain (Sushil)", "relation": "Chairman of the Board", "url": "", "transactionDescription": "Gift", "latestTransDate": "2020-03-18", "positionDirect": 1327165, "positionDirectDate": "2020-03-18"}], "maxAge": 1}, "earnings": {"maxAge": 86400, "earningsChart": {"quarterly": [], "earningsDate": []}, "financialsChart": {"yearly": [{"date": 2017, "revenue": 1145006000, "earnings": 228739000}, {"date": 2018, "revenue": 1122659000, "earnings": 240523000}, {"date": 2019, "revenue": 1152867000, "earnings": 199322000}, {"date": 2020, "revenue": 915139000, "earnings": 118677000}], "quarterly": [{"date": "3Q2019", "revenue": 254107000, "earnings": 36525000}, {"date": "4Q2019", "revenue": 221730000, "earnings": 28310000}, {"date": "1Q2020", "revenue": 210418000, "earnings": 26685000}, {"date": "2Q2020", "revenue": 105936000, "earnings": 22301000}]}, "financialCurrency": "INR"}, "calendarEvents": {"maxAge": 1, "earnings": {"earningsDate": []}}, "upgradeDowngradeHistory": {"history": [], "maxAge": 86400}, "price": {"maxAge": 1, "regularMarketChangePercent": 0.003375821, "regularMarketChange": 0.44999695, "regularMarketTime": "2021-04-30 15:22:42", "priceHint": 2, "regularMarketPrice": 133.75, "regularMarketDayHigh": 136.0, "regularMarketDayLow": 132.0, "regularMarketVolume": 7706, "averageDailyVolume10Day": 8920, "averageDailyVolume3Month": 21021, "regularMarketPreviousClose": 133.3, "regularMarketSource": "FREE_REALTIME", "regularMarketOpen": 133.75, "exchange": "BSE", "exchangeName": "BSE", "exchangeDataDelayedBy": 0, "marketState": "CLOSED", "quoteType": "EQUITY", "symbol": "INDTONER.BO", "underlyingSymbol": null, "shortName": "INDIAN TONERS & DEVELOPERS LTD", "longName": "Indian Toners & Developers Limited", "currency": "INR", "quoteSourceName": "Delayed Quote", "currencySymbol": "\u20b9", "fromCurrency": null, "lastMarket": null, "marketCap": 1760364032}, "balanceSheetHistory": {"balanceSheetStatements": [{"maxAge": 1, "endDate": "2020-03-31", "cash": 78722000, "shortTermInvestments": 82580000, "netReceivables": 153909000, "inventory": 171478000, "otherCurrentAssets": 56844000, "totalCurrentAssets": 546338000, "longTermInvestments": 920155000, "propertyPlantEquipment": 541218000, "intangibleAssets": 175000, "otherAssets": 18151000, "totalAssets": 2026037000, "accountsPayable": 121867000, "otherCurrentLiab": 22455000, "otherLiab": 20185000, "deferredLongTermLiab": 128000, "totalCurrentLiabilities": 175069000, "totalLiab": 200251000, "commonStock": 131616000, "retainedEarnings": 1703491000, "treasuryStock": -9321000, "otherStockholderEquity": -9321000, "totalStockholderEquity": 1825786000, "netTangibleAssets": 1825611000}, {"maxAge": 1, "endDate": "2019-03-31", "cash": 107705000, "shortTermInvestments": 104577000, "netReceivables": 198272000, "inventory": 187088000, "otherCurrentAssets": 56955000, "totalCurrentAssets": 658492000, "longTermInvestments": 794388000, "propertyPlantEquipment": 526734000, "intangibleAssets": 363000, "otherAssets": 25587000, "totalAssets": 2005564000, "accountsPayable": 161755000, "otherCurrentLiab": 15944000, "otherLiab": 20029000, "deferredLongTermLiab": 170000, "totalCurrentLiabilities": 202067000, "totalLiab": 222096000, "commonStock": 131616000, "retainedEarnings": 1656217000, "treasuryStock": -4365000, "otherStockholderEquity": -4365000, "totalStockholderEquity": 1783468000, "netTangibleAssets": 1783105000}, {"maxAge": 1, "endDate": "2018-03-31", "cash": 48269000, "shortTermInvestments": 216218000, "netReceivables": 215350000, "inventory": 135438000, "otherCurrentAssets": 54206000, "totalCurrentAssets": 673222000, "longTermInvestments": 652031000, "propertyPlantEquipment": 528269000, "intangibleAssets": 414000, "otherAssets": 19364000, "totalAssets": 1873300000, "accountsPayable": 161783000, "otherCurrentLiab": 13305000, "otherLiab": 33689000, "deferredLongTermLiab": 254000, "totalCurrentLiabilities": 204492000, "totalLiab": 238181000, "commonStock": 131616000, "retainedEarnings": 1452673000, "treasuryStock": 50830000, "otherStockholderEquity": 50830000, "totalStockholderEquity": 1635119000, "netTangibleAssets": 1634705000}, {"maxAge": 1, "endDate": "2017-03-31", "cash": 55492000, "shortTermInvestments": 134630000, "netReceivables": 152481000, "inventory": 115876000, "otherCurrentAssets": 64760000, "totalCurrentAssets": 527641000, "longTermInvestments": 577514000, "propertyPlantEquipment": 528667000, "intangibleAssets": 130000, "otherAssets": 47220000, "totalAssets": 1681172000, "accountsPayable": 118771000, "otherCurrentLiab": 77133000, "otherLiab": 32383000, "deferredLongTermLiab": 338000, "totalCurrentLiabilities": 212102000, "totalLiab": 244485000, "commonStock": 131616000, "retainedEarnings": 1253149000, "treasuryStock": 51922000, "otherStockholderEquity": 51922000, "totalStockholderEquity": 1436687000, "netTangibleAssets": 1436557000}], "maxAge": 86400}, "earningsTrend": {"trend": [{"maxAge": 1, "period": "0q", "endDate": null, "growth": {}, "earningsEstimate": {"avg": 0.0, "low": 0.0, "high": 0.0, "yearAgoEps": {}, "numberOfAnalysts": 0, "growth": {}}, "revenueEstimate": {"avg": 0, "low": 0, "high": 0, "numberOfAnalysts": 0, "yearAgoRevenue": {}, "growth": {}}, "epsTrend": {"current": 0.0, "7daysAgo": 0.0, "30daysAgo": 0.0, "60daysAgo": 0.0, "90daysAgo": 0.0}, "epsRevisions": {"upLast7days": 0, "upLast30days": 0, "downLast30days": 0, "downLast90days": {}}}, {"maxAge": 1, "period": "+1q", "endDate": null, "growth": {}, "earningsEstimate": {"avg": 0.0, "low": 0.0, "high": 0.0, "yearAgoEps": {}, "numberOfAnalysts": 0, "growth": {}}, "revenueEstimate": {"avg": 0, "low": 0, "high": 0, "numberOfAnalysts": 0, "yearAgoRevenue": {}, "growth": {}}, "epsTrend": {"current": 0.0, "7daysAgo": 0.0, "30daysAgo": 0.0, "60daysAgo": 0.0, "90daysAgo": 0.0}, "epsRevisions": {"upLast7days": 0, "upLast30days": 0, "downLast30days": 0, "downLast90days": {}}}, {"maxAge": 1, "period": "0y", "endDate": null, "growth": {}, "earningsEstimate": {"avg": 0.0, "low": 0.0, "high": 0.0, "yearAgoEps": {}, "numberOfAnalysts": 0, "growth": {}}, "revenueEstimate": {"avg": 0, "low": 0, "high": 0, "numberOfAnalysts": 0, "yearAgoRevenue": {}, "growth": {}}, "epsTrend": {"current": 0.0, "7daysAgo": 0.0, "30daysAgo": 0.0, "60daysAgo": 0.0, "90daysAgo": 0.0}, "epsRevisions": {"upLast7days": 0, "upLast30days": 0, "downLast30days": 0, "downLast90days": {}}}, {"maxAge": 1, "period": "+1y", "endDate": null, "growth": {}, "earningsEstimate": {"avg": 0.0, "low": 0.0, "high": 0.0, "yearAgoEps": {}, "numberOfAnalysts": 0, "growth": {}}, "revenueEstimate": {"avg": 0, "low": 0, "high": 0, "numberOfAnalysts": 0, "yearAgoRevenue": {}, "growth": {}}, "epsTrend": {"current": 0.0, "7daysAgo": 0.0, "30daysAgo": 0.0, "60daysAgo": 0.0, "90daysAgo": 0.0}, "epsRevisions": {"upLast7days": 0, "upLast30days": 0, "downLast30days": 0, "downLast90days": {}}}, {"maxAge": 1, "period": "+5y", "endDate": null, "growth": {}, "earningsEstimate": {"avg": {}, "low": {}, "high": {}, "yearAgoEps": {}, "numberOfAnalysts": {}, "growth": {}}, "revenueEstimate": {"avg": {}, "low": {}, "high": {}, "numberOfAnalysts": {}, "yearAgoRevenue": {}, "growth": {}}, "epsTrend": {"current": {}, "7daysAgo": {}, "30daysAgo": {}, "60daysAgo": {}, "90daysAgo": {}}, "epsRevisions": {"upLast7days": {}, "upLast30days": {}, "downLast30days": {}, "downLast90days": {}}}, {"maxAge": 1, "period": "-5y", "endDate": null, "growth": {}, "earningsEstimate": {"avg": {}, "low": {}, "high": {}, "yearAgoEps": {}, "numberOfAnalysts": {}, "growth": {}}, "revenueEstimate": {"avg": {}, "low": {}, "high": {}, "numberOfAnalysts": {}, "yearAgoRevenue": {}, "growth": {}}, "epsTrend": {"current": {}, "7daysAgo": {}, "30daysAgo": {}, "60daysAgo": {}, "90daysAgo": {}}, "epsRevisions": {"upLast7days": {}, "upLast30days": {}, "downLast30days": {}, "downLast90days": {}}}], "maxAge": 1}, "financialData": {"maxAge": 86400, "currentPrice": 133.75, "recommendationKey": "none", "grossProfits": 350063000, "financialCurrency": "INR"}}}