{"INDTERRAIN.BO": {"recommendationTrend": {"trend": [{"period": "0m", "strongBuy": 0, "buy": 0, "hold": 0, "sell": 0, "strongSell": 0}, {"period": "-1m", "strongBuy": 0, "buy": 0, "hold": 0, "sell": 0, "strongSell": 0}, {"period": "-2m", "strongBuy": 0, "buy": 0, "hold": 0, "sell": 0, "strongSell": 0}, {"period": "-3m", "strongBuy": 0, "buy": 0, "hold": 0, "sell": 0, "strongSell": 0}], "maxAge": 86400}, "cashflowStatementHistory": {"cashflowStatements": [{"maxAge": 1, "endDate": "2020-03-31", "netIncome": -103400000, "depreciation": 217800000, "changeToNetincome": 26900000, "changeToAccountReceivables": -113200000, "changeToLiabilities": 183300000, "changeToInventory": -83400000, "changeToOperatingActivities": 1100000, "totalCashFromOperatingActivities": 139200000, "capitalExpenditures": -68200000, "investments": 105000000, "otherCashflowsFromInvestingActivities": 2300000, "totalCashflowsFromInvestingActivities": 39100000, "netBorrowings": -17000000, "otherCashflowsFromFinancingActivities": -206200000, "totalCashFromFinancingActivities": -223200000, "changeInCash": -44900000}, {"maxAge": 1, "endDate": "2019-03-31", "netIncome": 257100000, "depreciation": 46000000, "changeToNetincome": 174400000, "changeToAccountReceivables": -614000000, "changeToLiabilities": 36500000, "changeToInventory": 121400000, "changeToOperatingActivities": 15800000, "totalCashFromOperatingActivities": 46600000, "capitalExpenditures": -98000000, "investments": -279700000, "otherCashflowsFromInvestingActivities": 4000000, "totalCashflowsFromInvestingActivities": -373700000, "netBorrowings": -39500000, "otherCashflowsFromFinancingActivities": -84600000, "totalCashFromFinancingActivities": -124100000, "changeInCash": -451200000}, {"maxAge": 1, "endDate": "2018-03-31", "netIncome": 254400000, "depreciation": 36000000, "changeToNetincome": 107400000, "changeToAccountReceivables": -694800000, "changeToLiabilities": 361400000, "changeToInventory": -69300000, "changeToOperatingActivities": 185700000, "totalCashFromOperatingActivities": 187000000, "capitalExpenditures": -169000000, "investments": 19700000, "otherCashflowsFromInvestingActivities": -16700000, "totalCashflowsFromInvestingActivities": -166000000, "netBorrowings": -69100000, "otherCashflowsFromFinancingActivities": -70400000, "totalCashFromFinancingActivities": -139500000, "changeInCash": -118500000}, {"maxAge": 1, "endDate": "2017-03-31", "netIncome": 228400000, "depreciation": 30300000, "changeToNetincome": 37900000, "changeToAccountReceivables": -104000000, "changeToLiabilities": 80400000, "changeToInventory": -196000000, "changeToOperatingActivities": 42800000, "totalCashFromOperatingActivities": 120900000, "capitalExpenditures": -131000000, "investments": 48400000, "otherCashflowsFromInvestingActivities": 1300000, "totalCashflowsFromInvestingActivities": -81300000, "netBorrowings": -3900000, "otherCashflowsFromFinancingActivities": -89300000, "totalCashFromFinancingActivities": -68800000, "changeInCash": -29200000, "issuanceOfStock": 24400000}], "maxAge": 86400}, "institutionOwnership": {"maxAge": 1, "ownershipList": []}, "balanceSheetHistoryQuarterly": {"balanceSheetStatements": [{"maxAge": 1, "endDate": "2020-06-30", "totalStockholderEquity": 2161200000, "netTangibleAssets": 2137600000}, {"maxAge": 1, "endDate": "2020-03-31", "cash": 9800000, "netReceivables": 2600600000, "inventory": 767800000, "otherCurrentAssets": 26400000, "totalCurrentAssets": 3625400000, "propertyPlantEquipment": 1261300000, "intangibleAssets": 23600000, "otherAssets": 122600000, "totalAssets": 5032900000, "accountsPayable": 1056300000, "shortLongTermDebt": 5700000, "otherCurrentLiab": 10800000, "longTermDebt": 7800000, "otherLiab": 213700000, "totalCurrentLiabilities": 1971900000, "totalLiab": 2871700000, "commonStock": 75900000, "retainedEarnings": 1238100000, "treasuryStock": 80100000, "capitalSurplus": 767100000, "otherStockholderEquity": 80100000, "totalStockholderEquity": 2161200000, "netTangibleAssets": 2137600000}, {"maxAge": 1, "endDate": "2019-12-31", "totalStockholderEquity": 2345200000, "netTangibleAssets": 2316600000}, {"maxAge": 1, "endDate": "2019-09-30", "cash": 58300000, "shortTermInvestments": 209400000, "netReceivables": 2883900000, "inventory": 736900000, "otherCurrentAssets": 11400000, "totalCurrentAssets": 3899900000, "propertyPlantEquipment": 1260200000, "intangibleAssets": 28600000, "otherAssets": 153600000, "totalAssets": 5342300000, "accountsPayable": 1129000000, "otherCurrentLiab": 552700000, "longTermDebt": 19000000, "otherLiab": 204700000, "totalCurrentLiabilities": 2102200000, "totalLiab": 2997100000, "commonStock": 75900000, "treasuryStock": 2269300000, "otherStockholderEquity": 2269300000, "totalStockholderEquity": 2345200000, "netTangibleAssets": 2316600000}], "maxAge": 86400}, "earningsHistory": {"history": [{"maxAge": 1, "epsActual": {}, "epsEstimate": {}, "epsDifference": {}, "surprisePercent": {}, "quarter": {}, "period": "-4q"}, {"maxAge": 1, "epsActual": 1.05, "epsEstimate": 1.53, "epsDifference": -0.48, "surprisePercent": -0.314, "quarter": "2017-06-30", "period": "-3q"}, {"maxAge": 1, "epsActual": 2.05, "epsEstimate": 1.64, "epsDifference": 0.41, "surprisePercent": 0.25, "quarter": "2017-09-30", "period": "-2q"}, {"maxAge": 1, "epsActual": 1.92, "epsEstimate": 3.02, "epsDifference": -1.1, "surprisePercent": -0.36400002, "quarter": "2018-03-31", "period": "-1q"}], "maxAge": 86400}, "indexTrend": {"maxAge": 1, "symbol": "SP5", "peRatio": 19.7411, "pegRatio": 1.34172, "estimates": [{"period": "0q", "growth": 0.549}, {"period": "+1q", "growth": 0.431}, {"period": "0y", "growth": 0.305}, {"period": "+1y", "growth": 0.109}, {"period": "+5y", "growth": 0.120865}, {"period": "-5y"}]}, "industryTrend": {"maxAge": 1, "symbol": null, "estimates": []}, "insiderTransactions": {"transactions": [{"maxAge": 1, "shares": 350000, "filerUrl": "", "transactionText": "", "filerName": "Narsimhan (Charath Ram)", "filerRelation": "Chief Executive Officer", "moneyText": "", "startDate": "2019-09-27", "ownership": "D"}, {"maxAge": 1, "shares": 580000, "filerUrl": "", "transactionText": "", "filerName": "Narsimhan (Charath Ram)", "filerRelation": "Chief Executive Officer", "moneyText": "", "startDate": "2019-06-28", "ownership": "D"}, {"maxAge": 1, "shares": 280000, "filerUrl": "", "transactionText": "", "filerName": "Rajagopal (Rama)", "filerRelation": "Director", "moneyText": "", "startDate": "2019-06-28", "ownership": "D"}, {"maxAge": 1, "shares": 20000, "filerUrl": "", "transactionText": "", "filerName": "Rajagopal (Rama)", "filerRelation": "Director", "moneyText": "", "startDate": "2019-06-28", "ownership": "D"}, {"maxAge": 1, "shares": 0, "filerUrl": "", "transactionText": "", "filerName": "Rajagopal (Rama)", "filerRelation": "Director", "moneyText": "", "startDate": "2019-06-28", "ownership": "I"}], "maxAge": 1}, "quoteType": {"exchange": "BSE", "quoteType": "EQUITY", "symbol": "INDTERRAIN.BO", "underlyingSymbol": "INDTERRAIN.BO", "shortName": "INDIAN TERRAIN FASHIONS LTD.", "longName": "Indian Terrain Fashions Limited", "firstTradeDateEpochUtc": "2011-03-11 09:15:00", "timeZoneFullName": "Asia/Kolkata", "timeZoneShortName": "IST", "uuid": "1ef757e6-36f8-31f2-9999-868436ae233e", "messageBoardId": null, "gmtOffSetMilliseconds": 19800000, "maxAge": 1}, "incomeStatementHistory": {"incomeStatementHistory": [{"maxAge": 1, "endDate": "2020-03-31", "totalRevenue": 3696600000, "costOfRevenue": 2332700000, "grossProfit": 1363900000, "researchDevelopment": {}, "sellingGeneralAdministrative": 264000000, "nonRecurring": {}, "otherOperatingExpenses": 804300000, "totalOperatingExpenses": 3628900000, "operatingIncome": 67700000, "totalOtherIncomeExpenseNet": -182700000, "ebit": 67700000, "interestExpense": -182100000, "incomeBeforeTax": -115000000, "incomeTaxExpense": -11600000, "minorityInterest": {}, "netIncomeFromContinuingOps": -103400000, "discontinuedOperations": {}, "extraordinaryItems": {}, "effectOfAccountingCharges": {}, "otherItems": {}, "netIncome": -103400000, "netIncomeApplicableToCommonShares": -103400000}, {"maxAge": 1, "endDate": "2019-03-31", "totalRevenue": 4223700000, "costOfRevenue": 2542300000, "grossProfit": 1681400000, "researchDevelopment": {}, "sellingGeneralAdministrative": 277800000, "nonRecurring": {}, "otherOperatingExpenses": 895400000, "totalOperatingExpenses": 3770900000, "operatingIncome": 452800000, "totalOtherIncomeExpenseNet": -54700000, "ebit": 452800000, "interestExpense": -65200000, "incomeBeforeTax": 398100000, "incomeTaxExpense": 141000000, "minorityInterest": {}, "netIncomeFromContinuingOps": 257100000, "discontinuedOperations": {}, "extraordinaryItems": {}, "effectOfAccountingCharges": {}, "otherItems": {}, "netIncome": 257100000, "netIncomeApplicableToCommonShares": 257100000}, {"maxAge": 1, "endDate": "2018-03-31", "totalRevenue": 4014500000, "costOfRevenue": 2413100000, "grossProfit": 1601400000, "researchDevelopment": {}, "sellingGeneralAdministrative": 416500000, "nonRecurring": {}, "otherOperatingExpenses": 706300000, "totalOperatingExpenses": 3578100000, "operatingIncome": 436400000, "totalOtherIncomeExpenseNet": -45400000, "ebit": 436400000, "interestExpense": -51100000, "incomeBeforeTax": 391000000, "incomeTaxExpense": 136600000, "minorityInterest": {}, "netIncomeFromContinuingOps": 254400000, "discontinuedOperations": {}, "extraordinaryItems": {}, "effectOfAccountingCharges": {}, "otherItems": {}, "netIncome": 254400000, "netIncomeApplicableToCommonShares": 254400000}, {"maxAge": 1, "endDate": "2017-03-31", "totalRevenue": 3259100000, "costOfRevenue": 1934300000, "grossProfit": 1324800000, "researchDevelopment": {}, "sellingGeneralAdministrative": 332600000, "nonRecurring": {}, "otherOperatingExpenses": 592000000, "totalOperatingExpenses": 2890300000, "operatingIncome": 368800000, "totalOtherIncomeExpenseNet": -36300000, "ebit": 368800000, "interestExpense": -69200000, "incomeBeforeTax": 332500000, "incomeTaxExpense": 104100000, "minorityInterest": {}, "netIncomeFromContinuingOps": 228400000, "discontinuedOperations": {}, "extraordinaryItems": {}, "effectOfAccountingCharges": {}, "otherItems": {}, "netIncome": 228400000, "netIncomeApplicableToCommonShares": 228400000}], "maxAge": 86400}, "fundOwnership": {"maxAge": 1, "ownershipList": []}, "summaryDetail": {"maxAge": 1, "priceHint": 2, "previousClose": 28.0, "open": 28.75, "dayLow": 27.1, "dayHigh": 28.75, "regularMarketPreviousClose": 28.0, "regularMarketOpen": 28.75, "regularMarketDayLow": 27.1, "regularMarketDayHigh": 28.75, "forwardPE": 2.8316326, "volume": 17698, "regularMarketVolume": 17698, "averageVolume": 131837, "averageVolume10days": 34482, "averageDailyVolume10Day": 34482, "bid": 27.75, "ask": 0.0, "bidSize": 0, "askSize": 0, "marketCap": 1052871104, "fiftyTwoWeekLow": 23.4, "fiftyTwoWeekHigh": 55.95, "fiftyDayAverage": 40.361763, "twoHundredDayAverage": 33.756985, "currency": "INR", "fromCurrency": null, "toCurrency": null, "lastMarket": null, "algorithm": null, "tradeable": false}, "sectorTrend": {"maxAge": 1, "symbol": null, "estimates": []}, "incomeStatementHistoryQuarterly": {"incomeStatementHistory": [{"maxAge": 1, "endDate": "2020-06-30", "totalRevenue": 133900000, "costOfRevenue": 169100000, "grossProfit": -35200000, "researchDevelopment": {}, "sellingGeneralAdministrative": 49200000, "nonRecurring": {}, "otherOperatingExpenses": 157300000, "totalOperatingExpenses": 430800000, "operatingIncome": -296900000, "totalOtherIncomeExpenseNet": -27100000, "ebit": -296900000, "interestExpense": -71500000, "incomeBeforeTax": -324000000, "incomeTaxExpense": -1500000, "minorityInterest": {}, "netIncomeFromContinuingOps": -322500000, "discontinuedOperations": {}, "extraordinaryItems": {}, "effectOfAccountingCharges": {}, "otherItems": {}, "netIncome": -322500000, "netIncomeApplicableToCommonShares": -322500000}, {"maxAge": 1, "endDate": "2020-03-31", "totalRevenue": 779800000, "costOfRevenue": 569900000, "grossProfit": 209900000, "researchDevelopment": {}, "sellingGeneralAdministrative": 97900000, "nonRecurring": {}, "otherOperatingExpenses": 225100000, "totalOperatingExpenses": 957700000, "operatingIncome": -177900000, "totalOtherIncomeExpenseNet": -53400000, "ebit": -177900000, "interestExpense": -31200000, "incomeBeforeTax": -231300000, "incomeTaxExpense": -44600000, "minorityInterest": {}, "netIncomeFromContinuingOps": -186700000, "discontinuedOperations": {}, "extraordinaryItems": {}, "effectOfAccountingCharges": {}, "otherItems": {}, "netIncome": -186700000, "netIncomeApplicableToCommonShares": -186700000}, {"maxAge": 1, "endDate": "2019-12-31", "totalRevenue": 921500000, "costOfRevenue": 528500000, "grossProfit": 393000000, "researchDevelopment": {}, "sellingGeneralAdministrative": 59900000, "nonRecurring": {}, "otherOperatingExpenses": 210100000, "totalOperatingExpenses": 855700000, "operatingIncome": 65800000, "totalOtherIncomeExpenseNet": -50500000, "ebit": 65800000, "interestExpense": -57400000, "incomeBeforeTax": 15300000, "incomeTaxExpense": 14500000, "minorityInterest": {}, "netIncomeFromContinuingOps": 800000, "discontinuedOperations": {}, "extraordinaryItems": {}, "effectOfAccountingCharges": {}, "otherItems": {}, "netIncome": 800000, "netIncomeApplicableToCommonShares": 800000}, {"maxAge": 1, "endDate": "2019-09-30", "totalRevenue": 1162300000, "costOfRevenue": 732200000, "grossProfit": 430100000, "researchDevelopment": {}, "sellingGeneralAdministrative": 54600000, "nonRecurring": {}, "otherOperatingExpenses": 233400000, "totalOperatingExpenses": 1074900000, "operatingIncome": 87400000, "totalOtherIncomeExpenseNet": -44200000, "ebit": 87400000, "interestExpense": -51900000, "incomeBeforeTax": 43200000, "incomeTaxExpense": -1600000, "minorityInterest": {}, "netIncomeFromContinuingOps": 44800000, "discontinuedOperations": {}, "extraordinaryItems": {}, "effectOfAccountingCharges": {}, "otherItems": {}, "netIncome": 44800000, "netIncomeApplicableToCommonShares": 44800000}], "maxAge": 86400}, "cashflowStatementHistoryQuarterly": {"cashflowStatements": [{"maxAge": 1, "endDate": "2020-06-30", "netIncome": -322500000, "changeToLiabilities": 0}, {"maxAge": 1, "endDate": "2020-03-31", "netIncome": -186700000, "changeToLiabilities": 0}, {"maxAge": 1, "endDate": "2019-12-31", "netIncome": 800000, "changeToLiabilities": 0}, {"maxAge": 1, "endDate": "2019-09-30", "netIncome": 44800000, "changeToLiabilities": 0}], "maxAge": 86400}, "insiderHolders": {"holders": [{"maxAge": 1, "name": "Narsimhan (Charath Ram)", "relation": "Chief Executive Officer", "url": "", "transactionDescription": "Sale", "latestTransDate": "2019-09-27", "positionDirect": 752332, "positionDirectDate": "2019-09-27"}, {"maxAge": 1, "name": "Rajagopal (Rama)", "relation": "Director", "url": "", "transactionDescription": "Acquisition", "latestTransDate": "2019-06-28", "positionDirect": 6532930, "positionDirectDate": "2019-06-28"}], "maxAge": 1}, "earnings": {"maxAge": 86400, "earningsChart": {"quarterly": [{"date": "2Q2017", "actual": 1.05, "estimate": 1.53}, {"date": "3Q2017", "actual": 2.05, "estimate": 1.64}, {"date": "1Q2018", "actual": 1.92, "estimate": 3.02}], "currentQuarterEstimateDate": "2Q", "currentQuarterEstimateYear": 2018, "earningsDate": []}, "financialsChart": {"yearly": [{"date": 2017, "revenue": 3259100000, "earnings": 228400000}, {"date": 2018, "revenue": 4014500000, "earnings": 254400000}, {"date": 2019, "revenue": 4223700000, "earnings": 257100000}, {"date": 2020, "revenue": 3696600000, "earnings": -103400000}], "quarterly": [{"date": "3Q2019", "revenue": 1162300000, "earnings": 44800000}, {"date": "4Q2019", "revenue": 921500000, "earnings": 800000}, {"date": "1Q2020", "revenue": 779800000, "earnings": -186700000}, {"date": "2Q2020", "revenue": 133900000, "earnings": -322500000}]}, "financialCurrency": "INR"}, "calendarEvents": {"maxAge": 1, "earnings": {"earningsDate": [], "revenueAverage": 829600000}}, "price": {"maxAge": 1, "regularMarketChangePercent": -0.008928572, "regularMarketChange": -0.25, "regularMarketTime": "2021-04-30 15:58:43", "priceHint": 2, "regularMarketPrice": 27.75, "regularMarketDayHigh": 28.75, "regularMarketDayLow": 27.1, "regularMarketVolume": 17698, "averageDailyVolume10Day": 34482, "averageDailyVolume3Month": 131837, "regularMarketPreviousClose": 28.0, "regularMarketSource": "FREE_REALTIME", "regularMarketOpen": 28.75, "exchange": "BSE", "exchangeName": "BSE", "exchangeDataDelayedBy": 0, "marketState": "CLOSED", "quoteType": "EQUITY", "symbol": "INDTERRAIN.BO", "underlyingSymbol": null, "shortName": "INDIAN TERRAIN FASHIONS LTD.", "longName": "Indian Terrain Fashions Limited", "currency": "INR", "quoteSourceName": "Delayed Quote", "currencySymbol": "\u20b9", "fromCurrency": null, "toCurrency": null, "lastMarket": null, "marketCap": 1052871104}, "balanceSheetHistory": {"balanceSheetStatements": [{"maxAge": 1, "endDate": "2020-03-31", "cash": 9800000, "netReceivables": 2600600000, "inventory": 767800000, "otherCurrentAssets": 26400000, "totalCurrentAssets": 3625400000, "propertyPlantEquipment": 1261300000, "intangibleAssets": 23600000, "otherAssets": 122600000, "totalAssets": 5032900000, "accountsPayable": 1056300000, "shortLongTermDebt": 5700000, "otherCurrentLiab": 10800000, "longTermDebt": 7800000, "otherLiab": 213700000, "totalCurrentLiabilities": 1971900000, "totalLiab": 2871700000, "commonStock": 75900000, "retainedEarnings": 1238100000, "treasuryStock": 80100000, "capitalSurplus": 767100000, "otherStockholderEquity": 80100000, "totalStockholderEquity": 2161200000, "netTangibleAssets": 2137600000}, {"maxAge": 1, "endDate": "2019-03-31", "cash": 54700000, "netReceivables": 2421100000, "inventory": 684400000, "otherCurrentAssets": 28600000, "totalCurrentAssets": 3505900000, "propertyPlantEquipment": 502000000, "intangibleAssets": 32700000, "otherAssets": 142100000, "totalAssets": 4182700000, "accountsPayable": 872900000, "shortLongTermDebt": 5300000, "otherCurrentLiab": 157400000, "longTermDebt": 13600000, "otherLiab": 216300000, "totalCurrentLiabilities": 1653800000, "totalLiab": 1885900000, "commonStock": 75900000, "retainedEarnings": 1373700000, "treasuryStock": 80100000, "capitalSurplus": 767100000, "otherStockholderEquity": 80100000, "totalStockholderEquity": 2296800000, "netTangibleAssets": 2264100000}, {"maxAge": 1, "endDate": "2018-03-31", "cash": 505900000, "netReceivables": 1808200000, "inventory": 805800000, "otherCurrentAssets": 19900000, "totalCurrentAssets": 3152200000, "propertyPlantEquipment": 457400000, "intangibleAssets": 34700000, "otherAssets": 125200000, "totalAssets": 3769500000, "accountsPayable": 836500000, "shortLongTermDebt": 4800000, "otherCurrentLiab": 74200000, "longTermDebt": 18900000, "otherLiab": 180900000, "totalCurrentLiabilities": 1526100000, "totalLiab": 1729200000, "commonStock": 75900000, "retainedEarnings": 1117200000, "treasuryStock": 80100000, "capitalSurplus": 767100000, "otherStockholderEquity": 80100000, "totalStockholderEquity": 2040300000, "netTangibleAssets": 2005600000}, {"maxAge": 1, "endDate": "2017-03-31", "cash": 624400000, "netReceivables": 1095200000, "inventory": 736500000, "otherCurrentAssets": 40300000, "totalCurrentAssets": 2505000000, "propertyPlantEquipment": 340300000, "intangibleAssets": 25100000, "otherAssets": 138000000, "deferredLongTermAssetCharges": 46700000, "totalAssets": 3008400000, "accountsPayable": 475100000, "shortLongTermDebt": 91100000, "otherCurrentLiab": 47100000, "longTermDebt": 600000, "otherLiab": 133300000, "totalCurrentLiabilities": 1086000000, "totalLiab": 1219900000, "commonStock": 75900000, "retainedEarnings": 865400000, "treasuryStock": 80100000, "capitalSurplus": 767100000, "otherStockholderEquity": 80100000, "totalStockholderEquity": 1788500000, "netTangibleAssets": 1763400000}], "maxAge": 86400}, "earningsTrend": {"trend": [{"maxAge": 1, "period": "0q", "endDate": "2018-06-30", "growth": {}, "earningsEstimate": {"avg": 0.0, "low": 0.0, "high": 0.0, "yearAgoEps": {}, "numberOfAnalysts": 0, "growth": {}}, "revenueEstimate": {"avg": 829600000, "low": 0, "high": 0, "numberOfAnalysts": 0, "yearAgoRevenue": 840000000, "growth": -0.012}, "epsTrend": {"current": 0.0, "7daysAgo": 0.0, "30daysAgo": 0.0, "60daysAgo": 0.0, "90daysAgo": 0.0}, "epsRevisions": {"upLast7days": 0, "upLast30days": 0, "downLast30days": 0, "downLast90days": {}}}, {"maxAge": 1, "period": "+1q", "endDate": "2018-09-30", "growth": {}, "earningsEstimate": {"avg": 0.0, "low": 0.0, "high": 0.0, "yearAgoEps": 1.05, "numberOfAnalysts": 0, "growth": {}}, "revenueEstimate": {"avg": 1263400000, "low": 0, "high": 0, "numberOfAnalysts": 0, "yearAgoRevenue": 1145000000, "growth": 0.103}, "epsTrend": {"current": 0.0, "7daysAgo": 0.0, "30daysAgo": 0.0, "60daysAgo": 0.0, "90daysAgo": 0.0}, "epsRevisions": {"upLast7days": 0, "upLast30days": 0, "downLast30days": 0, "downLast90days": {}}}, {"maxAge": 1, "period": "0y", "endDate": "2019-03-31", "growth": {}, "earningsEstimate": {"avg": 0.0, "low": 0.0, "high": 0.0, "yearAgoEps": {}, "numberOfAnalysts": 0, "growth": {}}, "revenueEstimate": {"avg": 4737000000, "low": 4737000000, "high": 4737000000, "numberOfAnalysts": 1, "yearAgoRevenue": 4014500000, "growth": 0.18}, "epsTrend": {"current": 0.0, "7daysAgo": 8.3, "30daysAgo": 8.3, "60daysAgo": 8.3, "90daysAgo": 8.3}, "epsRevisions": {"upLast7days": 0, "upLast30days": 0, "downLast30days": 0, "downLast90days": {}}}, {"maxAge": 1, "period": "+1y", "endDate": "2020-03-31", "growth": {}, "earningsEstimate": {"avg": 0.0, "low": 0.0, "high": 0.0, "yearAgoEps": {}, "numberOfAnalysts": 0, "growth": {}}, "revenueEstimate": {"avg": 5400000000, "low": 5400000000, "high": 5400000000, "numberOfAnalysts": 1, "yearAgoRevenue": 4737000000, "growth": 0.14}, "epsTrend": {"current": 0.0, "7daysAgo": 9.8, "30daysAgo": 9.8, "60daysAgo": 9.8, "90daysAgo": 9.8}, "epsRevisions": {"upLast7days": 0, "upLast30days": 0, "downLast30days": 0, "downLast90days": {}}}, {"maxAge": 1, "period": "+5y", "endDate": null, "growth": {}, "earningsEstimate": {"avg": {}, "low": {}, "high": {}, "yearAgoEps": {}, "numberOfAnalysts": {}, "growth": {}}, "revenueEstimate": {"avg": {}, "low": {}, "high": {}, "numberOfAnalysts": {}, "yearAgoRevenue": {}, "growth": {}}, "epsTrend": {"current": {}, "7daysAgo": {}, "30daysAgo": {}, "60daysAgo": {}, "90daysAgo": {}}, "epsRevisions": {"upLast7days": {}, "upLast30days": {}, "downLast30days": {}, "downLast90days": {}}}, {"maxAge": 1, "period": "-5y", "endDate": null, "growth": {}, "earningsEstimate": {"avg": {}, "low": {}, "high": {}, "yearAgoEps": {}, "numberOfAnalysts": {}, "growth": {}}, "revenueEstimate": {"avg": {}, "low": {}, "high": {}, "numberOfAnalysts": {}, "yearAgoRevenue": {}, "growth": {}}, "epsTrend": {"current": {}, "7daysAgo": {}, "30daysAgo": {}, "60daysAgo": {}, "90daysAgo": {}}, "epsRevisions": {"upLast7days": {}, "upLast30days": {}, "downLast30days": {}, "downLast90days": {}}}], "maxAge": 1}, "financialData": {"maxAge": 86400, "currentPrice": 27.75, "targetHighPrice": 250.0, "targetLowPrice": 187.0, "targetMeanPrice": 218.5, "targetMedianPrice": 218.5, "recommendationKey": "none", "numberOfAnalystOpinions": 2, "grossProfits": 1363900000, "financialCurrency": "INR"}}}