{"INEOSSTYRO.NS": {"assetProfile": {"address1": "Ohm House-II", "address2": "5th Floor OHM Business Park, Near Balaji Hospital Subhanpura", "city": "Vadodara", "zip": "390023", "country": "India", "phone": "91 26 5230 3201", "fax": "91 26 5230 3203", "website": "http://www.ineosstyrolutionindia.com", "industry": "Chemicals", "sector": "Basic Materials", "longBusinessSummary": "INEOS Styrolution India Limited engages in the manufacture, trading, and sale of engineering thermoplastics in India and internationally. It operates in Specialties and Polystyrene segments. The company's products include Absolac, a plastic resin that is used for manufacturing of home appliances, automobile interiors and exteriors, consumer durables, business machines, and office equipment; Absolan, a polymerized plastic resin, which is primarily used in lightings, stationeries, novelties, refrigerators, cosmetic packing, industrial goods, electrical appliances, cosmetic jars, and household applications; and Luran, an acrylonitrile styrene acrylate polymer that is used for automobile interiors and exteriors, PVC cap stocks, and household applications. Its products also comprise Novodur, a material for heat resistance and aesthetics, which is used in automobile interiors and exteriors, housing vacuum cleaners, and coffee machines; general purpose polystyrenes, which are transparent polymers that are used in injection molding and extrusion applications to produce toys, CD cases, hangers, plastic cups, IT equipment, jewel boxes, disposable medical products, bath accessories, and garden equipment; and high-impact polystyrenes for use in the manufacture of single-use yogurt cups, electronic goods housings, refrigerator liners and parts, toys and stationary products, and household items, as well as food packaging products, such as cups, dishes, containers, yogurt bottles, etc. The company was formerly known as Styrolution ABS (India) Limited and changed its name to INEOS Styrolution India Limited in March 2016. The company was incorporated in 1973 and is headquartered in Vadodara, India. INEOS Styrolution India Limited is a subsidiary of INEOS Styrolution APAC Pte Ltd.", "fullTimeEmployees": 453, "companyOfficers": [{"maxAge": 1, "name": "Mr. Sanjiv  Vasudeva", "age": 52, "title": "CEO, MD & Exec. Director", "yearBorn": 1968, "fiscalYear": 2020, "totalPay": 30604000, "exercisedValue": 0, "unexercisedValue": 0}, {"maxAge": 1, "name": "Mr. Sanjeev  Madan", "age": 49, "title": "CFO & Additional Whole-Time Director", "yearBorn": 1971, "fiscalYear": 2020, "totalPay": 10366000, "exercisedValue": 0, "unexercisedValue": 0}, {"maxAge": 1, "name": "Mr. Abhijaat Akhilesh Sinha", "title": "Head of Legal & Company Sec.", "fiscalYear": 2020, "totalPay": 4955000, "exercisedValue": 0, "unexercisedValue": 0}, {"maxAge": 1, "name": "Ms. Amita  Mistry", "title": "Compliance Officer", "exercisedValue": 0, "unexercisedValue": 0}, {"maxAge": 1, "name": "Mr. L.  Sundar", "age": 70, "title": "Exec. VP of Marketing", "yearBorn": 1950, "fiscalYear": 2009, "exercisedValue": 0, "unexercisedValue": 0}], "compensationAsOfEpochDate": "2020-12-31 05:30:00", "maxAge": 86400}, "cashflowStatementHistory": {"cashflowStatements": [{"maxAge": 1, "endDate": "2020-03-31", "netIncome": -95226000, "depreciation": 315655000, "changeToNetincome": 155872000, "changeToAccountReceivables": 632857000, "changeToLiabilities": -496327000, "changeToInventory": 464653000, "changeToOperatingActivities": 681476000, "totalCashFromOperatingActivities": 1658960000, "capitalExpenditures": -855218000, "otherCashflowsFromInvestingActivities": 8289000, "totalCashflowsFromInvestingActivities": -836035000, "dividendsPaid": -42613000, "netBorrowings": -980570000, "otherCashflowsFromFinancingActivities": -222204000, "totalCashFromFinancingActivities": -1245387000, "changeInCash": -422462000}, {"maxAge": 1, "endDate": "2019-03-31", "netIncome": -124673000, "depreciation": 269217000, "changeToNetincome": -99641000, "changeToAccountReceivables": 146950000, "changeToLiabilities": -654066000, "changeToInventory": -143790000, "changeToOperatingActivities": 246200000, "totalCashFromOperatingActivities": -359803000, "capitalExpenditures": -977883000, "investments": 2797000, "otherCashflowsFromInvestingActivities": 19876000, "totalCashflowsFromInvestingActivities": -934877000, "dividendsPaid": -70280000, "netBorrowings": 1597393000, "otherCashflowsFromFinancingActivities": -179312000, "totalCashFromFinancingActivities": 1347801000, "changeInCash": 53121000}, {"maxAge": 1, "endDate": "2018-03-31", "netIncome": 662254000, "depreciation": 253590000, "changeToNetincome": 250337000, "changeToAccountReceivables": -240069000, "changeToLiabilities": 642303000, "changeToInventory": 196305000, "changeToOperatingActivities": -34730000, "totalCashFromOperatingActivities": 1729990000, "capitalExpenditures": -258067000, "investments": 2797000, "otherCashflowsFromInvestingActivities": 42436000, "totalCashflowsFromInvestingActivities": -212377000, "dividendsPaid": -70266000, "netBorrowings": -1054023000, "otherCashflowsFromFinancingActivities": -150614000, "totalCashFromFinancingActivities": -1274903000, "changeInCash": 242710000}, {"maxAge": 1, "endDate": "2017-03-31", "netIncome": 692798000, "depreciation": 252704000, "changeToNetincome": 165614000, "changeToAccountReceivables": 9977000, "changeToLiabilities": 328079000, "changeToInventory": -1272571000, "changeToOperatingActivities": -332200000, "totalCashFromOperatingActivities": -155599000, "capitalExpenditures": -168181000, "investments": 2797000, "otherCashflowsFromInvestingActivities": 13868000, "totalCashflowsFromInvestingActivities": -150609000, "dividendsPaid": -84452000, "netBorrowings": 444367000, "otherCashflowsFromFinancingActivities": -140545000, "totalCashFromFinancingActivities": 219370000, "changeInCash": -86838000}], "maxAge": 86400}, "institutionOwnership": {"maxAge": 1, "ownershipList": []}, "majorHoldersBreakdown": {"maxAge": 1, "insidersPercentHeld": 0.75294995, "institutionsPercentHeld": 0.06419, "institutionsFloatPercentHeld": 0.25983, "institutionsCount": 5}, "balanceSheetHistoryQuarterly": {"balanceSheetStatements": [{"maxAge": 1, "endDate": "2020-12-31", "totalStockholderEquity": 6247862000, "netTangibleAssets": 6247862000}, {"maxAge": 1, "endDate": "2020-09-30", "cash": 945988000, "netReceivables": 1961042000, "inventory": 1844766000, "otherCurrentAssets": 573881000, "totalCurrentAssets": 5325677000, "longTermInvestments": 6242000, "propertyPlantEquipment": 4092412000, "otherAssets": 842880000, "totalAssets": 10267211000, "accountsPayable": 1753708000, "otherCurrentLiab": 526756000, "longTermDebt": 768233000, "otherLiab": 476909000, "totalCurrentLiabilities": 2347223000, "totalLiab": 4019349000, "commonStock": 175856000, "treasuryStock": 6072006000, "otherStockholderEquity": 6072006000, "totalStockholderEquity": 6247862000, "netTangibleAssets": 6247862000}, {"maxAge": 1, "endDate": "2020-06-30", "totalStockholderEquity": 6092859000, "netTangibleAssets": 6092859000}, {"maxAge": 1, "endDate": "2020-03-31", "cash": 31583000, "netReceivables": 1725437000, "inventory": 2696547000, "otherCurrentAssets": 786075000, "totalCurrentAssets": 5258390000, "longTermInvestments": 1808000, "propertyPlantEquipment": 4209823000, "otherAssets": 1082139000, "totalAssets": 10552160000, "accountsPayable": 1387801000, "shortLongTermDebt": 279995000, "otherCurrentLiab": 252623000, "longTermDebt": 630000000, "otherLiab": 429378000, "totalCurrentLiabilities": 2940543000, "totalLiab": 4459301000, "commonStock": 175856000, "retainedEarnings": 5470711000, "treasuryStock": 13453000, "capitalSurplus": 432839000, "otherStockholderEquity": 13453000, "totalStockholderEquity": 6092859000, "netTangibleAssets": 6092859000}], "maxAge": 86400}, "indexTrend": {"maxAge": 1, "symbol": "SP5", "peRatio": 19.7411, "pegRatio": 1.34172, "estimates": [{"period": "0q", "growth": 0.549}, {"period": "+1q", "growth": 0.431}, {"period": "0y", "growth": 0.305}, {"period": "+1y", "growth": 0.109}, {"period": "+5y", "growth": 0.120865}, {"period": "-5y"}]}, "defaultKeyStatistics": {"maxAge": 1, "priceHint": 2, "enterpriseValue": 20180103168, "profitMargins": 0.09056, "floatShares": 4028976, "sharesOutstanding": 17585600, "heldPercentInsiders": 0.75294995, "heldPercentInstitutions": 0.06419, "beta": 0.741891, "category": null, "bookValue": 355.266, "priceToBook": 3.1214638, "fundFamily": null, "legalType": null, "lastFiscalYearEnd": "2020-03-31 05:30:00", "nextFiscalYearEnd": "2022-03-31 05:30:00", "mostRecentQuarter": "2020-12-31 05:30:00", "netIncomeToCommon": 1232658048, "trailingEps": 70.073, "lastSplitFactor": null, "enterpriseToRevenue": 1.483, "enterpriseToEbitda": 9.679, "52WeekChange": 0.92911196, "SandP52WeekChange": 0.48148263, "lastDividendValue": 2.0, "lastDividendDate": 1564531200}, "summaryProfile": {"address1": "Ohm House-II", "address2": "5th Floor OHM Business Park, Near Balaji Hospital Subhanpura", "city": "Vadodara", "zip": "390023", "country": "India", "phone": "91 26 5230 3201", "fax": "91 26 5230 3203", "website": "http://www.ineosstyrolutionindia.com", "industry": "Chemicals", "sector": "Basic Materials", "longBusinessSummary": "INEOS Styrolution India Limited engages in the manufacture, trading, and sale of engineering thermoplastics in India and internationally. It operates in Specialties and Polystyrene segments. The company's products include Absolac, a plastic resin that is used for manufacturing of home appliances, automobile interiors and exteriors, consumer durables, business machines, and office equipment; Absolan, a polymerized plastic resin, which is primarily used in lightings, stationeries, novelties, refrigerators, cosmetic packing, industrial goods, electrical appliances, cosmetic jars, and household applications; and Luran, an acrylonitrile styrene acrylate polymer that is used for automobile interiors and exteriors, PVC cap stocks, and household applications. Its products also comprise Novodur, a material for heat resistance and aesthetics, which is used in automobile interiors and exteriors, housing vacuum cleaners, and coffee machines; general purpose polystyrenes, which are transparent polymers that are used in injection molding and extrusion applications to produce toys, CD cases, hangers, plastic cups, IT equipment, jewel boxes, disposable medical products, bath accessories, and garden equipment; and high-impact polystyrenes for use in the manufacture of single-use yogurt cups, electronic goods housings, refrigerator liners and parts, toys and stationary products, and household items, as well as food packaging products, such as cups, dishes, containers, yogurt bottles, etc. The company was formerly known as Styrolution ABS (India) Limited and changed its name to INEOS Styrolution India Limited in March 2016. The company was incorporated in 1973 and is headquartered in Vadodara, India. INEOS Styrolution India Limited is a subsidiary of INEOS Styrolution APAC Pte Ltd.", "fullTimeEmployees": 453, "companyOfficers": [], "maxAge": 86400}, "netSharePurchaseActivity": {"maxAge": 1, "period": "6m", "buyInfoCount": 0, "buyInfoShares": 0, "sellInfoCount": 0, "netInfoCount": 0, "netInfoShares": 0, "netPercentInsiderShares": 0.0, "totalInsiderShares": 13240875}, "insiderTransactions": {"transactions": [{"maxAge": 1, "shares": 300, "filerUrl": "", "transactionText": "", "filerName": "Styrolution South East Asia Pte, Ltd.", "filerRelation": "Promoter", "moneyText": "", "startDate": "2015-03-20", "ownership": "D"}, {"maxAge": 1, "shares": 13189218, "filerUrl": "", "transactionText": "", "filerName": "Styrolution (Jersey) Limited", "filerRelation": "Promoter", "moneyText": "", "startDate": "2014-01-28", "ownership": "D"}, {"maxAge": 1, "shares": 2167562, "filerUrl": "", "transactionText": "", "filerName": "Styrolution (Jersey) Limited", "filerRelation": "Promoter", "moneyText": "", "startDate": "2013-05-21", "ownership": "D"}, {"maxAge": 1, "shares": 703075, "filerUrl": "", "transactionText": "", "filerName": "Styrolution (Jersey) Limited", "filerRelation": "Promoter", "moneyText": "", "startDate": "2012-03-01", "ownership": "D"}], "maxAge": 1}, "quoteType": {"exchange": "NSI", "quoteType": "EQUITY", "symbol": "INEOSSTYRO.NS", "underlyingSymbol": "INEOSSTYRO.NS", "shortName": "INEOS STYROLUTION", "longName": "INEOS Styrolution India Limited", "firstTradeDateEpochUtc": "2002-08-12 09:15:00", "timeZoneFullName": "Asia/Kolkata", "timeZoneShortName": "IST", "uuid": "30ce7ea9-eb88-3e11-a931-35bddb7a239e", "messageBoardId": "finmb_12704564", "gmtOffSetMilliseconds": 19800000, "maxAge": 1}, "incomeStatementHistory": {"incomeStatementHistory": [{"maxAge": 1, "endDate": "2020-03-31", "totalRevenue": 15825987000, "costOfRevenue": 12403448000, "grossProfit": 3422539000, "researchDevelopment": {}, "sellingGeneralAdministrative": 708374000, "nonRecurring": {}, "otherOperatingExpenses": 1927107000, "totalOperatingExpenses": 15354584000, "operatingIncome": 471403000, "totalOtherIncomeExpenseNet": -606384000, "ebit": 471403000, "interestExpense": -164288000, "incomeBeforeTax": -134981000, "incomeTaxExpense": -39755000, "minorityInterest": {}, "netIncomeFromContinuingOps": -95226000, "discontinuedOperations": {}, "extraordinaryItems": {}, "effectOfAccountingCharges": {}, "otherItems": {}, "netIncome": -95226000, "netIncomeApplicableToCommonShares": -95226000}, {"maxAge": 1, "endDate": "2019-03-31", "totalRevenue": 20948990000, "costOfRevenue": 17659585000, "grossProfit": 3289405000, "researchDevelopment": {}, "sellingGeneralAdministrative": 814936000, "nonRecurring": {}, "otherOperatingExpenses": 2166276000, "totalOperatingExpenses": 20909680000, "operatingIncome": 39310000, "totalOtherIncomeExpenseNet": -224121000, "ebit": 39310000, "interestExpense": -143145000, "incomeBeforeTax": -184811000, "incomeTaxExpense": -60138000, "minorityInterest": {}, "netIncomeFromContinuingOps": -124673000, "discontinuedOperations": {}, "extraordinaryItems": {}, "effectOfAccountingCharges": {}, "otherItems": {}, "netIncome": -124673000, "netIncomeApplicableToCommonShares": -124673000}, {"maxAge": 1, "endDate": "2018-03-31", "totalRevenue": 18953400000, "costOfRevenue": 14798406000, "grossProfit": 4154994000, "researchDevelopment": {}, "sellingGeneralAdministrative": 667108000, "nonRecurring": {}, "otherOperatingExpenses": 2053224000, "totalOperatingExpenses": 17771994000, "operatingIncome": 1181406000, "totalOtherIncomeExpenseNet": -150096000, "ebit": 1181406000, "interestExpense": -137556000, "incomeBeforeTax": 1031310000, "incomeTaxExpense": 369056000, "minorityInterest": {}, "netIncomeFromContinuingOps": 662254000, "discontinuedOperations": {}, "extraordinaryItems": {}, "effectOfAccountingCharges": {}, "otherItems": {}, "netIncome": 662254000, "netIncomeApplicableToCommonShares": 662254000}, {"maxAge": 1, "endDate": "2017-03-31", "totalRevenue": 14823476000, "costOfRevenue": 10958197000, "grossProfit": 3865279000, "researchDevelopment": {}, "sellingGeneralAdministrative": 615612000, "nonRecurring": {}, "otherOperatingExpenses": 1810308000, "totalOperatingExpenses": 13636487000, "operatingIncome": 1186989000, "totalOtherIncomeExpenseNet": -184030000, "ebit": 1186989000, "interestExpense": -136705000, "incomeBeforeTax": 1002959000, "incomeTaxExpense": 310161000, "minorityInterest": {}, "netIncomeFromContinuingOps": 692798000, "discontinuedOperations": {}, "extraordinaryItems": {}, "effectOfAccountingCharges": {}, "otherItems": {}, "netIncome": 692798000, "netIncomeApplicableToCommonShares": 692798000}], "maxAge": 86400}, "fundOwnership": {"maxAge": 1, "ownershipList": [{"maxAge": 1, "reportDate": "2021-01-31", "organization": "DFA Investment Dimensions-DFA Emerging Mkts Value", "pctHeld": 0.0014, "position": 24506, "value": 22645994}, {"maxAge": 1, "reportDate": "2021-01-31", "organization": "DFA Emerging Markets Core Equity Portfolio", "pctHeld": 0.0014, "position": 23972, "value": 22152525}, {"maxAge": 1, "reportDate": "2021-01-31", "organization": "DFA Emerging Markets Small Cap Series", "pctHeld": 0.0013, "position": 22002, "value": 20332048}, {"maxAge": 1, "reportDate": "2021-01-31", "organization": "DFA Investment Dimensions-Emerging Markets Social Core Equity", "pctHeld": 0.0001, "position": 1619, "value": 1496117}, {"maxAge": 1, "reportDate": "2021-01-31", "organization": "DFA Investment Dimensions-DFA World Ex U.S. Targeted Value Port", "pctHeld": 0.0001, "position": 1405, "value": 1298360}]}, "summaryDetail": {"maxAge": 1, "priceHint": 2, "previousClose": 1130.5, "open": 1120.1, "dayLow": 1105.0, "dayHigh": 1143.1, "regularMarketPreviousClose": 1130.5, "regularMarketOpen": 1120.1, "regularMarketDayLow": 1105.0, "regularMarketDayHigh": 1143.1, "exDividendDate": "2019-07-31 05:30:00", "payoutRatio": 0.0, "beta": 0.741891, "trailingPE": 15.825639, "volume": 29404, "regularMarketVolume": 29404, "averageVolume": 50872, "averageVolume10days": 74029, "averageDailyVolume10Day": 74029, "bid": 0.0, "ask": 0.0, "bidSize": 0, "askSize": 0, "marketCap": 19498999808, "fiftyTwoWeekLow": 484.0, "fiftyTwoWeekHigh": 1188.9, "priceToSalesTrailing12Months": 1.4325467, "fiftyDayAverage": 1022.28284, "twoHundredDayAverage": 851.558, "trailingAnnualDividendRate": 2.0, "trailingAnnualDividendYield": 0.0017691287, "currency": "INR", "fromCurrency": null, "toCurrency": null, "lastMarket": null, "algorithm": null, "tradeable": false}, "incomeStatementHistoryQuarterly": {"incomeStatementHistory": [{"maxAge": 1, "endDate": "2020-12-31", "totalRevenue": 4883876000, "costOfRevenue": 2699572000, "grossProfit": 2184304000, "researchDevelopment": {}, "sellingGeneralAdministrative": 193525000, "nonRecurring": {}, "otherOperatingExpenses": 513977000, "totalOperatingExpenses": 3498739000, "operatingIncome": 1385137000, "totalOtherIncomeExpenseNet": -32531000, "ebit": 1385137000, "interestExpense": -32531000, "incomeBeforeTax": 1352606000, "incomeTaxExpense": 322633000, "minorityInterest": {}, "netIncomeFromContinuingOps": 1029973000, "discontinuedOperations": {}, "extraordinaryItems": {}, "effectOfAccountingCharges": {}, "otherItems": {}, "netIncome": 1029973000, "netIncomeApplicableToCommonShares": 1029973000}, {"maxAge": 1, "endDate": "2020-09-30", "totalRevenue": 3988268000, "costOfRevenue": 2635898000, "grossProfit": 1352370000, "researchDevelopment": {}, "sellingGeneralAdministrative": 162662000, "nonRecurring": {}, "otherOperatingExpenses": 513163000, "totalOperatingExpenses": 3400851000, "operatingIncome": 587417000, "totalOtherIncomeExpenseNet": -36746000, "ebit": 587417000, "interestExpense": -36746000, "incomeBeforeTax": 550671000, "incomeTaxExpense": 192259000, "minorityInterest": {}, "netIncomeFromContinuingOps": 358412000, "discontinuedOperations": {}, "extraordinaryItems": {}, "effectOfAccountingCharges": {}, "otherItems": {}, "netIncome": 358412000, "netIncomeApplicableToCommonShares": 358412000}, {"maxAge": 1, "endDate": "2020-06-30", "totalRevenue": 1164828000, "costOfRevenue": 904364000, "grossProfit": 260464000, "researchDevelopment": {}, "sellingGeneralAdministrative": 161417000, "nonRecurring": {}, "otherOperatingExpenses": 294142000, "totalOperatingExpenses": 1447804000, "operatingIncome": -282976000, "totalOtherIncomeExpenseNet": -24111000, "ebit": -282976000, "interestExpense": -24111000, "incomeBeforeTax": -307087000, "incomeTaxExpense": -106836000, "minorityInterest": {}, "netIncomeFromContinuingOps": -200251000, "discontinuedOperations": {}, "extraordinaryItems": {}, "effectOfAccountingCharges": {}, "otherItems": {}, "netIncome": -200251000, "netIncomeApplicableToCommonShares": -200251000}, {"maxAge": 1, "endDate": "2020-03-31", "totalRevenue": 3625961000, "costOfRevenue": 2797006000, "grossProfit": 828955000, "researchDevelopment": {}, "sellingGeneralAdministrative": 282587000, "nonRecurring": {}, "otherOperatingExpenses": 246605000, "totalOperatingExpenses": 3419754000, "operatingIncome": 206207000, "totalOtherIncomeExpenseNet": -117315000, "ebit": 206207000, "interestExpense": -54764000, "incomeBeforeTax": 88892000, "incomeTaxExpense": 44365000, "minorityInterest": {}, "netIncomeFromContinuingOps": 44527000, "discontinuedOperations": {}, "extraordinaryItems": {}, "effectOfAccountingCharges": {}, "otherItems": {}, "netIncome": 44527000, "netIncomeApplicableToCommonShares": 44527000}], "maxAge": 86400}, "cashflowStatementHistoryQuarterly": {"cashflowStatements": [{"maxAge": 1, "endDate": "2020-12-31", "netIncome": 1029973000, "changeToLiabilities": 0}, {"maxAge": 1, "endDate": "2020-09-30", "netIncome": 358412000, "changeToLiabilities": 0}, {"maxAge": 1, "endDate": "2020-06-30", "netIncome": -200251000, "changeToLiabilities": 0}, {"maxAge": 1, "endDate": "2020-03-31", "netIncome": 44527000, "changeToLiabilities": 0}], "maxAge": 86400}, "insiderHolders": {"holders": [{"maxAge": 1, "name": "Styrolution (Jersey) Limited", "relation": "Promoter", "url": "", "transactionDescription": "Other", "latestTransDate": "2014-01-28", "positionDirect": 0, "positionDirectDate": "2014-01-28"}, {"maxAge": 1, "name": "Styrolution South East Asia Pte, Ltd.", "relation": "Promoter", "url": "", "transactionDescription": "Purchase", "latestTransDate": "2015-03-20", "positionDirect": 13189518, "positionDirectDate": "2015-03-20"}], "maxAge": 1}, "calendarEvents": {"maxAge": 1, "earnings": {"earningsDate": []}, "exDividendDate": "2019-07-31 05:30:00"}, "price": {"maxAge": 1, "regularMarketChangePercent": -0.019062405, "regularMarketChange": -21.550049, "regularMarketTime": "2021-04-30 15:29:54", "priceHint": 2, "regularMarketPrice": 1108.95, "regularMarketDayHigh": 1143.1, "regularMarketDayLow": 1105.0, "regularMarketVolume": 29404, "averageDailyVolume10Day": 74029, "averageDailyVolume3Month": 50872, "regularMarketPreviousClose": 1130.5, "regularMarketSource": "FREE_REALTIME", "regularMarketOpen": 1120.1, "exchange": "NSI", "exchangeName": "NSE", "exchangeDataDelayedBy": 15, "marketState": "CLOSED", "quoteType": "EQUITY", "symbol": "INEOSSTYRO.NS", "underlyingSymbol": null, "shortName": "INEOS STYROLUTION", "longName": "INEOS Styrolution India Limited", "currency": "INR", "quoteSourceName": "Delayed Quote", "currencySymbol": "\u20b9", "fromCurrency": null, "toCurrency": null, "lastMarket": null, "marketCap": 19498999808}, "balanceSheetHistory": {"balanceSheetStatements": [{"maxAge": 1, "endDate": "2020-03-31", "cash": 31583000, "netReceivables": 1725437000, "inventory": 2696547000, "otherCurrentAssets": 786075000, "totalCurrentAssets": 5258390000, "longTermInvestments": 1808000, "propertyPlantEquipment": 4209823000, "otherAssets": 1082139000, "totalAssets": 10552160000, "accountsPayable": 1387801000, "shortLongTermDebt": 279995000, "otherCurrentLiab": 252623000, "longTermDebt": 630000000, "otherLiab": 429378000, "totalCurrentLiabilities": 2940543000, "totalLiab": 4459301000, "commonStock": 175856000, "retainedEarnings": 5470711000, "treasuryStock": 13453000, "capitalSurplus": 432839000, "otherStockholderEquity": 13453000, "totalStockholderEquity": 6092859000, "netTangibleAssets": 6092859000}, {"maxAge": 1, "endDate": "2019-03-31", "cash": 454045000, "netReceivables": 2359446000, "inventory": 3182529000, "otherCurrentAssets": 644464000, "totalCurrentAssets": 6657240000, "longTermInvestments": 3114000, "propertyPlantEquipment": 2962739000, "otherAssets": 1594380000, "totalAssets": 11217473000, "accountsPayable": 1868226000, "shortLongTermDebt": 129182000, "otherCurrentLiab": 31299000, "longTermDebt": 890000000, "otherLiab": 273172000, "totalCurrentLiabilities": 3821702000, "totalLiab": 4984874000, "commonStock": 175856000, "retainedEarnings": 5610451000, "treasuryStock": 13453000, "capitalSurplus": 432839000, "otherStockholderEquity": 13453000, "totalStockholderEquity": 6232599000, "netTangibleAssets": 6232599000}, {"maxAge": 1, "endDate": "2018-03-31", "cash": 400924000, "netReceivables": 2501263000, "inventory": 3052167000, "otherCurrentAssets": 682410000, "totalCurrentAssets": 6644051000, "longTermInvestments": 8028000, "propertyPlantEquipment": 2290202000, "otherAssets": 1592238000, "totalAssets": 10534519000, "accountsPayable": 2534226000, "shortLongTermDebt": 4706000, "otherCurrentLiab": 40180000, "longTermDebt": 230000000, "otherLiab": 325683000, "totalCurrentLiabilities": 3533657000, "totalLiab": 4089340000, "commonStock": 175856000, "retainedEarnings": 5823031000, "treasuryStock": 13453000, "capitalSurplus": 432839000, "otherStockholderEquity": 13453000, "totalStockholderEquity": 6445179000, "netTangibleAssets": 6445179000}, {"maxAge": 1, "endDate": "2017-03-31", "cash": 158214000, "netReceivables": 2227056000, "inventory": 3312253000, "otherCurrentAssets": 2062877000, "totalCurrentAssets": 7766208000, "longTermInvestments": 8535000, "propertyPlantEquipment": 2367271000, "otherAssets": 354505000, "totalAssets": 10496519000, "accountsPayable": 1886986000, "otherCurrentLiab": 172107000, "otherLiab": 319549000, "totalCurrentLiabilities": 4306488000, "totalLiab": 4626037000, "commonStock": 175856000, "retainedEarnings": 5248334000, "treasuryStock": 13453000, "capitalSurplus": 432839000, "otherStockholderEquity": 13453000, "totalStockholderEquity": 5870482000, "netTangibleAssets": 5870482000}], "maxAge": 86400}, "financialData": {"maxAge": 86400, "currentPrice": 1108.95, "recommendationKey": "none", "totalCash": 945987968, "totalCashPerShare": 53.794, "ebitda": 2085008256, "totalDebt": 1245873024, "totalRevenue": 13611422720, "debtToEquity": 19.941, "revenuePerShare": 773.767, "grossProfits": 3422539000, "revenueGrowth": 0.438, "grossMargins": 0.33608, "ebitdaMargins": 0.15318, "operatingMargins": 0.13928, "profitMargins": 0.09056, "financialCurrency": "INR"}}}