{"INFIBEAM.BO": {"recommendationTrend": {"trend": [{"period": "0m", "strongBuy": 0, "buy": 0, "hold": 0, "sell": 0, "strongSell": 0}, {"period": "-1m", "strongBuy": 0, "buy": 0, "hold": 0, "sell": 0, "strongSell": 0}, {"period": "-2m", "strongBuy": 0, "buy": 0, "hold": 0, "sell": 0, "strongSell": 0}, {"period": "-3m", "strongBuy": 0, "buy": 0, "hold": 0, "sell": 0, "strongSell": 0}], "maxAge": 86400}, "cashflowStatementHistory": {"cashflowStatements": [{"maxAge": 1, "endDate": "2020-03-31", "netIncome": 1079920000, "depreciation": 552730000, "changeToNetincome": -545120000, "changeToAccountReceivables": -337470000, "changeToLiabilities": 129140000, "changeToOperatingActivities": -1016140000, "totalCashFromOperatingActivities": 223860000, "capitalExpenditures": -552450000, "investments": -112800000, "otherCashflowsFromInvestingActivities": 166580000, "totalCashflowsFromInvestingActivities": -366550000, "dividendsPaid": -65310000, "netBorrowings": -139350000, "otherCashflowsFromFinancingActivities": -57570000, "totalCashFromFinancingActivities": -260900000, "changeInCash": -403580000, "issuanceOfStock": 1330000}, {"maxAge": 1, "endDate": "2019-03-31", "netIncome": 1270240000, "depreciation": 338230000, "changeToNetincome": -351670000, "changeToAccountReceivables": 163990000, "changeToLiabilities": 84070000, "changeToInventory": 66690000, "changeToOperatingActivities": 1025730000, "totalCashFromOperatingActivities": 3081130000, "capitalExpenditures": -1492750000, "investments": -2212320000, "otherCashflowsFromInvestingActivities": 76390000, "totalCashflowsFromInvestingActivities": -2219580000, "dividendsPaid": -66110000, "netBorrowings": -267140000, "otherCashflowsFromFinancingActivities": -93370000, "totalCashFromFinancingActivities": -543220000, "changeInCash": -265900000, "repurchaseOfStock": -117350000, "issuanceOfStock": 750000}, {"maxAge": 1, "endDate": "2018-03-31", "netIncome": 882240000, "depreciation": 310580000, "changeToNetincome": 71370000, "changeToAccountReceivables": -558000000, "changeToLiabilities": 81640000, "changeToInventory": -21870000, "changeToOperatingActivities": -146520000, "totalCashFromOperatingActivities": 973200000, "capitalExpenditures": -1871190000, "investments": 1563420000, "otherCashflowsFromInvestingActivities": 148240000, "totalCashflowsFromInvestingActivities": -159410000, "dividendsPaid": -54100000, "netBorrowings": -683120000, "otherCashflowsFromFinancingActivities": 29450000, "totalCashFromFinancingActivities": -967640000, "changeInCash": 204410000, "repurchaseOfStock": -278710000, "issuanceOfStock": 18840000}, {"maxAge": 1, "endDate": "2017-03-31", "netIncome": 441080000, "depreciation": 17650000, "changeToNetincome": 32610000, "changeToAccountReceivables": -113870000, "changeToLiabilities": -87450000, "changeToInventory": 143570000, "changeToOperatingActivities": -53090000, "totalCashFromOperatingActivities": 593150000, "capitalExpenditures": -2299150000, "investments": -3421100000, "otherCashflowsFromInvestingActivities": 136290000, "totalCashflowsFromInvestingActivities": -5583960000, "dividendsPaid": -54100000, "netBorrowings": 1305390000, "otherCashflowsFromFinancingActivities": -293730000, "totalCashFromFinancingActivities": 1615320000, "changeInCash": -3375490000, "repurchaseOfStock": -278710000, "issuanceOfStock": 603660000}], "maxAge": 86400}, "institutionOwnership": {"maxAge": 1, "ownershipList": []}, "balanceSheetHistoryQuarterly": {"balanceSheetStatements": [{"maxAge": 1, "endDate": "2020-06-30", "totalStockholderEquity": 28449500000, "netTangibleAssets": 9532800000}, {"maxAge": 1, "endDate": "2020-03-31", "cash": 913600000, "shortTermInvestments": 317140000, "netReceivables": 1119950000, "otherCurrentAssets": 3041480000, "totalCurrentAssets": 5494520000, "longTermInvestments": 4387130000, "propertyPlantEquipment": 2419320000, "goodWill": 16144330000, "intangibleAssets": 2772390000, "otherAssets": 559050000, "deferredLongTermAssetCharges": 7180000, "totalAssets": 31776740000, "accountsPayable": 313080000, "shortLongTermDebt": 87900000, "otherCurrentLiab": 2178410000, "longTermDebt": 175810000, "otherLiab": 342970000, "minorityInterest": -6080000, "totalCurrentLiabilities": 2779820000, "totalLiab": 3333260000, "commonStock": 664720000, "retainedEarnings": 2739410000, "treasuryStock": -91300000, "capitalSurplus": 25136730000, "otherStockholderEquity": 304760000, "totalStockholderEquity": 28449560000, "netTangibleAssets": 9532840000}, {"maxAge": 1, "endDate": "2019-12-31", "totalStockholderEquity": 27961700000, "netTangibleAssets": 8860100000}, {"maxAge": 1, "endDate": "2019-09-30", "cash": 750300000, "shortTermInvestments": 658700000, "netReceivables": 265200000, "otherCurrentAssets": 5444600000, "totalCurrentAssets": 7118800000, "longTermInvestments": 2617700000, "propertyPlantEquipment": 2419200000, "goodWill": 16144300000, "intangibleAssets": 2957300000, "otherAssets": 493300000, "deferredLongTermAssetCharges": 8100000, "totalAssets": 31750600000, "accountsPayable": 224800000, "shortLongTermDebt": 90100000, "otherCurrentLiab": 2880500000, "longTermDebt": 219800000, "otherLiab": 354700000, "minorityInterest": 13600000, "totalCurrentLiabilities": 3200800000, "totalLiab": 3775300000, "commonStock": 663400000, "treasuryStock": 27298300000, "otherStockholderEquity": 27298300000, "totalStockholderEquity": 27961700000, "netTangibleAssets": 8860100000}], "maxAge": 86400}, "earningsHistory": {"history": [{"maxAge": 1, "epsActual": {}, "epsEstimate": {}, "epsDifference": {}, "surprisePercent": {}, "quarter": {}, "period": "-4q"}, {"maxAge": 1, "epsActual": 0.3, "epsEstimate": 0.28, "epsDifference": 0.02, "surprisePercent": 0.071, "quarter": "2017-06-30", "period": "-3q"}, {"maxAge": 1, "epsActual": 0.35, "epsEstimate": 0.28, "epsDifference": 0.07, "surprisePercent": 0.25, "quarter": "2017-09-30", "period": "-2q"}, {"maxAge": 1, "epsActual": 0.52, "epsEstimate": 0.36, "epsDifference": 0.16, "surprisePercent": 0.444, "quarter": "2017-12-31", "period": "-1q"}], "maxAge": 86400}, "indexTrend": {"maxAge": 1, "symbol": "SP5", "peRatio": 19.7411, "pegRatio": 1.34172, "estimates": [{"period": "0q", "growth": 0.549}, {"period": "+1q", "growth": 0.431}, {"period": "0y", "growth": 0.305}, {"period": "+1y", "growth": 0.109}, {"period": "+5y", "growth": 0.120865}, {"period": "-5y"}]}, "industryTrend": {"maxAge": 1, "symbol": null, "estimates": []}, "insiderTransactions": {"transactions": [{"maxAge": 1, "shares": 3254440, "filerUrl": "", "transactionText": "", "filerName": "Infinium Auto Mall Pvt. Ltd.", "filerRelation": "Promoter", "moneyText": "", "startDate": "2019-12-31", "ownership": "D"}, {"maxAge": 1, "shares": 3000000, "filerUrl": "", "transactionText": "", "filerName": "Mehta (Malav Ajitbhai)", "filerRelation": "Promoter", "moneyText": "", "startDate": "2019-12-31", "ownership": "D"}, {"maxAge": 1, "shares": 17500, "filerUrl": "", "transactionText": "", "filerName": "Bhagat (Sunil N)", "filerRelation": "UNREPORTED", "moneyText": "", "startDate": "2019-12-20", "ownership": "D"}, {"maxAge": 1, "shares": 45800, "filerUrl": "", "transactionText": "", "filerName": "Chaudhari (Hemangi)", "filerRelation": "UNREPORTED", "moneyText": "", "startDate": "2019-12-20", "ownership": "D"}, {"maxAge": 1, "shares": 49440, "filerUrl": "", "transactionText": "", "filerName": "Doke (Rohit)", "filerRelation": "UNREPORTED", "moneyText": "", "startDate": "2019-12-20", "ownership": "D"}, {"maxAge": 1, "shares": 1500000, "filerUrl": "", "transactionText": "", "filerName": "Infinium Auto Mall Pvt. Ltd.", "filerRelation": "Promoter", "moneyText": "", "startDate": "2019-12-20", "ownership": "D"}, {"maxAge": 1, "shares": 23070, "filerUrl": "", "transactionText": "", "filerName": "Kakade (Shweta)", "filerRelation": "UNREPORTED", "moneyText": "", "startDate": "2019-12-20", "ownership": "D"}, {"maxAge": 1, "shares": 31840, "filerUrl": "", "transactionText": "", "filerName": "Mehta (Baijul)", "filerRelation": "UNREPORTED", "moneyText": "", "startDate": "2019-12-20", "ownership": "D"}, {"maxAge": 1, "shares": 32960, "filerUrl": "", "transactionText": "", "filerName": "Nair (Mohan)", "filerRelation": "UNREPORTED", "moneyText": "", "startDate": "2019-12-20", "ownership": "D"}, {"maxAge": 1, "shares": 110000, "filerUrl": "", "transactionText": "", "filerName": "Nayak (Vivek)", "filerRelation": "UNREPORTED", "moneyText": "", "startDate": "2019-12-20", "ownership": "D"}, {"maxAge": 1, "shares": 8750, "filerUrl": "", "transactionText": "", "filerName": "Padhya (Hiren)", "filerRelation": "Chief Financial Officer", "moneyText": "", "startDate": "2019-12-20", "ownership": "D"}, {"maxAge": 1, "shares": 49440, "filerUrl": "", "transactionText": "", "filerName": "Patil (Nitin)", "filerRelation": "UNREPORTED", "moneyText": "", "startDate": "2019-12-20", "ownership": "D"}, {"maxAge": 1, "shares": 32960, "filerUrl": "", "transactionText": "", "filerName": "Pawar (Priya)", "filerRelation": "UNREPORTED", "moneyText": "", "startDate": "2019-12-20", "ownership": "D"}, {"maxAge": 1, "shares": 65920, "filerUrl": "", "transactionText": "", "filerName": "Poojary (Ganesh)", "filerRelation": "UNREPORTED", "moneyText": "", "startDate": "2019-12-20", "ownership": "D"}, {"maxAge": 1, "shares": 49440, "filerUrl": "", "transactionText": "", "filerName": "Poojary (Laxmikant)", "filerRelation": "UNREPORTED", "moneyText": "", "startDate": "2019-12-20", "ownership": "D"}, {"maxAge": 1, "shares": 49440, "filerUrl": "", "transactionText": "", "filerName": "Rege (Aniruddha)", "filerRelation": "UNREPORTED", "moneyText": "", "startDate": "2019-12-20", "ownership": "D"}, {"maxAge": 1, "shares": 50000, "filerUrl": "", "transactionText": "", "filerName": "Salvi (Anupama)", "filerRelation": "UNREPORTED", "moneyText": "", "startDate": "2019-12-20", "ownership": "D"}, {"maxAge": 1, "shares": 63000, "filerUrl": "", "transactionText": "", "filerName": "Shetkar (Smita)", "filerRelation": "UNREPORTED", "moneyText": "", "startDate": "2019-12-20", "ownership": "D"}, {"maxAge": 1, "shares": 32960, "filerUrl": "", "transactionText": "", "filerName": "Singh (Manish)", "filerRelation": "UNREPORTED", "moneyText": "", "startDate": "2019-12-20", "ownership": "D"}, {"maxAge": 1, "shares": 23070, "filerUrl": "", "transactionText": "", "filerName": "Singh (Manu Vikram)", "filerRelation": "UNREPORTED", "moneyText": "", "startDate": "2019-12-20", "ownership": "D"}, {"maxAge": 1, "shares": 23070, "filerUrl": "", "transactionText": "", "filerName": "Tripathi (Anshu)", "filerRelation": "UNREPORTED", "moneyText": "", "startDate": "2019-12-20", "ownership": "D"}, {"maxAge": 1, "shares": 17500, "filerUrl": "", "transactionText": "", "filerName": "Trivedi (Shyamal)", "filerRelation": "Compliance Officer", "moneyText": "", "startDate": "2019-12-20", "ownership": "D"}, {"maxAge": 1, "shares": 2545560, "filerUrl": "", "transactionText": "", "filerName": "Infinium Auto Mall Pvt. Ltd.", "filerRelation": "Promoter", "moneyText": "", "startDate": "2019-12-13", "ownership": "D"}, {"maxAge": 1, "shares": 1700000, "filerUrl": "", "transactionText": "", "filerName": "Infinium Auto Mall Pvt. Ltd.", "filerRelation": "Promoter", "moneyText": "", "startDate": "2019-12-03", "ownership": "D"}, {"maxAge": 1, "shares": 1505000, "filerUrl": "", "transactionText": "", "filerName": "Infinium Natural Resources InvestmentPLtd", "filerRelation": "Promoter", "moneyText": "", "startDate": "2019-12-03", "ownership": "D"}, {"maxAge": 1, "shares": 1000000, "filerUrl": "", "transactionText": "", "filerName": "Infinium Auto Mall Pvt. Ltd.", "filerRelation": "Promoter", "moneyText": "", "startDate": "2019-11-28", "ownership": "D"}, {"maxAge": 1, "shares": 1000000, "filerUrl": "", "transactionText": "", "filerName": "Mehta (Malav Ajitbhai)", "filerRelation": "Promoter", "moneyText": "", "startDate": "2019-11-28", "ownership": "D"}, {"maxAge": 1, "shares": 25000, "filerUrl": "", "transactionText": "", "filerName": "Bhagat (Sunil N)", "filerRelation": "UNREPORTED", "moneyText": "", "startDate": "2019-10-01", "ownership": "D"}, {"maxAge": 1, "shares": 132000, "filerUrl": "", "transactionText": "", "filerName": "Sutariya (Yogeshkumar)", "filerRelation": "UNREPORTED", "moneyText": "", "startDate": "2019-10-01", "ownership": "D"}, {"maxAge": 1, "shares": 25000, "filerUrl": "", "transactionText": "", "filerName": "Trivedi (Shyamal)", "filerRelation": "Compliance Officer", "moneyText": "", "startDate": "2019-10-01", "ownership": "D"}, {"maxAge": 1, "shares": 3600000, "filerUrl": "", "transactionText": "", "filerName": "Infinity Drive Pvt. Ltd.", "filerRelation": "Promoter", "moneyText": "", "startDate": "2019-09-30", "ownership": "D"}, {"maxAge": 1, "shares": 4000000, "filerUrl": "", "transactionText": "", "filerName": "Infinity Drive Pvt. Ltd.", "filerRelation": "Promoter", "moneyText": "", "startDate": "2019-06-28", "ownership": "D"}, {"maxAge": 1, "shares": 3000000, "filerUrl": "", "transactionText": "", "filerName": "Infinium Auto Mall Pvt. Ltd.", "filerRelation": "Promoter", "moneyText": "", "startDate": "2019-06-28", "ownership": "D"}, {"maxAge": 1, "shares": 8500000, "filerUrl": "", "transactionText": "", "filerName": "Infinium Communication Pvt. Ltd.", "filerRelation": "Promoter", "moneyText": "", "startDate": "2019-06-28", "ownership": "D"}, {"maxAge": 1, "shares": 1500000, "filerUrl": "", "transactionText": "", "filerName": "Infinium Communication Pvt. Ltd.", "filerRelation": "Promoter", "moneyText": "", "startDate": "2019-06-27", "ownership": "D"}, {"maxAge": 1, "shares": 100000, "filerUrl": "", "transactionText": "", "filerName": "Sutariya (Yogeshkumar)", "filerRelation": "UNREPORTED", "moneyText": "", "startDate": "2019-03-14", "ownership": "D"}], "maxAge": 1}, "quoteType": {"exchange": "BSE", "quoteType": "EQUITY", "symbol": "INFIBEAM.BO", "underlyingSymbol": "INFIBEAM.BO", "shortName": "INFIBEAM AVENUES LIMITED", "longName": "Infibeam Avenues Limited", "firstTradeDateEpochUtc": "2016-04-04 09:15:00", "timeZoneFullName": "Asia/Kolkata", "timeZoneShortName": "IST", "uuid": "f85fb0de-fa87-3d2f-b33c-b4e7390659e8", "messageBoardId": null, "gmtOffSetMilliseconds": 19800000, "maxAge": 1}, "incomeStatementHistory": {"incomeStatementHistory": [{"maxAge": 1, "endDate": "2020-03-31", "totalRevenue": 6480920000, "costOfRevenue": 4588210000, "grossProfit": 1892710000, "researchDevelopment": {}, "sellingGeneralAdministrative": 99330000, "nonRecurring": {}, "otherOperatingExpenses": 246090000, "totalOperatingExpenses": 5861370000, "operatingIncome": 619550000, "totalOtherIncomeExpenseNet": 673160000, "ebit": 619550000, "interestExpense": -41370000, "incomeBeforeTax": 1292710000, "incomeTaxExpense": 212210000, "minorityInterest": -6080000, "netIncomeFromContinuingOps": 1080500000, "discontinuedOperations": {}, "extraordinaryItems": {}, "effectOfAccountingCharges": {}, "otherItems": {}, "netIncome": 1079920000, "netIncomeApplicableToCommonShares": 1079920000}, {"maxAge": 1, "endDate": "2019-03-31", "totalRevenue": 11590680000, "costOfRevenue": 6691980000, "grossProfit": 4898700000, "researchDevelopment": {}, "sellingGeneralAdministrative": 2659810000, "nonRecurring": {}, "otherOperatingExpenses": 432340000, "totalOperatingExpenses": 10650900000, "operatingIncome": 939780000, "totalOtherIncomeExpenseNet": 594910000, "ebit": 939780000, "interestExpense": -62400000, "incomeBeforeTax": 1534690000, "incomeTaxExpense": 271470000, "minorityInterest": -6720000, "netIncomeFromContinuingOps": 1263220000, "discontinuedOperations": {}, "extraordinaryItems": {}, "effectOfAccountingCharges": {}, "otherItems": {}, "netIncome": 1270240000, "netIncomeApplicableToCommonShares": 1270240000}, {"maxAge": 1, "endDate": "2018-03-31", "totalRevenue": 8393180000, "costOfRevenue": 5227090000, "grossProfit": 3166090000, "researchDevelopment": {}, "sellingGeneralAdministrative": 1075020000, "nonRecurring": {}, "otherOperatingExpenses": 454870000, "totalOperatingExpenses": 7476920000, "operatingIncome": 916260000, "totalOtherIncomeExpenseNet": 235710000, "ebit": 916260000, "interestExpense": -56510000, "incomeBeforeTax": 1151970000, "incomeTaxExpense": 270530000, "minorityInterest": 3550000, "netIncomeFromContinuingOps": 881440000, "discontinuedOperations": {}, "extraordinaryItems": {}, "effectOfAccountingCharges": {}, "otherItems": {}, "netIncome": 882240000, "netIncomeApplicableToCommonShares": 882240000}, {"maxAge": 1, "endDate": "2017-03-31", "totalRevenue": 4413410000, "costOfRevenue": 3024930000, "grossProfit": 1388480000, "researchDevelopment": {}, "sellingGeneralAdministrative": 421420000, "nonRecurring": {}, "otherOperatingExpenses": 260800000, "totalOperatingExpenses": 3968150000, "operatingIncome": 445260000, "totalOtherIncomeExpenseNet": 117590000, "ebit": 445260000, "interestExpense": -32240000, "incomeBeforeTax": 562850000, "incomeTaxExpense": 127510000, "minorityInterest": -9100000, "netIncomeFromContinuingOps": 435340000, "discontinuedOperations": {}, "extraordinaryItems": {}, "effectOfAccountingCharges": {}, "otherItems": {}, "netIncome": 441080000, "netIncomeApplicableToCommonShares": 441080000}], "maxAge": 86400}, "fundOwnership": {"maxAge": 1, "ownershipList": [{"maxAge": 1, "reportDate": "2020-07-31", "organization": "DFA Investment Dimensions-DFA Emerging Mkts Value", "pctHeld": 0.0038, "position": 2505833, "value": 192573266}, {"maxAge": 1, "reportDate": "2020-07-31", "organization": "DFA Emerging Markets Core Equity Portfolio", "pctHeld": 0.0023999999, "position": 1622856, "value": 124716483}, {"maxAge": 1, "reportDate": "2020-07-31", "organization": "DFA Emerging Markets Small Cap Series", "pctHeld": 0.0013, "position": 887661, "value": 68216747}, {"maxAge": 1, "reportDate": "2020-08-31", "organization": "SPDR Portfolio Emerging Markets ETF", "pctHeld": 0.00059999997, "position": 416935, "value": 31853834}, {"maxAge": 1, "reportDate": "2020-09-30", "organization": "SPDR (R) Idx Shares-SPDR (R) S&P (R) Emerging Asia Pacific ETF", "pctHeld": 0.0004, "position": 250862, "value": 18626503}, {"maxAge": 1, "reportDate": "2020-08-31", "organization": "SPDR (R) Idx Shares-SPDR (R) Emerging Markets Small Cap ETF", "pctHeld": 0.00029999999, "position": 230016, "value": 17573222}, {"maxAge": 1, "reportDate": "2020-08-31", "organization": "WisdomTree Tr-WisdomTree India Earnings Fd", "pctHeld": 0.0002, "position": 154575, "value": 11809530}, {"maxAge": 1, "reportDate": "2020-07-31", "organization": "DFA Investment Dimensions-World Ex U.S. Core Equity Port", "pctHeld": 0.0001, "position": 84699, "value": 6509118}, {"maxAge": 1, "reportDate": "2020-07-31", "organization": "DFA Investment Dimensions-Emerging Markets Social Core Equity", "pctHeld": 0.0001, "position": 79662, "value": 6122024}, {"maxAge": 1, "reportDate": "2020-07-31", "organization": "DFA T.A. World Ex U.S. Core Equity Portfolio", "pctHeld": 0.0001, "position": 76781, "value": 5900619}]}, "summaryDetail": {"maxAge": 1, "priceHint": 2, "previousClose": 39.5, "open": 39.0, "dayLow": 38.9, "dayHigh": 39.9, "regularMarketPreviousClose": 39.5, "regularMarketOpen": 39.0, "regularMarketDayLow": 38.9, "regularMarketDayHigh": 39.9, "trailingPE": 28.421432, "forwardPE": 13.083333, "volume": 147983, "regularMarketVolume": 147983, "averageVolume": 194382, "averageVolume10days": 368313, "averageDailyVolume10Day": 368313, "bid": 0.0, "ask": 39.9, "bidSize": 0, "askSize": 0, "marketCap": 26090260480, "fiftyTwoWeekLow": 26.55, "fiftyTwoWeekHigh": 97.9, "fiftyDayAverage": 82.81323, "twoHundredDayAverage": 81.44669, "trailingAnnualDividendRate": 0.2, "trailingAnnualDividendYield": 0.005063291, "currency": "INR", "fromCurrency": null, "toCurrency": null, "lastMarket": null, "algorithm": null, "tradeable": false}, "sectorTrend": {"maxAge": 1, "symbol": null, "estimates": []}, "incomeStatementHistoryQuarterly": {"incomeStatementHistory": [{"maxAge": 1, "endDate": "2020-06-30", "totalRevenue": 1026600000, "costOfRevenue": 654900000, "grossProfit": 371700000, "researchDevelopment": {}, "sellingGeneralAdministrative": {}, "nonRecurring": {}, "otherOperatingExpenses": 61800000, "totalOperatingExpenses": 952200000, "operatingIncome": 74400000, "totalOtherIncomeExpenseNet": 71500000, "ebit": 74400000, "interestExpense": -9100000, "incomeBeforeTax": 145900000, "incomeTaxExpense": 28400000, "minorityInterest": {}, "netIncomeFromContinuingOps": 117500000, "discontinuedOperations": {}, "extraordinaryItems": {}, "effectOfAccountingCharges": {}, "otherItems": {}, "netIncome": 119000000, "netIncomeApplicableToCommonShares": 119000000}, {"maxAge": 1, "endDate": "2020-03-31", "totalRevenue": 1359120000, "costOfRevenue": 877510000, "grossProfit": 481610000, "researchDevelopment": {}, "sellingGeneralAdministrative": 99330000, "nonRecurring": {}, "otherOperatingExpenses": 25690000, "totalOperatingExpenses": 1259370000, "operatingIncome": 99750000, "totalOtherIncomeExpenseNet": 222160000, "ebit": 99750000, "interestExpense": -7270000, "incomeBeforeTax": 321910000, "incomeTaxExpense": 48010000, "minorityInterest": -6080000, "netIncomeFromContinuingOps": 273900000, "discontinuedOperations": {}, "extraordinaryItems": {}, "effectOfAccountingCharges": {}, "otherItems": {}, "netIncome": 292420000, "netIncomeApplicableToCommonShares": 292420000}, {"maxAge": 1, "endDate": "2019-12-31", "totalRevenue": 1583100000, "costOfRevenue": 1101900000, "grossProfit": 481200000, "researchDevelopment": {}, "sellingGeneralAdministrative": 99330000, "nonRecurring": {}, "otherOperatingExpenses": 70200000, "totalOperatingExpenses": 1431500000, "operatingIncome": 151600000, "totalOtherIncomeExpenseNet": 138000000, "ebit": 151600000, "interestExpense": -10500000, "incomeBeforeTax": 289600000, "incomeTaxExpense": 30500000, "minorityInterest": -6080000, "netIncomeFromContinuingOps": 259100000, "discontinuedOperations": {}, "extraordinaryItems": {}, "effectOfAccountingCharges": {}, "otherItems": {}, "netIncome": 260500000, "netIncomeApplicableToCommonShares": 260500000}, {"maxAge": 1, "endDate": "2019-09-30", "totalRevenue": 1683500000, "costOfRevenue": 1212900000, "grossProfit": 470600000, "researchDevelopment": {}, "sellingGeneralAdministrative": 99330000, "nonRecurring": {}, "otherOperatingExpenses": 68600000, "totalOperatingExpenses": 1497900000, "operatingIncome": 185600000, "totalOtherIncomeExpenseNet": 150100000, "ebit": 185600000, "interestExpense": -11200000, "incomeBeforeTax": 335700000, "incomeTaxExpense": 76400000, "minorityInterest": 13600000, "netIncomeFromContinuingOps": 259300000, "discontinuedOperations": {}, "extraordinaryItems": {}, "effectOfAccountingCharges": {}, "otherItems": {}, "netIncome": 246400000, "netIncomeApplicableToCommonShares": 246400000}], "maxAge": 86400}, "cashflowStatementHistoryQuarterly": {"cashflowStatements": [{"maxAge": 1, "endDate": "2020-06-30", "netIncome": 119000000, "changeToLiabilities": 0}, {"maxAge": 1, "endDate": "2020-03-31", "netIncome": 292420000, "changeToLiabilities": 0}, {"maxAge": 1, "endDate": "2019-12-31", "netIncome": 260500000, "changeToLiabilities": 0}, {"maxAge": 1, "endDate": "2019-09-30", "netIncome": 246400000, "changeToLiabilities": 0}], "maxAge": 86400}, "insiderHolders": {"holders": [{"maxAge": 1, "name": "Bhagat (Sunil N)", "relation": "UNREPORTED", "url": "", "transactionDescription": "Other", "latestTransDate": "2019-12-20", "positionDirect": 77500, "positionDirectDate": "2019-12-20"}, {"maxAge": 1, "name": "Chaudhari (Hemangi)", "relation": "UNREPORTED", "url": "", "transactionDescription": "Other", "latestTransDate": "2019-12-20", "positionDirect": 45800, "positionDirectDate": "2019-12-20"}, {"maxAge": 1, "name": "Doke (Rohit)", "relation": "UNREPORTED", "url": "", "transactionDescription": "Other", "latestTransDate": "2019-12-20", "positionDirect": 49440, "positionDirectDate": "2019-12-20"}, {"maxAge": 1, "name": "Infinium Auto Mall Pvt. Ltd.", "relation": "Promoter", "url": "", "transactionDescription": "Sale", "latestTransDate": "2019-12-31", "positionDirect": 1555900, "positionDirectDate": "2019-12-31"}, {"maxAge": 1, "name": "Kakade (Shweta)", "relation": "UNREPORTED", "url": "", "transactionDescription": "Other", "latestTransDate": "2019-12-20", "positionDirect": 23070, "positionDirectDate": "2019-12-20"}, {"maxAge": 1, "name": "Mehta (Baijul)", "relation": "UNREPORTED", "url": "", "transactionDescription": "Other", "latestTransDate": "2019-12-20", "positionDirect": 31840, "positionDirectDate": "2019-12-20"}, {"maxAge": 1, "name": "Mehta (Malav Ajitbhai)", "relation": "Promoter", "url": "", "transactionDescription": "Sale", "latestTransDate": "2019-12-31", "positionDirect": 10524200, "positionDirectDate": "2019-12-31"}, {"maxAge": 1, "name": "Nair (Mohan)", "relation": "UNREPORTED", "url": "", "transactionDescription": "Other", "latestTransDate": "2019-12-20", "positionDirect": 32960, "positionDirectDate": "2019-12-20"}, {"maxAge": 1, "name": "Nayak (Vivek)", "relation": "UNREPORTED", "url": "", "transactionDescription": "Other", "latestTransDate": "2019-12-20", "positionDirect": 110000, "positionDirectDate": "2019-12-20"}, {"maxAge": 1, "name": "Padhya (Hiren)", "relation": "Chief Financial Officer", "url": "", "transactionDescription": "Other", "latestTransDate": "2019-12-20", "positionDirect": 102750, "positionDirectDate": "2019-12-20"}], "maxAge": 1}, "earnings": {"maxAge": 86400, "earningsChart": {"quarterly": [{"date": "2Q2017", "actual": 0.3, "estimate": 0.28}, {"date": "3Q2017", "actual": 0.35, "estimate": 0.28}, {"date": "4Q2017", "actual": 0.52, "estimate": 0.36}], "currentQuarterEstimateDate": "1Q", "currentQuarterEstimateYear": 2018, "earningsDate": []}, "financialsChart": {"yearly": [{"date": 2017, "revenue": 4413410000, "earnings": 441080000}, {"date": 2018, "revenue": 8393180000, "earnings": 882240000}, {"date": 2019, "revenue": 11590680000, "earnings": 1270240000}, {"date": 2020, "revenue": 6480920000, "earnings": 1079920000}], "quarterly": [{"date": "3Q2019", "revenue": 1683500000, "earnings": 246400000}, {"date": "4Q2019", "revenue": 1583100000, "earnings": 260500000}, {"date": "1Q2020", "revenue": 1359120000, "earnings": 292420000}, {"date": "2Q2020", "revenue": 1026600000, "earnings": 119000000}]}, "financialCurrency": "INR"}, "calendarEvents": {"maxAge": 1, "earnings": {"earningsDate": [], "revenueAverage": 2384800000, "revenueLow": 2397000000, "revenueHigh": 2397000000}}, "price": {"maxAge": 1, "regularMarketChangePercent": -0.0063291136, "regularMarketChange": -0.25, "regularMarketTime": "2021-04-30 15:58:29", "priceHint": 2, "regularMarketPrice": 39.25, "regularMarketDayHigh": 39.9, "regularMarketDayLow": 38.9, "regularMarketVolume": 147983, "averageDailyVolume10Day": 368313, "averageDailyVolume3Month": 194382, "regularMarketPreviousClose": 39.5, "regularMarketSource": "FREE_REALTIME", "regularMarketOpen": 39.0, "exchange": "BSE", "exchangeName": "BSE", "exchangeDataDelayedBy": 0, "marketState": "CLOSED", "quoteType": "EQUITY", "symbol": "INFIBEAM.BO", "underlyingSymbol": null, "shortName": "INFIBEAM AVENUES LIMITED", "longName": "Infibeam Avenues Limited", "currency": "INR", "quoteSourceName": "Delayed Quote", "currencySymbol": "\u20b9", "fromCurrency": null, "toCurrency": null, "lastMarket": null, "marketCap": 26090260480}, "balanceSheetHistory": {"balanceSheetStatements": [{"maxAge": 1, "endDate": "2020-03-31", "cash": 913600000, "shortTermInvestments": 317140000, "netReceivables": 1119950000, "otherCurrentAssets": 3041480000, "totalCurrentAssets": 5494520000, "longTermInvestments": 4387130000, "propertyPlantEquipment": 2419320000, "goodWill": 16144330000, "intangibleAssets": 2772390000, "otherAssets": 559050000, "deferredLongTermAssetCharges": 7180000, "totalAssets": 31776740000, "accountsPayable": 313080000, "shortLongTermDebt": 87900000, "otherCurrentLiab": 2178410000, "longTermDebt": 175810000, "otherLiab": 342970000, "minorityInterest": -6080000, "totalCurrentLiabilities": 2779820000, "totalLiab": 3333260000, "commonStock": 664720000, "retainedEarnings": 2739410000, "treasuryStock": -91300000, "capitalSurplus": 25136730000, "otherStockholderEquity": 304760000, "totalStockholderEquity": 28449560000, "netTangibleAssets": 9532840000}, {"maxAge": 1, "endDate": "2019-03-31", "cash": 1317180000, "shortTermInvestments": 566900000, "netReceivables": 468350000, "otherCurrentAssets": 5860640000, "totalCurrentAssets": 8252180000, "longTermInvestments": 1108890000, "propertyPlantEquipment": 2155040000, "goodWill": 16144330000, "intangibleAssets": 3042500000, "otherAssets": 1040610000, "deferredLongTermAssetCharges": 8190000, "totalAssets": 31743550000, "accountsPayable": 183960000, "shortLongTermDebt": 87900000, "otherCurrentLiab": 3263880000, "longTermDebt": 265330000, "otherLiab": 245260000, "minorityInterest": -6720000, "totalCurrentLiabilities": 3863280000, "totalLiab": 4373870000, "commonStock": 663390000, "retainedEarnings": 1738520000, "treasuryStock": -79900000, "capitalSurplus": 25054390000, "otherStockholderEquity": 316160000, "totalStockholderEquity": 27376400000, "netTangibleAssets": 8189570000}, {"maxAge": 1, "endDate": "2018-03-31", "cash": 1583060000, "shortTermInvestments": 770950000, "netReceivables": 1283240000, "inventory": 116070000, "otherCurrentAssets": 2105470000, "totalCurrentAssets": 5869050000, "longTermInvestments": 496790000, "propertyPlantEquipment": 1924800000, "goodWill": 16190660000, "intangibleAssets": 3625000000, "otherAssets": 1581830000, "deferredLongTermAssetCharges": 5330000, "totalAssets": 29688130000, "accountsPayable": 251820000, "shortLongTermDebt": 139240000, "otherCurrentLiab": 1988810000, "longTermDebt": 353100000, "otherLiab": 138760000, "minorityInterest": 3550000, "totalCurrentLiabilities": 2934040000, "totalLiab": 3425900000, "commonStock": 542780000, "retainedEarnings": 536400000, "treasuryStock": 17752680000, "capitalSurplus": 7426820000, "otherStockholderEquity": 18031390000, "totalStockholderEquity": 26258680000, "netTangibleAssets": 6443020000}, {"maxAge": 1, "endDate": "2017-03-31", "cash": 1387660000, "shortTermInvestments": 1720950000, "netReceivables": 706520000, "inventory": 94200000, "otherCurrentAssets": 2458370000, "totalCurrentAssets": 6371200000, "longTermInvestments": 616640000, "propertyPlantEquipment": 1030610000, "goodWill": 58380000, "intangibleAssets": 1020270000, "otherAssets": 1338240000, "deferredLongTermAssetCharges": 113430000, "totalAssets": 10435340000, "accountsPayable": 170170000, "otherCurrentLiab": 942860000, "otherLiab": 13650000, "minorityInterest": -9100000, "totalCurrentLiabilities": 2603540000, "totalLiab": 2617190000, "commonStock": 538940000, "retainedEarnings": -271150000, "treasuryStock": 297010000, "capitalSurplus": 7262450000, "otherStockholderEquity": 297010000, "totalStockholderEquity": 7827250000, "netTangibleAssets": 6748600000}], "maxAge": 86400}, "earningsTrend": {"trend": [{"maxAge": 1, "period": "0q", "endDate": "2018-03-31", "growth": {}, "earningsEstimate": {"avg": 0.0, "low": 0.0, "high": 0.0, "yearAgoEps": {}, "numberOfAnalysts": 0, "growth": {}}, "revenueEstimate": {"avg": 2384800000, "low": 2397000000, "high": 2397000000, "numberOfAnalysts": 1, "yearAgoRevenue": 1243940000, "growth": 0.917}, "epsTrend": {"current": 0.0, "7daysAgo": 0.0, "30daysAgo": 0.0, "60daysAgo": 0.0, "90daysAgo": 0.0}, "epsRevisions": {"upLast7days": 0, "upLast30days": 0, "downLast30days": 0, "downLast90days": {}}}, {"maxAge": 1, "period": "+1q", "endDate": "2018-06-30", "growth": {}, "earningsEstimate": {"avg": 0.0, "low": 0.0, "high": 0.0, "yearAgoEps": 0.3, "numberOfAnalysts": 0, "growth": {}}, "revenueEstimate": {"avg": 0, "low": 0, "high": 0, "numberOfAnalysts": 0, "yearAgoRevenue": 1841300000, "growth": {}}, "epsTrend": {"current": 0.0, "7daysAgo": 0.0, "30daysAgo": 0.0, "60daysAgo": 0.0, "90daysAgo": 0.0}, "epsRevisions": {"upLast7days": 0, "upLast30days": 0, "downLast30days": 0, "downLast90days": {}}}, {"maxAge": 1, "period": "0y", "endDate": "2018-03-31", "growth": {}, "earningsEstimate": {"avg": 0.0, "low": 0.0, "high": 0.0, "yearAgoEps": {}, "numberOfAnalysts": 0, "growth": {}}, "revenueEstimate": {"avg": 8367200000, "low": 8343000000, "high": 8425000000, "numberOfAnalysts": 2, "yearAgoRevenue": 4404370000, "growth": 0.9}, "epsTrend": {"current": 0.0, "7daysAgo": 1.55, "30daysAgo": 1.55, "60daysAgo": 1.55, "90daysAgo": 1.55}, "epsRevisions": {"upLast7days": 0, "upLast30days": 0, "downLast30days": 1, "downLast90days": {}}}, {"maxAge": 1, "period": "+1y", "endDate": "2019-03-31", "growth": {}, "earningsEstimate": {"avg": 0.0, "low": 0.0, "high": 0.0, "yearAgoEps": {}, "numberOfAnalysts": 0, "growth": {}}, "revenueEstimate": {"avg": 14716000000, "low": 14716000000, "high": 14716000000, "numberOfAnalysts": 1, "yearAgoRevenue": 8367200000, "growth": 0.759}, "epsTrend": {"current": 0.0, "7daysAgo": 3.0, "30daysAgo": 3.0, "60daysAgo": 3.0, "90daysAgo": 3.0}, "epsRevisions": {"upLast7days": 0, "upLast30days": 0, "downLast30days": 0, "downLast90days": {}}}, {"maxAge": 1, "period": "+5y", "endDate": null, "growth": {}, "earningsEstimate": {"avg": {}, "low": {}, "high": {}, "yearAgoEps": {}, "numberOfAnalysts": {}, "growth": {}}, "revenueEstimate": {"avg": {}, "low": {}, "high": {}, "numberOfAnalysts": {}, "yearAgoRevenue": {}, "growth": {}}, "epsTrend": {"current": {}, "7daysAgo": {}, "30daysAgo": {}, "60daysAgo": {}, "90daysAgo": {}}, "epsRevisions": {"upLast7days": {}, "upLast30days": {}, "downLast30days": {}, "downLast90days": {}}}, {"maxAge": 1, "period": "-5y", "endDate": null, "growth": {}, "earningsEstimate": {"avg": {}, "low": {}, "high": {}, "yearAgoEps": {}, "numberOfAnalysts": {}, "growth": {}}, "revenueEstimate": {"avg": {}, "low": {}, "high": {}, "numberOfAnalysts": {}, "yearAgoRevenue": {}, "growth": {}}, "epsTrend": {"current": {}, "7daysAgo": {}, "30daysAgo": {}, "60daysAgo": {}, "90daysAgo": {}}, "epsRevisions": {"upLast7days": {}, "upLast30days": {}, "downLast30days": {}, "downLast90days": {}}}], "maxAge": 1}, "financialData": {"maxAge": 86400, "currentPrice": 39.25, "targetHighPrice": 256.0, "targetLowPrice": 256.0, "targetMeanPrice": 256.0, "targetMedianPrice": 256.0, "recommendationKey": "none", "numberOfAnalystOpinions": 1, "grossProfits": 1892710000, "financialCurrency": "INR"}}}