{"INFOBEAN.NS": {"assetProfile": {"address1": "Crystal IT Park", "address2": "2nd Floor Bhavarkua Road", "city": "Indore", "zip": "452001", "country": "India", "phone": "91 73 1716 2000", "website": "http://www.infobeans.com", "industry": "Software\u2014Application", "sector": "Technology", "longBusinessSummary": "InfoBeans Technologies Limited, a software services company, develops enterprise software in India and internationally. The company offers cloud computing, migration, configuration, deployment, and sustenance; enterprise mobility; and UX and UI design services, as well as distributed storage systems, and eCommerce platforms for mobile and web. It also provides publishing services for Web, mobile, and print, including data conversion; standard publishing process automation; digital transformation and mobility; workflow and document management; and digital selling and distribution services, as well as portal for accreditation enablement. In addition, the company offers automation services, such as continuous integration and delivery, and robotic process automation; and system integration services for IT service management, and business and operations management, as well as managed and consulting services. The company was founded in 2000 and is headquartered in Indore, India.", "companyOfficers": [{"maxAge": 1, "name": "Mr. Siddharth  Sethi", "age": 45, "title": "Co-Founder, Chairman, CEO & MD", "yearBorn": 1975, "fiscalYear": 2020, "totalPay": 7020000, "exercisedValue": 0, "unexercisedValue": 0}, {"maxAge": 1, "name": "Mr. Mitesh  Bohra", "age": 44, "title": "Co-Founder, Pres & Director", "yearBorn": 1976, "fiscalYear": 2020, "totalPay": 0, "exercisedValue": 0, "unexercisedValue": 0}, {"maxAge": 1, "name": "Mr. Avinash  Sethi", "age": 48, "title": "Co-Founder, CFO & Director", "yearBorn": 1972, "fiscalYear": 2020, "totalPay": 6000000, "exercisedValue": 0, "unexercisedValue": 0}, {"maxAge": 1, "name": "Ms. Surbhi  Jain", "title": "Company Sec. & Compliance Officer", "fiscalYear": 2020, "totalPay": 448000, "exercisedValue": 0, "unexercisedValue": 0}, {"maxAge": 1, "name": "Mr. Tarulata  Champawat", "title": "Sr. Director of Sales & Marketing", "exercisedValue": 0, "unexercisedValue": 0}, {"maxAge": 1, "name": "Ms. Geetanjali  Punjabi", "title": "VP of Sales", "exercisedValue": 0, "unexercisedValue": 0}, {"maxAge": 1, "name": "Ms. Kanupriya  Manchanda", "title": "VP of People", "exercisedValue": 0, "unexercisedValue": 0}, {"maxAge": 1, "name": "Mr. Akhilesh Kumar Jain", "title": "Fin.-Head", "exercisedValue": 0, "unexercisedValue": 0}], "compensationAsOfEpochDate": "2020-12-31 05:30:00", "maxAge": 86400}, "cashflowStatementHistory": {"cashflowStatements": [{"maxAge": 1, "endDate": "2021-03-31", "netIncome": 368431000, "changeToNetincome": 346100000, "changeToLiabilities": 0, "totalCashFromOperatingActivities": 346100000, "otherCashflowsFromInvestingActivities": -247500000, "totalCashflowsFromInvestingActivities": -247500000, "otherCashflowsFromFinancingActivities": 19800000, "totalCashFromFinancingActivities": 19800000, "changeInCash": 118400000}, {"maxAge": 1, "endDate": "2020-03-31", "netIncome": 211677723, "depreciation": 94187142, "changeToNetincome": 99427138, "changeToLiabilities": 0, "changeToInventory": 6331646, "changeToOperatingActivities": 515935256, "totalCashFromOperatingActivities": 929401703, "capitalExpenditures": -1007847825, "investments": 137528253, "otherCashflowsFromInvestingActivities": 29067896, "totalCashflowsFromInvestingActivities": -841211176, "dividendsPaid": -57904156, "netBorrowings": -656918, "otherCashflowsFromFinancingActivities": -19467916, "totalCashFromFinancingActivities": -76452960, "changeInCash": 11737568, "issuanceOfStock": 1576030}, {"maxAge": 1, "endDate": "2019-03-31", "netIncome": 188949985, "depreciation": 23443848, "changeToNetincome": -65625931, "changeToLiabilities": 0, "changeToInventory": 27396387, "changeToOperatingActivities": 19247177, "totalCashFromOperatingActivities": 195220486, "capitalExpenditures": -40377323, "investments": -101990246, "otherCashflowsFromInvestingActivities": 19831307, "totalCashflowsFromInvestingActivities": -121625059, "dividendsPaid": -14476450, "netBorrowings": -598308, "otherCashflowsFromFinancingActivities": -334497, "totalCashFromFinancingActivities": -13742654, "changeInCash": 59852772, "issuanceOfStock": 1666601}, {"maxAge": 1, "endDate": "2018-03-31", "netIncome": 167336652, "depreciation": 24309748, "changeToNetincome": -23925412, "changeToAccountReceivables": -78403094, "changeToLiabilities": 0, "changeToInventory": 27396387, "changeToOperatingActivities": -2045576, "totalCashFromOperatingActivities": 87272318, "capitalExpenditures": -44574090, "investments": -250926246, "otherCashflowsFromInvestingActivities": 943731, "totalCashflowsFromInvestingActivities": -294544905, "dividendsPaid": -14476450, "netBorrowings": -39518252, "otherCashflowsFromFinancingActivities": 15003905, "totalCashFromFinancingActivities": 328140359, "changeInCash": 120867773, "issuanceOfStock": 352654706}], "maxAge": 86400}, "institutionOwnership": {"maxAge": 1, "ownershipList": []}, "majorHoldersBreakdown": {"maxAge": 1}, "balanceSheetHistoryQuarterly": {"balanceSheetStatements": [{"maxAge": 1, "endDate": "2021-03-31", "cash": 360500000, "shortTermInvestments": 43300000, "netReceivables": 394900000, "otherCurrentAssets": 60100000, "totalCurrentAssets": 858800000, "longTermInvestments": 696800000, "propertyPlantEquipment": 421100000, "goodWill": 19200000, "intangibleAssets": 381600000, "otherAssets": 76800000, "deferredLongTermAssetCharges": 71300000, "totalAssets": 2454300000, "accountsPayable": 26500000, "otherCurrentLiab": 62300000, "longTermDebt": 100000, "otherLiab": 170500000, "totalCurrentLiabilities": 202200000, "totalLiab": 644000000, "commonStock": 240200000, "treasuryStock": 1570100000, "otherStockholderEquity": 1570100000, "totalStockholderEquity": 1810300000, "netTangibleAssets": 1409500000}, {"maxAge": 1, "endDate": "2020-12-31", "totalStockholderEquity": 1549500000, "netTangibleAssets": 1008300000}, {"maxAge": 1, "endDate": "2020-09-30", "cash": 268000000, "shortTermInvestments": 193100000, "netReceivables": 324300000, "otherCurrentAssets": 23000000, "totalCurrentAssets": 808400000, "longTermInvestments": 508000000, "propertyPlantEquipment": 402200000, "goodWill": 23300000, "intangibleAssets": 517900000, "otherAssets": 45000000, "deferredLongTermAssetCharges": 20300000, "totalAssets": 2304800000, "accountsPayable": 23300000, "otherCurrentLiab": 44600000, "longTermDebt": 100000, "otherLiab": 76100000, "totalCurrentLiabilities": 193300000, "totalLiab": 755300000, "commonStock": 240200000, "treasuryStock": 1309300000, "otherStockholderEquity": 1309300000, "totalStockholderEquity": 1549500000, "netTangibleAssets": 1008300000}, {"maxAge": 1, "endDate": "2020-06-30", "totalStockholderEquity": 1444400000, "netTangibleAssets": 872400000}], "maxAge": 86400}, "indexTrend": {"maxAge": 1, "symbol": "SP5", "peRatio": 19.7411, "pegRatio": 1.34172, "estimates": [{"period": "0q", "growth": 0.549}, {"period": "+1q", "growth": 0.431}, {"period": "0y", "growth": 0.305}, {"period": "+1y", "growth": 0.109}, {"period": "+5y", "growth": 0.120865}, {"period": "-5y"}]}, "defaultKeyStatistics": {"maxAge": 1, "priceHint": 2, "enterpriseValue": 4612760576, "profitMargins": 0.18768999, "floatShares": 3499388, "sharesOutstanding": 24015600, "category": null, "bookValue": 75.451, "priceToBook": 2.5586143, "fundFamily": null, "legalType": null, "lastFiscalYearEnd": "2021-03-31 05:30:00", "nextFiscalYearEnd": "2023-03-31 05:30:00", "mostRecentQuarter": "2021-03-31 05:30:00", "earningsQuarterlyGrowth": 5.108, "netIncomeToCommon": 368431008, "trailingEps": 15.34, "lastSplitFactor": null, "enterpriseToRevenue": 2.35, "enterpriseToEbitda": 10.664, "52WeekChange": 1.0140846, "SandP52WeekChange": 0.48148263, "lastDividendValue": 1.0, "lastDividendDate": 1582502400}, "summaryProfile": {"address1": "Crystal IT Park", "address2": "2nd Floor Bhavarkua Road", "city": "Indore", "zip": "452001", "country": "India", "phone": "91 73 1716 2000", "website": "http://www.infobeans.com", "industry": "Software\u2014Application", "sector": "Technology", "longBusinessSummary": "InfoBeans Technologies Limited, a software services company, develops enterprise software in India and internationally. The company offers cloud computing, migration, configuration, deployment, and sustenance; enterprise mobility; and UX and UI design services, as well as distributed storage systems, and eCommerce platforms for mobile and web. It also provides publishing services for Web, mobile, and print, including data conversion; standard publishing process automation; digital transformation and mobility; workflow and document management; and digital selling and distribution services, as well as portal for accreditation enablement. In addition, the company offers automation services, such as continuous integration and delivery, and robotic process automation; and system integration services for IT service management, and business and operations management, as well as managed and consulting services. The company was founded in 2000 and is headquartered in Indore, India.", "companyOfficers": [], "maxAge": 86400}, "netSharePurchaseActivity": {"maxAge": 1, "period": "6m", "buyInfoCount": 0, "buyInfoShares": 0, "sellInfoCount": 0, "netInfoCount": 0, "netInfoShares": 0, "totalInsiderShares": 0}, "quoteType": {"exchange": "NSI", "quoteType": "EQUITY", "symbol": "INFOBEAN.NS", "underlyingSymbol": "INFOBEAN.NS", "shortName": "InfoBeans Techno. Ltd.", "longName": "InfoBeans Technologies Limited", "firstTradeDateEpochUtc": "2017-07-24 09:15:00", "timeZoneFullName": "Asia/Kolkata", "timeZoneShortName": "IST", "uuid": "39ba7c84-a69c-3746-917d-36b9df235fa4", "messageBoardId": "finmb_288527506", "gmtOffSetMilliseconds": 19800000, "maxAge": 1}, "incomeStatementHistory": {"incomeStatementHistory": [{"maxAge": 1, "endDate": "2021-03-31", "totalRevenue": 1962989000, "costOfRevenue": 1170599000, "grossProfit": 792390000, "researchDevelopment": {}, "sellingGeneralAdministrative": {}, "nonRecurring": {}, "otherOperatingExpenses": 241905000, "totalOperatingExpenses": 1573726000, "operatingIncome": 389263000, "totalOtherIncomeExpenseNet": -38619000, "ebit": 389263000, "interestExpense": -32172000, "incomeBeforeTax": 350644000, "incomeTaxExpense": -17787000, "minorityInterest": {}, "netIncomeFromContinuingOps": 368431000, "discontinuedOperations": {}, "extraordinaryItems": {}, "effectOfAccountingCharges": {}, "otherItems": {}, "netIncome": 368431000, "netIncomeApplicableToCommonShares": 368431000}, {"maxAge": 1, "endDate": "2020-03-31", "totalRevenue": 1565784334, "costOfRevenue": 1020072321, "grossProfit": 545712013, "researchDevelopment": {}, "sellingGeneralAdministrative": 20854623, "nonRecurring": {}, "otherOperatingExpenses": 232207321, "totalOperatingExpenses": 1369164205, "operatingIncome": 196620129, "totalOtherIncomeExpenseNet": 59860773, "ebit": 196620129, "interestExpense": -19467916, "incomeBeforeTax": 256480902, "incomeTaxExpense": 44803179, "minorityInterest": {}, "netIncomeFromContinuingOps": 211677723, "discontinuedOperations": {}, "extraordinaryItems": {}, "effectOfAccountingCharges": {}, "otherItems": {}, "netIncome": 211677723, "netIncomeApplicableToCommonShares": 211677723}, {"maxAge": 1, "endDate": "2019-03-31", "totalRevenue": 1155186475, "costOfRevenue": 766231439, "grossProfit": 388955036, "researchDevelopment": {}, "sellingGeneralAdministrative": 40235058, "nonRecurring": {}, "otherOperatingExpenses": 152351260, "totalOperatingExpenses": 984070625, "operatingIncome": 171115850, "totalOtherIncomeExpenseNet": 49198020, "ebit": 171115850, "interestExpense": -334497, "incomeBeforeTax": 220313870, "incomeTaxExpense": 31363885, "minorityInterest": {}, "netIncomeFromContinuingOps": 188949985, "discontinuedOperations": {}, "extraordinaryItems": {}, "effectOfAccountingCharges": {}, "otherItems": {}, "netIncome": 188949985, "netIncomeApplicableToCommonShares": 188949985}, {"maxAge": 1, "endDate": "2018-03-31", "totalRevenue": 954110980, "costOfRevenue": 607788984, "grossProfit": 346321996, "researchDevelopment": {}, "sellingGeneralAdministrative": 49962612, "nonRecurring": {}, "otherOperatingExpenses": 102053146, "totalOperatingExpenses": 785997861, "operatingIncome": 168113119, "totalOtherIncomeExpenseNet": 20357395, "ebit": 168113119, "interestExpense": -316066, "incomeBeforeTax": 188470514, "incomeTaxExpense": 21133862, "minorityInterest": {}, "netIncomeFromContinuingOps": 167336652, "discontinuedOperations": {}, "extraordinaryItems": {}, "effectOfAccountingCharges": {}, "otherItems": {}, "netIncome": 167336652, "netIncomeApplicableToCommonShares": 167336652}], "maxAge": 86400}, "fundOwnership": {"maxAge": 1, "ownershipList": []}, "summaryDetail": {"maxAge": 1, "priceHint": 2, "previousClose": 189.75, "open": 191.5, "dayLow": 184.95, "dayHigh": 198.0, "regularMarketPreviousClose": 189.75, "regularMarketOpen": 191.5, "regularMarketDayLow": 184.95, "regularMarketDayHigh": 198.0, "exDividendDate": "2020-02-24 05:30:00", "payoutRatio": 0.0844, "trailingPE": 12.584745, "volume": 50638, "regularMarketVolume": 50638, "averageVolume": 46285, "averageVolume10days": 187893, "averageDailyVolume10Day": 187893, "bid": 0.0, "ask": 0.0, "marketCap": 4636211712, "fiftyTwoWeekLow": 85.5, "fiftyTwoWeekHigh": 223.3, "priceToSalesTrailing12Months": 2.3618124, "fiftyDayAverage": 157.72353, "twoHundredDayAverage": 146.24753, "currency": "INR", "fromCurrency": null, "toCurrency": null, "lastMarket": null, "algorithm": null, "tradeable": false}, "incomeStatementHistoryQuarterly": {"incomeStatementHistory": [{"maxAge": 1, "endDate": "2021-03-31", "totalRevenue": 508102000, "costOfRevenue": 314926000, "grossProfit": 193176000, "researchDevelopment": {}, "sellingGeneralAdministrative": {}, "nonRecurring": {}, "otherOperatingExpenses": 57724000, "totalOperatingExpenses": 421503000, "operatingIncome": 86599000, "totalOtherIncomeExpenseNet": -14474000, "ebit": 86599000, "interestExpense": -8027000, "incomeBeforeTax": 72125000, "incomeTaxExpense": -28166000, "minorityInterest": {}, "netIncomeFromContinuingOps": 100291000, "discontinuedOperations": {}, "extraordinaryItems": {}, "effectOfAccountingCharges": {}, "otherItems": {}, "netIncome": 100291000, "netIncomeApplicableToCommonShares": 100291000}, {"maxAge": 1, "endDate": "2020-12-31", "totalRevenue": 441838000, "costOfRevenue": 297907000, "grossProfit": 143931000, "researchDevelopment": {}, "sellingGeneralAdministrative": {}, "nonRecurring": {}, "otherOperatingExpenses": -21474000, "totalOperatingExpenses": 313308000, "operatingIncome": 128530000, "totalOtherIncomeExpenseNet": 16075000, "ebit": 128530000, "interestExpense": -8324000, "incomeBeforeTax": 144605000, "incomeTaxExpense": 757000, "minorityInterest": {}, "netIncomeFromContinuingOps": 143848000, "discontinuedOperations": {}, "extraordinaryItems": {}, "effectOfAccountingCharges": {}, "otherItems": {}, "netIncome": 143848000, "netIncomeApplicableToCommonShares": 143848000}, {"maxAge": 1, "endDate": "2020-09-30", "totalRevenue": 413229000, "costOfRevenue": 279525000, "grossProfit": 133704000, "researchDevelopment": {}, "sellingGeneralAdministrative": {}, "nonRecurring": {}, "otherOperatingExpenses": 60001000, "totalOperatingExpenses": 376766000, "operatingIncome": 36463000, "totalOtherIncomeExpenseNet": 2613000, "ebit": 36463000, "interestExpense": -7762000, "incomeBeforeTax": 39076000, "incomeTaxExpense": -8752000, "minorityInterest": {}, "netIncomeFromContinuingOps": 47828000, "discontinuedOperations": {}, "extraordinaryItems": {}, "effectOfAccountingCharges": {}, "otherItems": {}, "netIncome": 47828000, "netIncomeApplicableToCommonShares": 47828000}, {"maxAge": 1, "endDate": "2020-06-30", "totalRevenue": 479309000, "costOfRevenue": 278241000, "grossProfit": 201068000, "researchDevelopment": {}, "sellingGeneralAdministrative": {}, "nonRecurring": {}, "otherOperatingExpenses": 82239000, "totalOperatingExpenses": 401196000, "operatingIncome": 78113000, "totalOtherIncomeExpenseNet": 16724000, "ebit": 78113000, "interestExpense": -8060000, "incomeBeforeTax": 94837000, "incomeTaxExpense": 18374000, "minorityInterest": {}, "netIncomeFromContinuingOps": 76463000, "discontinuedOperations": {}, "extraordinaryItems": {}, "effectOfAccountingCharges": {}, "otherItems": {}, "netIncome": 76463000, "netIncomeApplicableToCommonShares": 76463000}], "maxAge": 86400}, "cashflowStatementHistoryQuarterly": {"cashflowStatements": [{"maxAge": 1, "endDate": "2021-03-31", "netIncome": 100291000, "changeToLiabilities": 0}, {"maxAge": 1, "endDate": "2020-12-31", "netIncome": 143848000, "changeToLiabilities": 0}, {"maxAge": 1, "endDate": "2020-09-30", "netIncome": 47828000, "changeToLiabilities": 0}, {"maxAge": 1, "endDate": "2020-06-30", "netIncome": 76463000, "changeToLiabilities": 0}], "maxAge": 86400}, "insiderHolders": {"holders": [], "maxAge": 1}, "calendarEvents": {"maxAge": 1, "earnings": {"earningsDate": []}, "exDividendDate": "2020-02-24 05:30:00"}, "price": {"maxAge": 1, "regularMarketChangePercent": 0.01739132, "regularMarketChange": 3.300003, "regularMarketTime": "2021-04-30 15:29:29", "priceHint": 2, "regularMarketPrice": 193.05, "regularMarketDayHigh": 198.0, "regularMarketDayLow": 184.95, "regularMarketVolume": 50638, "averageDailyVolume10Day": 187893, "averageDailyVolume3Month": 46285, "regularMarketPreviousClose": 189.75, "regularMarketSource": "FREE_REALTIME", "regularMarketOpen": 191.5, "exchange": "NSI", "exchangeName": "NSE", "exchangeDataDelayedBy": 15, "marketState": "CLOSED", "quoteType": "EQUITY", "symbol": "INFOBEAN.NS", "underlyingSymbol": null, "shortName": "InfoBeans Techno. Ltd.", "longName": "InfoBeans Technologies Limited", "currency": "INR", "quoteSourceName": "Delayed Quote", "currencySymbol": "\u20b9", "fromCurrency": null, "toCurrency": null, "lastMarket": null, "marketCap": 4636211712}, "balanceSheetHistory": {"balanceSheetStatements": [{"maxAge": 1, "endDate": "2021-03-31", "cash": 360500000, "shortTermInvestments": 43300000, "netReceivables": 394900000, "otherCurrentAssets": 60100000, "totalCurrentAssets": 858800000, "longTermInvestments": 696800000, "propertyPlantEquipment": 421100000, "goodWill": 19200000, "intangibleAssets": 381600000, "otherAssets": 76800000, "deferredLongTermAssetCharges": 71300000, "totalAssets": 2454300000, "accountsPayable": 26500000, "otherCurrentLiab": 62300000, "longTermDebt": 100000, "otherLiab": 170500000, "totalCurrentLiabilities": 202200000, "totalLiab": 644000000, "commonStock": 240200000, "treasuryStock": 1570100000, "otherStockholderEquity": 1570100000, "totalStockholderEquity": 1810300000, "netTangibleAssets": 1409500000}, {"maxAge": 1, "endDate": "2020-03-31", "cash": 108612964, "shortTermInvestments": 117555255, "netReceivables": 343602279, "otherCurrentAssets": 11311296, "totalCurrentAssets": 595256637, "longTermInvestments": 493547524, "propertyPlantEquipment": 439965385, "goodWill": 23693152, "intangibleAssets": 548291828, "otherAssets": 31576087, "totalAssets": 2132330613, "accountsPayable": 6880116, "shortLongTermDebt": 702040, "otherCurrentLiab": 22940040, "longTermDebt": 500897, "otherLiab": 67156619, "totalCurrentLiabilities": 121169386, "totalLiab": 687964666, "commonStock": 240156000, "retainedEarnings": 820621981, "treasuryStock": 94852679, "capitalSurplus": 288735287, "otherStockholderEquity": 94852679, "totalStockholderEquity": 1444365947, "netTangibleAssets": 872380967}, {"maxAge": 1, "endDate": "2019-03-31", "cash": 96875399, "shortTermInvestments": 345663155, "netReceivables": 227179466, "inventory": 6331646, "otherCurrentAssets": 7211048, "totalCurrentAssets": 691944468, "longTermInvestments": 384357061, "propertyPlantEquipment": 97063400, "intangibleAssets": 4000100, "otherAssets": 132108393, "deferredLongTermAssetCharges": 111521768, "totalAssets": 1309473422, "accountsPayable": 2193969, "shortLongTermDebt": 656801, "otherCurrentLiab": 965241, "longTermDebt": 1203054, "otherLiab": 28363015, "totalCurrentLiabilities": 14733480, "totalLiab": 44299549, "commonStock": 240156000, "retainedEarnings": 666848414, "treasuryStock": 69434172, "capitalSurplus": 288735287, "otherStockholderEquity": 69434172, "totalStockholderEquity": 1265173873, "netTangibleAssets": 1261173773}, {"maxAge": 1, "endDate": "2018-03-31", "cash": 282652628, "shortTermInvestments": 41217599, "netReceivables": 227660144, "inventory": 33728033, "otherCurrentAssets": 44416742, "totalCurrentAssets": 635290909, "longTermInvestments": 310100000, "propertyPlantEquipment": 68470253, "intangibleAssets": 3523747, "otherAssets": 134908343, "deferredLongTermAssetCharges": 18062568, "totalAssets": 1152293252, "accountsPayable": 6163272, "shortLongTermDebt": 598308, "otherCurrentLiab": 44737565, "longTermDebt": 1859855, "otherLiab": 23993284, "totalCurrentLiabilities": 62312368, "totalLiab": 88165507, "commonStock": 240156000, "retainedEarnings": 469489329, "treasuryStock": 65747129, "capitalSurplus": 288735287, "otherStockholderEquity": 65747129, "totalStockholderEquity": 1064127745, "netTangibleAssets": 1060603998}], "maxAge": 86400}, "financialData": {"maxAge": 86400, "currentPrice": 193.05, "recommendationKey": "none", "totalCash": 403800000, "totalCashPerShare": 16.83, "ebitda": 432543552, "totalDebt": 384700000, "quickRatio": 3.95, "currentRatio": 4.247, "totalRevenue": 1962989056, "debtToEquity": 21.251, "revenuePerShare": 81.731, "returnOnAssets": 0.10609, "returnOnEquity": 0.22639999, "grossProfits": 792390000, "freeCashflow": 159601776, "operatingCashflow": 346100000, "earningsGrowth": 5.147, "revenueGrowth": 0.054, "grossMargins": 0.40367, "ebitdaMargins": 0.22035, "operatingMargins": 0.1983, "profitMargins": 0.18768999, "financialCurrency": "INR"}}}