{"INFORTEC.BO": {"cashflowStatementHistory": {"cashflowStatements": [{"maxAge": 1, "endDate": "2020-03-31", "netIncome": -11694985, "depreciation": 2791958, "changeToNetincome": -9832129, "changeToAccountReceivables": 1685311, "changeToLiabilities": 199173, "changeToOperatingActivities": 2266586, "totalCashFromOperatingActivities": -14571689, "capitalExpenditures": -7053424, "investments": 12933816, "otherCashflowsFromInvestingActivities": 15195969, "totalCashflowsFromInvestingActivities": 15889301, "dividendsPaid": -178559, "netBorrowings": 2038671, "otherCashflowsFromFinancingActivities": -753520, "totalCashFromFinancingActivities": 1106592, "changeInCash": 2424203}, {"maxAge": 1, "endDate": "2019-03-31", "netIncome": -8848092, "depreciation": 2562280, "changeToNetincome": -9267607, "changeToAccountReceivables": -1587591, "changeToLiabilities": 125083, "changeToOperatingActivities": -785189, "totalCashFromOperatingActivities": -17750839, "capitalExpenditures": -579313, "investments": 5862324, "otherCashflowsFromInvestingActivities": 11622841, "totalCashflowsFromInvestingActivities": 16778312, "dividendsPaid": -159991, "netBorrowings": -648957, "otherCashflowsFromFinancingActivities": -807866, "totalCashFromFinancingActivities": -1616814, "changeInCash": -2589341}, {"maxAge": 1, "endDate": "2018-03-31", "netIncome": 13343055, "depreciation": 2231315, "changeToNetincome": -24936778, "changeToAccountReceivables": 649092, "changeToLiabilities": -737274, "changeToOperatingActivities": 460345, "totalCashFromOperatingActivities": -8852553, "capitalExpenditures": -5030167, "investments": 2055473, "otherCashflowsFromInvestingActivities": 14421949, "totalCashflowsFromInvestingActivities": 9456156, "dividendsPaid": -163290, "netBorrowings": 1393650, "otherCashflowsFromFinancingActivities": -657515, "totalCashFromFinancingActivities": 572845, "changeInCash": 1176448}, {"maxAge": 1, "endDate": "2017-03-31", "netIncome": 4943420, "depreciation": 2388740, "changeToNetincome": -19002575, "changeToAccountReceivables": 2358236, "changeToLiabilities": -255839, "changeToOperatingActivities": 4440389, "totalCashFromOperatingActivities": -4912204, "capitalExpenditures": -923398, "investments": -3599839, "otherCashflowsFromInvestingActivities": 15411747, "totalCashflowsFromInvestingActivities": 10218735, "dividendsPaid": -5068080, "netBorrowings": -903140, "otherCashflowsFromFinancingActivities": -465837, "totalCashFromFinancingActivities": -6437057, "changeInCash": -1130526}], "maxAge": 86400}, "institutionOwnership": {"maxAge": 1, "ownershipList": []}, "balanceSheetHistoryQuarterly": {"balanceSheetStatements": [{"maxAge": 1, "endDate": "2020-06-30", "totalStockholderEquity": 122073223, "netTangibleAssets": 120213442}, {"maxAge": 1, "endDate": "2020-03-31", "cash": 3284305, "netReceivables": 2013605, "otherCurrentAssets": 5036599, "totalCurrentAssets": 52004572, "longTermInvestments": 38335265, "propertyPlantEquipment": 31046969, "intangibleAssets": 1859781, "otherAssets": 11020364, "deferredLongTermAssetCharges": 4029451, "totalAssets": 134266951, "accountsPayable": 1028177, "shortLongTermDebt": 1150433, "otherCurrentLiab": 2514824, "longTermDebt": 3059634, "otherLiab": 3361321, "totalCurrentLiabilities": 5772773, "totalLiab": 12193728, "commonStock": 41691000, "retainedEarnings": 88238494, "treasuryStock": -7856271, "otherStockholderEquity": -7856271, "totalStockholderEquity": 122073223, "netTangibleAssets": 120213442}, {"maxAge": 1, "endDate": "2019-12-31", "totalStockholderEquity": 128885000, "netTangibleAssets": 127025000}, {"maxAge": 1, "endDate": "2019-09-30", "cash": 1639000, "shortTermInvestments": 57346000, "netReceivables": 3143000, "otherCurrentAssets": 3812000, "totalCurrentAssets": 65940000, "longTermInvestments": 39790000, "propertyPlantEquipment": 30284000, "intangibleAssets": 1860000, "otherAssets": 8032000, "deferredLongTermAssetCharges": 1219000, "totalAssets": 145906000, "accountsPayable": 1132000, "shortLongTermDebt": 1252000, "otherCurrentLiab": 2526000, "longTermDebt": 3570000, "otherLiab": 8541000, "totalCurrentLiabilities": 4910000, "totalLiab": 17021000, "commonStock": 41691000, "treasuryStock": 87194000, "otherStockholderEquity": 87194000, "totalStockholderEquity": 128885000, "netTangibleAssets": 127025000}], "maxAge": 86400}, "indexTrend": {"maxAge": 1, "symbol": "SP5", "peRatio": 19.7411, "pegRatio": 1.34172, "estimates": [{"period": "0q", "growth": 0.549}, {"period": "+1q", "growth": 0.431}, {"period": "0y", "growth": 0.305}, {"period": "+1y", "growth": 0.109}, {"period": "+5y", "growth": 0.120859005}, {"period": "-5y"}]}, "quoteType": {"exchange": "BSE", "quoteType": "EQUITY", "symbol": "INFORTEC.BO", "underlyingSymbol": "INFORTEC.BO", "shortName": "INFORMED TECHNOLOGIES INDIA LT", "longName": "Informed Technologies India Limited", "firstTradeDateEpochUtc": "2002-03-27 09:15:00", "timeZoneFullName": "Asia/Kolkata", "timeZoneShortName": "IST", "uuid": "b2629e41-4de1-3b34-8d95-7c6fb0d9b183", "messageBoardId": null, "gmtOffSetMilliseconds": 19800000, "maxAge": 1}, "incomeStatementHistory": {"incomeStatementHistory": [{"maxAge": 1, "endDate": "2020-03-31", "totalRevenue": 18941498, "costOfRevenue": 21957552, "grossProfit": -3016054, "researchDevelopment": {}, "sellingGeneralAdministrative": 122041, "nonRecurring": {}, "otherOperatingExpenses": -3307037, "totalOperatingExpenses": 21576911, "operatingIncome": -2635413, "totalOtherIncomeExpenseNet": -15139041, "ebit": -2635413, "interestExpense": -655562, "incomeBeforeTax": -17774454, "incomeTaxExpense": -6079469, "minorityInterest": {}, "netIncomeFromContinuingOps": -11694985, "discontinuedOperations": {}, "extraordinaryItems": {}, "effectOfAccountingCharges": {}, "otherItems": {}, "netIncome": -11694985, "netIncomeApplicableToCommonShares": -11694985}, {"maxAge": 1, "endDate": "2019-03-31", "totalRevenue": 20421621, "costOfRevenue": 21969793, "grossProfit": -1548172, "researchDevelopment": {}, "sellingGeneralAdministrative": 135337, "nonRecurring": {}, "otherOperatingExpenses": 2775518, "totalOperatingExpenses": 27493205, "operatingIncome": -7071584, "totalOtherIncomeExpenseNet": -3212733, "ebit": -7071584, "interestExpense": -703489, "incomeBeforeTax": -10284317, "incomeTaxExpense": -1436225, "minorityInterest": {}, "netIncomeFromContinuingOps": -8848092, "discontinuedOperations": {}, "extraordinaryItems": {}, "effectOfAccountingCharges": {}, "otherItems": {}, "netIncome": -8848092, "netIncomeApplicableToCommonShares": -8848092}, {"maxAge": 1, "endDate": "2018-03-31", "totalRevenue": 22641198, "costOfRevenue": 20593498, "grossProfit": 2047700, "researchDevelopment": {}, "sellingGeneralAdministrative": 151195, "nonRecurring": {}, "otherOperatingExpenses": -2225730, "totalOperatingExpenses": 20887970, "operatingIncome": 1753228, "totalOtherIncomeExpenseNet": 15774493, "ebit": 1753228, "interestExpense": -554191, "incomeBeforeTax": 17527721, "incomeTaxExpense": 4184666, "minorityInterest": {}, "netIncomeFromContinuingOps": 13343055, "discontinuedOperations": {}, "extraordinaryItems": {}, "effectOfAccountingCharges": {}, "otherItems": {}, "netIncome": 13343055, "netIncomeApplicableToCommonShares": 13343055}, {"maxAge": 1, "endDate": "2017-03-31", "totalRevenue": 28720232, "costOfRevenue": 22756695, "grossProfit": 5963537, "researchDevelopment": {}, "sellingGeneralAdministrative": 129952, "nonRecurring": {}, "otherOperatingExpenses": 779638, "totalOperatingExpenses": 26270450, "operatingIncome": 2449782, "totalOtherIncomeExpenseNet": 1762285, "ebit": 2449782, "interestExpense": -358344, "incomeBeforeTax": 4212067, "incomeTaxExpense": -731353, "minorityInterest": {}, "netIncomeFromContinuingOps": 4943420, "discontinuedOperations": {}, "extraordinaryItems": {}, "effectOfAccountingCharges": {}, "otherItems": {}, "netIncome": 4943420, "netIncomeApplicableToCommonShares": 4943420}], "maxAge": 86400}, "fundOwnership": {"maxAge": 1, "ownershipList": []}, "summaryDetail": {"maxAge": 1, "priceHint": 2, "previousClose": 30.6, "open": 30.6, "dayLow": 30.6, "dayHigh": 30.6, "regularMarketPreviousClose": 30.6, "regularMarketOpen": 30.6, "regularMarketDayLow": 30.6, "regularMarketDayHigh": 30.6, "volume": 60, "regularMarketVolume": 60, "averageVolume": 345, "averageVolume10days": 695, "averageDailyVolume10Day": 695, "bid": 0.0, "ask": 30.6, "bidSize": 0, "askSize": 0, "marketCap": 127574464, "fiftyTwoWeekLow": 5.43, "fiftyTwoWeekHigh": 30.6, "fiftyDayAverage": 16.577715, "twoHundredDayAverage": 10.100719, "trailingAnnualDividendRate": 1.0, "trailingAnnualDividendYield": 0.032679737, "currency": "INR", "fromCurrency": null, "toCurrency": null, "lastMarket": null, "algorithm": null, "tradeable": false}, "incomeStatementHistoryQuarterly": {"incomeStatementHistory": [{"maxAge": 1, "endDate": "2020-06-30", "totalRevenue": 5506000, "costOfRevenue": 3063000, "grossProfit": 2443000, "researchDevelopment": {}, "sellingGeneralAdministrative": {}, "nonRecurring": {}, "otherOperatingExpenses": 2405000, "totalOperatingExpenses": 6194000, "operatingIncome": -688000, "totalOtherIncomeExpenseNet": 12561000, "ebit": -688000, "interestExpense": -109000, "incomeBeforeTax": 11873000, "incomeTaxExpense": 2051000, "minorityInterest": {}, "netIncomeFromContinuingOps": 9822000, "discontinuedOperations": {}, "extraordinaryItems": {}, "effectOfAccountingCharges": {}, "otherItems": {}, "netIncome": 9822000, "netIncomeApplicableToCommonShares": 9822000}, {"maxAge": 1, "endDate": "2020-03-31", "totalRevenue": 5100498, "costOfRevenue": 9077552, "grossProfit": -3977054, "researchDevelopment": {}, "sellingGeneralAdministrative": 122041, "nonRecurring": {}, "otherOperatingExpenses": -15659037, "totalOperatingExpenses": -5705089, "operatingIncome": 10805587, "totalOtherIncomeExpenseNet": -25658041, "ebit": 10805587, "interestExpense": -109000, "incomeBeforeTax": -14852454, "incomeTaxExpense": -2766469, "minorityInterest": {}, "netIncomeFromContinuingOps": -12085985, "discontinuedOperations": {}, "extraordinaryItems": {}, "effectOfAccountingCharges": {}, "otherItems": {}, "netIncome": -12085985, "netIncomeApplicableToCommonShares": -12085985}, {"maxAge": 1, "endDate": "2019-12-31", "totalRevenue": 4651000, "costOfRevenue": 4546000, "grossProfit": 105000, "researchDevelopment": {}, "sellingGeneralAdministrative": 122041, "nonRecurring": {}, "otherOperatingExpenses": 4511000, "totalOperatingExpenses": 9809000, "operatingIncome": -5158000, "totalOtherIncomeExpenseNet": 9387000, "ebit": -5158000, "interestExpense": -249000, "incomeBeforeTax": 4229000, "incomeTaxExpense": -44000, "minorityInterest": {}, "netIncomeFromContinuingOps": 4273000, "discontinuedOperations": {}, "extraordinaryItems": {}, "effectOfAccountingCharges": {}, "otherItems": {}, "netIncome": 4273000, "netIncomeApplicableToCommonShares": 4273000}, {"maxAge": 1, "endDate": "2019-09-30", "totalRevenue": 4433000, "costOfRevenue": 4109000, "grossProfit": 324000, "researchDevelopment": {}, "sellingGeneralAdministrative": 122041, "nonRecurring": {}, "otherOperatingExpenses": 4238000, "totalOperatingExpenses": 9037000, "operatingIncome": -4604000, "totalOtherIncomeExpenseNet": -3026000, "ebit": -4604000, "interestExpense": -249000, "incomeBeforeTax": -7630000, "incomeTaxExpense": -3625000, "minorityInterest": {}, "netIncomeFromContinuingOps": -4005000, "discontinuedOperations": {}, "extraordinaryItems": {}, "effectOfAccountingCharges": {}, "otherItems": {}, "netIncome": -4005000, "netIncomeApplicableToCommonShares": -4005000}], "maxAge": 86400}, "cashflowStatementHistoryQuarterly": {"cashflowStatements": [{"maxAge": 1, "endDate": "2020-06-30", "netIncome": 9822000, "changeToLiabilities": 0}, {"maxAge": 1, "endDate": "2020-03-31", "netIncome": -12085985, "changeToLiabilities": 0}, {"maxAge": 1, "endDate": "2019-12-31", "netIncome": 4273000, "changeToLiabilities": 0}, {"maxAge": 1, "endDate": "2019-09-30", "netIncome": -4005000, "changeToLiabilities": 0}], "maxAge": 86400}, "insiderHolders": {"holders": [], "maxAge": 1}, "calendarEvents": {"maxAge": 1, "earnings": {"earningsDate": []}}, "price": {"maxAge": 1, "regularMarketChangePercent": 0.0, "regularMarketChange": 0.0, "regularMarketTime": "2021-04-30 15:15:00", "priceHint": 2, "regularMarketPrice": 30.6, "regularMarketDayHigh": 30.6, "regularMarketDayLow": 30.6, "regularMarketVolume": 60, "averageDailyVolume10Day": 695, "averageDailyVolume3Month": 345, "regularMarketPreviousClose": 30.6, "regularMarketSource": "FREE_REALTIME", "regularMarketOpen": 30.6, "exchange": "BSE", "exchangeName": "BSE", "exchangeDataDelayedBy": 0, "marketState": "CLOSED", "quoteType": "EQUITY", "symbol": "INFORTEC.BO", "underlyingSymbol": null, "shortName": "INFORMED TECHNOLOGIES INDIA LT", "longName": "Informed Technologies India Limited", "currency": "INR", "quoteSourceName": "Delayed Quote", "currencySymbol": "\u20b9", "fromCurrency": null, "toCurrency": null, "lastMarket": null, "marketCap": 127574464}, "balanceSheetHistory": {"balanceSheetStatements": [{"maxAge": 1, "endDate": "2020-03-31", "cash": 3284305, "netReceivables": 2013605, "otherCurrentAssets": 5036599, "totalCurrentAssets": 52004572, "longTermInvestments": 38335265, "propertyPlantEquipment": 31046969, "intangibleAssets": 1859781, "otherAssets": 11020364, "deferredLongTermAssetCharges": 4029451, "totalAssets": 134266951, "accountsPayable": 1028177, "shortLongTermDebt": 1150433, "otherCurrentLiab": 2514824, "longTermDebt": 3059634, "otherLiab": 3361321, "totalCurrentLiabilities": 5772773, "totalLiab": 12193728, "commonStock": 41691000, "retainedEarnings": 88238494, "treasuryStock": -7856271, "otherStockholderEquity": -7856271, "totalStockholderEquity": 122073223, "netTangibleAssets": 120213442}, {"maxAge": 1, "endDate": "2019-03-31", "cash": 860102, "netReceivables": 4008829, "otherCurrentAssets": 4083413, "totalCurrentAssets": 74060373, "longTermInvestments": 42812671, "propertyPlantEquipment": 26676847, "intangibleAssets": 1872178, "otherAssets": 5999855, "totalAssets": 151421924, "accountsPayable": 829003, "shortLongTermDebt": 706566, "otherCurrentLiab": 1281216, "longTermDebt": 1464830, "otherLiab": 9434790, "totalCurrentLiabilities": 3813650, "totalLiab": 14713270, "commonStock": 41691000, "retainedEarnings": 99933479, "treasuryStock": -4915825, "otherStockholderEquity": -4915825, "totalStockholderEquity": 136708654, "netTangibleAssets": 134836476}, {"maxAge": 1, "endDate": "2018-03-31", "cash": 3449442, "netReceivables": 2164570, "otherCurrentAssets": 4025729, "totalCurrentAssets": 85416132, "longTermInvestments": 41437463, "propertyPlantEquipment": 28551160, "intangibleAssets": 1922455, "otherAssets": 4546951, "totalAssets": 161874161, "accountsPayable": 703920, "shortLongTermDebt": 648957, "otherCurrentLiab": 1302220, "longTermDebt": 2171396, "otherLiab": 10913498, "totalCurrentLiabilities": 4079444, "totalLiab": 17164338, "commonStock": 41691000, "retainedEarnings": 108781571, "treasuryStock": -5762748, "otherStockholderEquity": -5762748, "totalStockholderEquity": 144709823, "netTangibleAssets": 142787368}, {"maxAge": 1, "endDate": "2017-03-31", "cash": 2272995, "netReceivables": 2814683, "otherCurrentAssets": 3794340, "totalCurrentAssets": 73221137, "longTermInvestments": 39761993, "propertyPlantEquipment": 27274753, "intangibleAssets": 429047, "otherAssets": 5457341, "totalAssets": 146144271, "accountsPayable": 1441193, "shortLongTermDebt": 573355, "otherCurrentLiab": 1866061, "longTermDebt": 853349, "otherLiab": 10988079, "totalCurrentLiabilities": 4466562, "totalLiab": 16307990, "commonStock": 41691000, "retainedEarnings": 120437531, "treasuryStock": -32292250, "otherStockholderEquity": -32292250, "totalStockholderEquity": 129836281, "netTangibleAssets": 129407234}], "maxAge": 86400}, "financialData": {"maxAge": 86400, "currentPrice": 30.6, "recommendationKey": "none", "grossProfits": -3016054, "financialCurrency": "INR"}}}