{"INGERRAND.BO": {"recommendationTrend": {"trend": [{"period": "0m", "strongBuy": 0, "buy": 0, "hold": 0, "sell": 0, "strongSell": 0}, {"period": "-1m", "strongBuy": 0, "buy": 0, "hold": 0, "sell": 0, "strongSell": 0}, {"period": "-2m", "strongBuy": 0, "buy": 0, "hold": 0, "sell": 0, "strongSell": 0}, {"period": "-3m", "strongBuy": 0, "buy": 0, "hold": 0, "sell": 0, "strongSell": 0}], "maxAge": 86400}, "cashflowStatementHistory": {"cashflowStatements": [{"maxAge": 1, "endDate": "2020-03-31", "netIncome": 846007000, "depreciation": 182022000, "changeToNetincome": -115249000, "changeToAccountReceivables": 261351000, "changeToLiabilities": -135047000, "changeToInventory": 115589000, "changeToOperatingActivities": -60764000, "totalCashFromOperatingActivities": 1094498000, "capitalExpenditures": -63596000, "otherCashflowsFromInvestingActivities": 612842000, "totalCashflowsFromInvestingActivities": 589652000, "dividendsPaid": -189411000, "netBorrowings": -51650000, "otherCashflowsFromFinancingActivities": -220372000, "totalCashFromFinancingActivities": -1250633000, "changeInCash": 433517000}, {"maxAge": 1, "endDate": "2019-03-31", "netIncome": 809312000, "depreciation": 113734000, "changeToNetincome": -89640000, "changeToAccountReceivables": -580657000, "changeToLiabilities": 235944000, "changeToInventory": -126304000, "changeToOperatingActivities": 3883000, "totalCashFromOperatingActivities": 366272000, "capitalExpenditures": -89243000, "otherCashflowsFromInvestingActivities": 1088716000, "totalCashflowsFromInvestingActivities": 999496000, "dividendsPaid": -6566050000, "netBorrowings": -51650000, "otherCashflowsFromFinancingActivities": -1348768000, "totalCashFromFinancingActivities": -7914818000, "changeInCash": -6549050000}, {"maxAge": 1, "endDate": "2018-03-31", "netIncome": 888882000, "depreciation": 125971000, "changeToNetincome": -552391000, "changeToAccountReceivables": -117110000, "changeToLiabilities": 115264000, "changeToInventory": 95901000, "changeToOperatingActivities": 214804000, "totalCashFromOperatingActivities": 771321000, "capitalExpenditures": -98392000, "investments": 500000000, "otherCashflowsFromInvestingActivities": 528738000, "totalCashflowsFromInvestingActivities": 934882000, "dividendsPaid": -189252000, "netBorrowings": -51650000, "otherCashflowsFromFinancingActivities": -41611000, "totalCashFromFinancingActivities": -230863000, "changeInCash": 1475340000}, {"maxAge": 1, "endDate": "2017-03-31", "netIncome": 772730000, "depreciation": 118000000, "changeToNetincome": -448020000, "changeToAccountReceivables": 417957000, "changeToLiabilities": -123497000, "changeToInventory": 78210000, "changeToOperatingActivities": 399360000, "totalCashFromOperatingActivities": 1214740000, "capitalExpenditures": -333280000, "investments": 425000000, "otherCashflowsFromInvestingActivities": 1252170000, "totalCashflowsFromInvestingActivities": 1407300000, "dividendsPaid": -189390000, "netBorrowings": -51650000, "otherCashflowsFromFinancingActivities": -41540000, "totalCashFromFinancingActivities": -230930000, "changeInCash": 2391110000}], "maxAge": 86400}, "institutionOwnership": {"maxAge": 1, "ownershipList": []}, "balanceSheetHistoryQuarterly": {"balanceSheetStatements": [{"maxAge": 1, "endDate": "2020-06-30", "totalStockholderEquity": 3811300000, "netTangibleAssets": 3807200000}, {"maxAge": 1, "endDate": "2020-03-31", "cash": 1584487000, "netReceivables": 1511942000, "inventory": 788604000, "otherCurrentAssets": 131368000, "totalCurrentAssets": 4046121000, "propertyPlantEquipment": 1182172000, "intangibleAssets": 4114000, "otherAssets": 289686000, "totalAssets": 5522093000, "accountsPayable": 1137792000, "otherCurrentLiab": 272544000, "otherLiab": 51689000, "totalCurrentLiabilities": 1616003000, "totalLiab": 1710802000, "commonStock": 315680000, "retainedEarnings": 3458846000, "treasuryStock": 36765000, "otherStockholderEquity": 36765000, "totalStockholderEquity": 3811291000, "netTangibleAssets": 3807177000}, {"maxAge": 1, "endDate": "2019-12-31", "totalStockholderEquity": 4493500000, "netTangibleAssets": 4493500000}, {"maxAge": 1, "endDate": "2019-09-30", "cash": 1993200000, "shortTermInvestments": 57200000, "netReceivables": 1488100000, "inventory": 914000000, "otherCurrentAssets": 110900000, "totalCurrentAssets": 4563400000, "propertyPlantEquipment": 1400900000, "otherAssets": 383300000, "deferredLongTermAssetCharges": 7200000, "totalAssets": 6347600000, "accountsPayable": 1077200000, "otherCurrentLiab": 485800000, "otherLiab": 1200000, "totalCurrentLiabilities": 1673600000, "totalLiab": 1854100000, "commonStock": 315700000, "treasuryStock": 4177800000, "otherStockholderEquity": 4177800000, "totalStockholderEquity": 4493500000, "netTangibleAssets": 4493500000}], "maxAge": 86400}, "earningsHistory": {"history": [{"maxAge": 1, "epsActual": {}, "epsEstimate": {}, "epsDifference": {}, "surprisePercent": {}, "quarter": {}, "period": "-4q"}, {"maxAge": 1, "epsActual": 4.29, "epsEstimate": 6.18, "epsDifference": -1.89, "surprisePercent": -0.306, "quarter": "2017-06-30", "period": "-3q"}, {"maxAge": 1, "epsActual": 6.98, "epsEstimate": 5.08, "epsDifference": 1.9, "surprisePercent": 0.374, "quarter": "2017-09-30", "period": "-2q"}, {"maxAge": 1, "epsActual": 6.56, "epsEstimate": 7.28, "epsDifference": -0.72, "surprisePercent": -0.099, "quarter": "2018-06-30", "period": "-1q"}], "maxAge": 86400}, "indexTrend": {"maxAge": 1, "symbol": "SP5", "peRatio": 19.7411, "pegRatio": 1.34172, "estimates": [{"period": "0q", "growth": 0.549}, {"period": "+1q", "growth": 0.431}, {"period": "0y", "growth": 0.305}, {"period": "+1y", "growth": 0.109}, {"period": "+5y", "growth": 0.120865}, {"period": "-5y"}]}, "industryTrend": {"maxAge": 1, "symbol": null, "estimates": []}, "quoteType": {"exchange": "BSE", "quoteType": "EQUITY", "symbol": "INGERRAND.BO", "underlyingSymbol": "INGERRAND.BO", "shortName": "INGERSOLL-RAND (INDIA) LTD.", "longName": "Ingersoll-Rand (India) Limited", "firstTradeDateEpochUtc": "2000-01-03 09:15:00", "timeZoneFullName": "Asia/Kolkata", "timeZoneShortName": "IST", "uuid": "c59e645c-7851-38b1-9ef8-7bc1a99ed304", "messageBoardId": null, "gmtOffSetMilliseconds": 19800000, "maxAge": 1}, "incomeStatementHistory": {"incomeStatementHistory": [{"maxAge": 1, "endDate": "2020-03-31", "totalRevenue": 7056226000, "costOfRevenue": 4019601000, "grossProfit": 3036625000, "researchDevelopment": {}, "sellingGeneralAdministrative": 1278350000, "nonRecurring": {}, "otherOperatingExpenses": 615279000, "totalOperatingExpenses": 6112736000, "operatingIncome": 943490000, "totalOtherIncomeExpenseNet": 196945000, "ebit": 943490000, "interestExpense": -26001000, "incomeBeforeTax": 1140435000, "incomeTaxExpense": 294428000, "minorityInterest": {}, "netIncomeFromContinuingOps": 846007000, "discontinuedOperations": {}, "extraordinaryItems": {}, "effectOfAccountingCharges": {}, "otherItems": {}, "netIncome": 846007000, "netIncomeApplicableToCommonShares": 846007000}, {"maxAge": 1, "endDate": "2019-03-31", "totalRevenue": 7390747000, "costOfRevenue": 4319296000, "grossProfit": 3071451000, "researchDevelopment": {}, "sellingGeneralAdministrative": 1297019000, "nonRecurring": {}, "otherOperatingExpenses": 538704000, "totalOperatingExpenses": 6279252000, "operatingIncome": 1111495000, "totalOtherIncomeExpenseNet": 162984000, "ebit": 1111495000, "interestExpense": -4233000, "incomeBeforeTax": 1274479000, "incomeTaxExpense": 465167000, "minorityInterest": {}, "netIncomeFromContinuingOps": 809312000, "discontinuedOperations": {}, "extraordinaryItems": {}, "effectOfAccountingCharges": {}, "otherItems": {}, "netIncome": 809312000, "netIncomeApplicableToCommonShares": 809312000}, {"maxAge": 1, "endDate": "2018-03-31", "totalRevenue": 6147958000, "costOfRevenue": 3577438000, "grossProfit": 2570520000, "researchDevelopment": {}, "sellingGeneralAdministrative": 1139916000, "nonRecurring": {}, "otherOperatingExpenses": 545590000, "totalOperatingExpenses": 5398522000, "operatingIncome": 749436000, "totalOtherIncomeExpenseNet": 567017000, "ebit": 749436000, "interestExpense": -4233000, "incomeBeforeTax": 1316453000, "incomeTaxExpense": 427571000, "minorityInterest": {}, "netIncomeFromContinuingOps": 888882000, "discontinuedOperations": {}, "extraordinaryItems": {}, "effectOfAccountingCharges": {}, "otherItems": {}, "netIncome": 888882000, "netIncomeApplicableToCommonShares": 888882000}, {"maxAge": 1, "endDate": "2017-03-31", "totalRevenue": 6204406000, "costOfRevenue": 3843850000, "grossProfit": 2360556000, "researchDevelopment": {}, "sellingGeneralAdministrative": 1020020000, "nonRecurring": {}, "otherOperatingExpenses": 585966000, "totalOperatingExpenses": 5586186000, "operatingIncome": 618220000, "totalOtherIncomeExpenseNet": 525650000, "ebit": 618220000, "interestExpense": -7360000, "incomeBeforeTax": 1143870000, "incomeTaxExpense": 371140000, "minorityInterest": {}, "netIncomeFromContinuingOps": 772730000, "discontinuedOperations": {}, "extraordinaryItems": {}, "effectOfAccountingCharges": {}, "otherItems": {}, "netIncome": 772730000, "netIncomeApplicableToCommonShares": 772730000}], "maxAge": 86400}, "fundOwnership": {"maxAge": 1, "ownershipList": []}, "summaryDetail": {"maxAge": 1, "priceHint": 2, "previousClose": 739.85, "open": 746.0, "dayLow": 744.35, "dayHigh": 756.5, "regularMarketPreviousClose": 739.85, "regularMarketOpen": 746.0, "regularMarketDayLow": 744.35, "regularMarketDayHigh": 756.5, "trailingPE": 31.965107, "forwardPE": 17.288431, "volume": 3861, "regularMarketVolume": 3861, "averageVolume": 8740, "averageVolume10days": 21956, "averageDailyVolume10Day": 21956, "bid": 744.95, "ask": 755.0, "bidSize": 0, "askSize": 0, "marketCap": 23538679808, "fiftyTwoWeekLow": 555.4, "fiftyTwoWeekHigh": 911.15, "fiftyDayAverage": 710.20294, "twoHundredDayAverage": 637.0349, "trailingAnnualDividendRate": 6.0, "trailingAnnualDividendYield": 0.008109752, "currency": "INR", "fromCurrency": null, "toCurrency": null, "lastMarket": null, "algorithm": null, "tradeable": false}, "sectorTrend": {"maxAge": 1, "symbol": null, "estimates": []}, "incomeStatementHistoryQuarterly": {"incomeStatementHistory": [{"maxAge": 1, "endDate": "2020-06-30", "totalRevenue": 918500000, "costOfRevenue": 525100000, "grossProfit": 393400000, "researchDevelopment": {}, "sellingGeneralAdministrative": 155300000, "nonRecurring": {}, "otherOperatingExpenses": 86200000, "totalOperatingExpenses": 802900000, "operatingIncome": 115600000, "totalOtherIncomeExpenseNet": -2800000, "ebit": 115600000, "interestExpense": -2800000, "incomeBeforeTax": 112800000, "incomeTaxExpense": 31600000, "minorityInterest": {}, "netIncomeFromContinuingOps": 81200000, "discontinuedOperations": {}, "extraordinaryItems": {}, "effectOfAccountingCharges": {}, "otherItems": {}, "netIncome": 81200000, "netIncomeApplicableToCommonShares": 81200000}, {"maxAge": 1, "endDate": "2020-03-31", "totalRevenue": 1345926000, "costOfRevenue": 793901000, "grossProfit": 552025000, "researchDevelopment": {}, "sellingGeneralAdministrative": 280250000, "nonRecurring": {}, "otherOperatingExpenses": 165879000, "totalOperatingExpenses": 1299336000, "operatingIncome": 46590000, "totalOtherIncomeExpenseNet": 214245000, "ebit": 46590000, "interestExpense": -8701000, "incomeBeforeTax": 260835000, "incomeTaxExpense": 68528000, "minorityInterest": {}, "netIncomeFromContinuingOps": 192307000, "discontinuedOperations": {}, "extraordinaryItems": {}, "effectOfAccountingCharges": {}, "otherItems": {}, "netIncome": 192307000, "netIncomeApplicableToCommonShares": 192307000}, {"maxAge": 1, "endDate": "2019-12-31", "totalRevenue": 2084800000, "costOfRevenue": 1209700000, "grossProfit": 875100000, "researchDevelopment": {}, "sellingGeneralAdministrative": 331800000, "nonRecurring": {}, "otherOperatingExpenses": 181900000, "totalOperatingExpenses": 1771500000, "operatingIncome": 313300000, "totalOtherIncomeExpenseNet": -5900000, "ebit": 313300000, "interestExpense": -5900000, "incomeBeforeTax": 307400000, "incomeTaxExpense": 71500000, "minorityInterest": {}, "netIncomeFromContinuingOps": 235900000, "discontinuedOperations": {}, "extraordinaryItems": {}, "effectOfAccountingCharges": {}, "otherItems": {}, "netIncome": 235900000, "netIncomeApplicableToCommonShares": 235900000}, {"maxAge": 1, "endDate": "2019-09-30", "totalRevenue": 1713900000, "costOfRevenue": 913600000, "grossProfit": 800300000, "researchDevelopment": {}, "sellingGeneralAdministrative": 325600000, "nonRecurring": {}, "otherOperatingExpenses": 142600000, "totalOperatingExpenses": 1429800000, "operatingIncome": 284100000, "totalOtherIncomeExpenseNet": -6200000, "ebit": 284100000, "interestExpense": -6200000, "incomeBeforeTax": 277900000, "incomeTaxExpense": 50700000, "minorityInterest": {}, "netIncomeFromContinuingOps": 227200000, "discontinuedOperations": {}, "extraordinaryItems": {}, "effectOfAccountingCharges": {}, "otherItems": {}, "netIncome": 227200000, "netIncomeApplicableToCommonShares": 227200000}], "maxAge": 86400}, "cashflowStatementHistoryQuarterly": {"cashflowStatements": [{"maxAge": 1, "endDate": "2020-06-30", "netIncome": 81200000, "changeToLiabilities": 0}, {"maxAge": 1, "endDate": "2020-03-31", "netIncome": 192307000, "changeToLiabilities": 0}, {"maxAge": 1, "endDate": "2019-12-31", "netIncome": 235900000, "changeToLiabilities": 0}, {"maxAge": 1, "endDate": "2019-09-30", "netIncome": 227200000, "changeToLiabilities": 0}], "maxAge": 86400}, "insiderHolders": {"holders": [], "maxAge": 1}, "earnings": {"maxAge": 86400, "earningsChart": {"quarterly": [{"date": "2Q2017", "actual": 4.29, "estimate": 6.18}, {"date": "3Q2017", "actual": 6.98, "estimate": 5.08}, {"date": "2Q2018", "actual": 6.56, "estimate": 7.28}], "currentQuarterEstimateDate": "3Q", "currentQuarterEstimateYear": 2018, "earningsDate": []}, "financialsChart": {"yearly": [{"date": 2017, "revenue": 6204406000, "earnings": 772730000}, {"date": 2018, "revenue": 6147958000, "earnings": 888882000}, {"date": 2019, "revenue": 7390747000, "earnings": 809312000}, {"date": 2020, "revenue": 7056226000, "earnings": 846007000}], "quarterly": [{"date": "3Q2019", "revenue": 1713900000, "earnings": 227200000}, {"date": "4Q2019", "revenue": 2084800000, "earnings": 235900000}, {"date": "1Q2020", "revenue": 1345926000, "earnings": 192307000}, {"date": "2Q2020", "revenue": 918500000, "earnings": 81200000}]}, "financialCurrency": "INR"}, "calendarEvents": {"maxAge": 1, "earnings": {"earningsDate": [], "revenueAverage": 1845000000}}, "price": {"maxAge": 1, "regularMarketChangePercent": 0.007839493, "regularMarketChange": 5.800049, "regularMarketTime": "2021-04-30 15:28:33", "priceHint": 2, "regularMarketPrice": 745.65, "regularMarketDayHigh": 756.5, "regularMarketDayLow": 744.35, "regularMarketVolume": 3861, "averageDailyVolume10Day": 21956, "averageDailyVolume3Month": 8740, "regularMarketPreviousClose": 739.85, "regularMarketSource": "FREE_REALTIME", "regularMarketOpen": 746.0, "exchange": "BSE", "exchangeName": "BSE", "exchangeDataDelayedBy": 0, "marketState": "CLOSED", "quoteType": "EQUITY", "symbol": "INGERRAND.BO", "underlyingSymbol": null, "shortName": "INGERSOLL-RAND (INDIA) LTD.", "longName": "Ingersoll-Rand (India) Limited", "currency": "INR", "quoteSourceName": "Delayed Quote", "currencySymbol": "\u20b9", "fromCurrency": null, "toCurrency": null, "lastMarket": null, "marketCap": 23538679808}, "balanceSheetHistory": {"balanceSheetStatements": [{"maxAge": 1, "endDate": "2020-03-31", "cash": 1584487000, "netReceivables": 1511942000, "inventory": 788604000, "otherCurrentAssets": 131368000, "totalCurrentAssets": 4046121000, "propertyPlantEquipment": 1182172000, "intangibleAssets": 4114000, "otherAssets": 289686000, "totalAssets": 5522093000, "accountsPayable": 1137792000, "otherCurrentLiab": 272544000, "otherLiab": 51689000, "totalCurrentLiabilities": 1616003000, "totalLiab": 1710802000, "commonStock": 315680000, "retainedEarnings": 3458846000, "treasuryStock": 36765000, "otherStockholderEquity": 36765000, "totalStockholderEquity": 3811291000, "netTangibleAssets": 3807177000}, {"maxAge": 1, "endDate": "2019-03-31", "cash": 1150970000, "netReceivables": 2289021000, "inventory": 904193000, "otherCurrentAssets": 106328000, "totalCurrentAssets": 4480990000, "propertyPlantEquipment": 1191063000, "otherAssets": 322414000, "deferredLongTermAssetCharges": 14163000, "totalAssets": 5994467000, "accountsPayable": 1278572000, "otherCurrentLiab": 296199000, "otherLiab": 12917000, "totalCurrentLiabilities": 1795973000, "totalLiab": 1808890000, "commonStock": 315680000, "retainedEarnings": 3841315000, "treasuryStock": 28582000, "otherStockholderEquity": 28582000, "totalStockholderEquity": 4185577000, "netTangibleAssets": 4185577000}, {"maxAge": 1, "endDate": "2018-03-31", "cash": 7700020000, "netReceivables": 1249441000, "inventory": 777889000, "otherCurrentAssets": 171047000, "totalCurrentAssets": 9915498000, "propertyPlantEquipment": 1219616000, "otherAssets": 1752940000, "deferredLongTermAssetCharges": 53034000, "totalAssets": 12888054000, "accountsPayable": 1036588000, "otherCurrentLiab": 344292000, "otherLiab": 19248000, "totalCurrentLiabilities": 1583980000, "totalLiab": 1603228000, "commonStock": 315680000, "retainedEarnings": 10948447000, "treasuryStock": 20699000, "otherStockholderEquity": 20699000, "totalStockholderEquity": 11284826000, "netTangibleAssets": 11284826000}, {"maxAge": 1, "endDate": "2017-03-31", "cash": 6224680000, "shortTermInvestments": 500000000, "netReceivables": 1149841000, "inventory": 873790000, "otherCurrentAssets": 306990000, "totalCurrentAssets": 9076221000, "propertyPlantEquipment": 1280440000, "otherAssets": 1766980000, "deferredLongTermAssetCharges": 82950000, "totalAssets": 12123641000, "accountsPayable": 936500000, "otherCurrentLiab": 331261000, "otherLiab": 10010000, "totalCurrentLiabilities": 1498021000, "totalLiab": 1508031000, "commonStock": 315680000, "retainedEarnings": 10285830000, "treasuryStock": 14100000, "otherStockholderEquity": 14100000, "totalStockholderEquity": 10615610000, "netTangibleAssets": 10615610000}], "maxAge": 86400}, "earningsTrend": {"trend": [{"maxAge": 1, "period": "0q", "endDate": "2018-09-30", "growth": {}, "earningsEstimate": {"avg": 0.0, "low": 0.0, "high": 0.0, "yearAgoEps": {}, "numberOfAnalysts": 0, "growth": {}}, "revenueEstimate": {"avg": 1845000000, "low": 0, "high": 0, "numberOfAnalysts": 0, "yearAgoRevenue": 1611400000, "growth": 0.145}, "epsTrend": {"current": 0.0, "7daysAgo": 0.0, "30daysAgo": 0.0, "60daysAgo": 0.0, "90daysAgo": 0.0}, "epsRevisions": {"upLast7days": 0, "upLast30days": 0, "downLast30days": 0, "downLast90days": {}}}, {"maxAge": 1, "period": "+1q", "endDate": "2018-12-31", "growth": {}, "earningsEstimate": {"avg": 0.0, "low": 0.0, "high": 0.0, "yearAgoEps": 4.29, "numberOfAnalysts": 0, "growth": {}}, "revenueEstimate": {"avg": 0, "low": 0, "high": 0, "numberOfAnalysts": 0, "yearAgoRevenue": {}, "growth": {}}, "epsTrend": {"current": 0.0, "7daysAgo": 0.0, "30daysAgo": 0.0, "60daysAgo": 0.0, "90daysAgo": 0.0}, "epsRevisions": {"upLast7days": 0, "upLast30days": 0, "downLast30days": 0, "downLast90days": {}}}, {"maxAge": 1, "period": "0y", "endDate": "2019-03-31", "growth": {}, "earningsEstimate": {"avg": 0.0, "low": 0.0, "high": 0.0, "yearAgoEps": {}, "numberOfAnalysts": 0, "growth": {}}, "revenueEstimate": {"avg": 7065330000, "low": 7065330000, "high": 7065330000, "numberOfAnalysts": 1, "yearAgoRevenue": 6147900000, "growth": 0.14899999}, "epsTrend": {"current": 0.0, "7daysAgo": 38.58, "30daysAgo": 38.58, "60daysAgo": 38.58, "90daysAgo": 38.58}, "epsRevisions": {"upLast7days": 0, "upLast30days": 1, "downLast30days": 0, "downLast90days": {}}}, {"maxAge": 1, "period": "+1y", "endDate": "2020-03-31", "growth": {}, "earningsEstimate": {"avg": 0.0, "low": 0.0, "high": 0.0, "yearAgoEps": {}, "numberOfAnalysts": 0, "growth": {}}, "revenueEstimate": {"avg": 7842510000, "low": 7842510000, "high": 7842510000, "numberOfAnalysts": 1, "yearAgoRevenue": 7065330000, "growth": 0.11}, "epsTrend": {"current": 0.0, "7daysAgo": 43.13, "30daysAgo": 43.13, "60daysAgo": 43.13, "90daysAgo": 43.13}, "epsRevisions": {"upLast7days": 0, "upLast30days": 1, "downLast30days": 0, "downLast90days": {}}}, {"maxAge": 1, "period": "+5y", "endDate": null, "growth": 0.076, "earningsEstimate": {"avg": {}, "low": {}, "high": {}, "yearAgoEps": {}, "numberOfAnalysts": {}, "growth": {}}, "revenueEstimate": {"avg": {}, "low": {}, "high": {}, "numberOfAnalysts": {}, "yearAgoRevenue": {}, "growth": {}}, "epsTrend": {"current": {}, "7daysAgo": {}, "30daysAgo": {}, "60daysAgo": {}, "90daysAgo": {}}, "epsRevisions": {"upLast7days": {}, "upLast30days": {}, "downLast30days": {}, "downLast90days": {}}}, {"maxAge": 1, "period": "-5y", "endDate": null, "growth": {}, "earningsEstimate": {"avg": {}, "low": {}, "high": {}, "yearAgoEps": {}, "numberOfAnalysts": {}, "growth": {}}, "revenueEstimate": {"avg": {}, "low": {}, "high": {}, "numberOfAnalysts": {}, "yearAgoRevenue": {}, "growth": {}}, "epsTrend": {"current": {}, "7daysAgo": {}, "30daysAgo": {}, "60daysAgo": {}, "90daysAgo": {}}, "epsRevisions": {"upLast7days": {}, "upLast30days": {}, "downLast30days": {}, "downLast90days": {}}}], "maxAge": 1}, "financialData": {"maxAge": 86400, "currentPrice": 745.65, "targetHighPrice": 613.0, "targetLowPrice": 613.0, "targetMeanPrice": 613.0, "targetMedianPrice": 613.0, "recommendationKey": "none", "numberOfAnalystOpinions": 1, "grossProfits": 3036625000, "financialCurrency": "INR"}}}