{"INLCM.BO": {"cashflowStatementHistory": {"cashflowStatements": [{"maxAge": 1, "endDate": "2020-03-31", "netIncome": -3572005, "depreciation": 119734, "changeToNetincome": -3996084, "changeToAccountReceivables": -2425347, "changeToLiabilities": 2448875, "changeToOperatingActivities": 528328, "totalCashFromOperatingActivities": -6896499, "capitalExpenditures": -1081690, "investments": 4000000, "otherCashflowsFromInvestingActivities": 3530498, "totalCashflowsFromInvestingActivities": 6799358, "changeInCash": -97142}, {"maxAge": 1, "endDate": "2019-03-31", "netIncome": 4788221, "depreciation": 592635, "changeToNetincome": -14270735, "changeToAccountReceivables": 1480023, "changeToLiabilities": -1350646, "changeToOperatingActivities": -639832, "totalCashFromOperatingActivities": -9400334, "capitalExpenditures": -1081690, "investments": -39000000, "otherCashflowsFromInvestingActivities": 1161589, "totalCashflowsFromInvestingActivities": 10623250, "changeInCash": 1222915}, {"maxAge": 1, "endDate": "2018-03-31", "netIncome": -165002, "depreciation": 757988, "changeToNetincome": -1496038, "changeToAccountReceivables": -644197, "changeToLiabilities": 667903, "changeToOperatingActivities": -127401, "totalCashFromOperatingActivities": -1006747, "capitalExpenditures": -1081690, "investments": -39000000, "otherCashflowsFromInvestingActivities": 690412, "totalCashflowsFromInvestingActivities": 690412, "changeInCash": -316333}, {"maxAge": 1, "endDate": "2017-03-31", "netIncome": 1452348, "depreciation": 757988, "changeToNetincome": -3097644, "changeToAccountReceivables": -1139314, "changeToLiabilities": 1092287, "changeToOperatingActivities": 520962, "totalCashFromOperatingActivities": -413373, "capitalExpenditures": -1081690, "investments": -39000000, "otherCashflowsFromInvestingActivities": 839294, "totalCashflowsFromInvestingActivities": 839294, "changeInCash": 425921}], "maxAge": 86400}, "institutionOwnership": {"maxAge": 1, "ownershipList": []}, "balanceSheetHistoryQuarterly": {"balanceSheetStatements": [{"maxAge": 1, "endDate": "2020-06-30"}, {"maxAge": 1, "endDate": "2020-03-31", "cash": 1620174, "netReceivables": 3819547, "otherCurrentAssets": 6471, "totalCurrentAssets": 5446192, "longTermInvestments": 45000000, "propertyPlantEquipment": 984496, "otherAssets": 370996, "totalAssets": 51801684, "accountsPayable": 3342618, "totalCurrentLiabilities": 7423661, "totalLiab": 7423661, "commonStock": 5000000, "retainedEarnings": 39378023, "totalStockholderEquity": 44378023, "netTangibleAssets": 44378023}, {"maxAge": 1, "endDate": "2019-12-31", "totalStockholderEquity": 46246000, "netTangibleAssets": 46246000}, {"maxAge": 1, "endDate": "2019-09-30", "cash": 674000, "shortTermInvestments": 477000, "netReceivables": 2584000, "otherCurrentAssets": 641000, "totalCurrentAssets": 3899000, "longTermInvestments": 47000000, "propertyPlantEquipment": 1063000, "otherAssets": 7354000, "deferredLongTermAssetCharges": 7154000, "totalAssets": 59316000, "accountsPayable": 2270000, "otherCurrentLiab": 7154000, "totalCurrentLiabilities": 13070000, "totalLiab": 13070000, "commonStock": 5000000, "retainedEarnings": 41246000, "treasuryStock": 41246000, "otherStockholderEquity": 41246000, "totalStockholderEquity": 46246000, "netTangibleAssets": 46246000}], "maxAge": 86400}, "indexTrend": {"maxAge": 1, "symbol": "SP5", "peRatio": 19.7411, "pegRatio": 1.34172, "estimates": [{"period": "0q", "growth": 0.549}, {"period": "+1q", "growth": 0.431}, {"period": "0y", "growth": 0.305}, {"period": "+1y", "growth": 0.109}, {"period": "+5y", "growth": 0.120859005}, {"period": "-5y"}]}, "insiderTransactions": {"transactions": [{"maxAge": 1, "shares": 12356, "filerUrl": "", "transactionText": "", "filerName": "Nevatia (Hariprasad A)", "filerRelation": "UNREPORTED", "moneyText": "", "startDate": "2011-07-29", "ownership": "D"}, {"maxAge": 1, "shares": 6026, "filerUrl": "", "transactionText": "", "filerName": "Nevatia (Madhuri)", "filerRelation": "UNREPORTED", "moneyText": "", "startDate": "2011-07-29", "ownership": "D"}, {"maxAge": 1, "shares": 5006, "filerUrl": "", "transactionText": "", "filerName": "Nevatia (Malti Kamalnayan)", "filerRelation": "UNREPORTED", "moneyText": "", "startDate": "2011-07-29", "ownership": "D"}, {"maxAge": 1, "shares": 214, "filerUrl": "", "transactionText": "", "filerName": "Nevatia (Prakin K) HUF", "filerRelation": "UNREPORTED", "moneyText": "", "startDate": "2011-07-29", "ownership": "D"}, {"maxAge": 1, "shares": 11044, "filerUrl": "", "transactionText": "", "filerName": "Nevatia (Pravin K)", "filerRelation": "UNREPORTED", "moneyText": "", "startDate": "2011-07-29", "ownership": "D"}, {"maxAge": 1, "shares": 4804, "filerUrl": "", "transactionText": "", "filerName": "Nevatia (Vimalnayan Vidhuvadan)", "filerRelation": "UNREPORTED", "moneyText": "", "startDate": "2011-07-29", "ownership": "D"}, {"maxAge": 1, "shares": 4942, "filerUrl": "", "transactionText": "", "filerName": "Nevatia (Vivek K)", "filerRelation": "UNREPORTED", "moneyText": "", "startDate": "2011-07-29", "ownership": "D"}], "maxAge": 1}, "quoteType": {"exchange": "BSE", "quoteType": "EQUITY", "symbol": "INLCM.BO", "underlyingSymbol": "INLCM.BO", "shortName": "INDIAN LINK CHAIN MANUFACTURES", "longName": "The Indian Link Chain Manufactures Limited", "firstTradeDateEpochUtc": "2000-01-03 09:15:00", "timeZoneFullName": "Asia/Kolkata", "timeZoneShortName": "IST", "uuid": "e450d913-7e21-36d2-82f4-1d551918a7b6", "messageBoardId": null, "gmtOffSetMilliseconds": 19800000, "maxAge": 1}, "incomeStatementHistory": {"incomeStatementHistory": [{"maxAge": 1, "endDate": "2020-03-31", "totalRevenue": 7825876, "costOfRevenue": 7801993, "grossProfit": 23883, "researchDevelopment": {}, "sellingGeneralAdministrative": 5238042, "nonRecurring": {}, "otherOperatingExpenses": 1835684, "totalOperatingExpenses": 14995453, "operatingIncome": -7169577, "totalOtherIncomeExpenseNet": 3597572, "ebit": -7169577, "interestExpense": {}, "incomeBeforeTax": -3572005, "incomeTaxExpense": 0, "minorityInterest": {}, "netIncomeFromContinuingOps": -3572005, "discontinuedOperations": {}, "extraordinaryItems": {}, "effectOfAccountingCharges": {}, "otherItems": {}, "netIncome": -3572005, "netIncomeApplicableToCommonShares": -3572005}, {"maxAge": 1, "endDate": "2019-03-31", "totalRevenue": 4193111, "costOfRevenue": 4226388, "grossProfit": -33277, "researchDevelopment": {}, "sellingGeneralAdministrative": 1295552, "nonRecurring": {}, "otherOperatingExpenses": 2023783, "totalOperatingExpenses": 8138358, "operatingIncome": -3945247, "totalOtherIncomeExpenseNet": 12778587, "ebit": -3945247, "interestExpense": {}, "incomeBeforeTax": 8833340, "incomeTaxExpense": 4045119, "minorityInterest": {}, "netIncomeFromContinuingOps": 4788221, "discontinuedOperations": {}, "extraordinaryItems": {}, "effectOfAccountingCharges": {}, "otherItems": {}, "netIncome": 4788221, "netIncomeApplicableToCommonShares": 4788221}, {"maxAge": 1, "endDate": "2018-03-31", "totalRevenue": 7017283, "costOfRevenue": 6428557, "grossProfit": 588726, "researchDevelopment": {}, "sellingGeneralAdministrative": 266814, "nonRecurring": {}, "otherOperatingExpenses": 1454700, "totalOperatingExpenses": 8908059, "operatingIncome": -1890776, "totalOtherIncomeExpenseNet": 694161, "ebit": -1890776, "interestExpense": {}, "incomeBeforeTax": -1196615, "incomeTaxExpense": -1031613, "minorityInterest": {}, "netIncomeFromContinuingOps": -165002, "discontinuedOperations": {}, "extraordinaryItems": {}, "effectOfAccountingCharges": {}, "otherItems": {}, "netIncome": -165002, "netIncomeApplicableToCommonShares": -165002}, {"maxAge": 1, "endDate": "2017-03-31", "totalRevenue": 9163320, "costOfRevenue": 8277490, "grossProfit": 885830, "researchDevelopment": {}, "sellingGeneralAdministrative": 257710, "nonRecurring": {}, "otherOperatingExpenses": 1432120, "totalOperatingExpenses": 10725308, "operatingIncome": -1561988, "totalOtherIncomeExpenseNet": 847308, "ebit": -1561988, "interestExpense": {}, "incomeBeforeTax": -714680, "incomeTaxExpense": -2167028, "minorityInterest": {}, "netIncomeFromContinuingOps": 1452348, "discontinuedOperations": {}, "extraordinaryItems": {}, "effectOfAccountingCharges": {}, "otherItems": {}, "netIncome": 1452348, "netIncomeApplicableToCommonShares": 1452348}], "maxAge": 86400}, "fundOwnership": {"maxAge": 1, "ownershipList": []}, "summaryDetail": {"maxAge": 1, "priceHint": 2, "previousClose": 332.2, "open": 354.7, "dayLow": 327.7, "dayHigh": 354.7, "regularMarketPreviousClose": 332.2, "regularMarketOpen": 354.7, "regularMarketDayLow": 327.7, "regularMarketDayHigh": 354.7, "volume": 30, "regularMarketVolume": 30, "averageVolume": 0, "averageVolume10days": 0, "averageDailyVolume10Day": 0, "bid": 340.0, "ask": 0.0, "bidSize": 0, "askSize": 0, "marketCap": 16610001, "fiftyTwoWeekLow": 327.7, "fiftyTwoWeekHigh": 505.0, "fiftyDayAverage": 392.5, "twoHundredDayAverage": 394.56387, "currency": "INR", "fromCurrency": null, "toCurrency": null, "lastMarket": null, "algorithm": null, "tradeable": false}, "incomeStatementHistoryQuarterly": {"incomeStatementHistory": [{"maxAge": 1, "endDate": "2020-06-30", "totalRevenue": 333000, "costOfRevenue": 332000, "grossProfit": 1000, "researchDevelopment": {}, "sellingGeneralAdministrative": 1266000, "nonRecurring": {}, "otherOperatingExpenses": 343000, "totalOperatingExpenses": 1975000, "operatingIncome": -1642000, "totalOtherIncomeExpenseNet": 762000, "ebit": -1642000, "interestExpense": {}, "incomeBeforeTax": -880000, "incomeTaxExpense": 0, "minorityInterest": {}, "netIncomeFromContinuingOps": -880000, "discontinuedOperations": {}, "extraordinaryItems": {}, "effectOfAccountingCharges": {}, "otherItems": {}, "netIncome": -880000, "netIncomeApplicableToCommonShares": -880000}, {"maxAge": 1, "endDate": "2020-03-31", "totalRevenue": 1447876, "costOfRevenue": 1442993, "grossProfit": 4883, "researchDevelopment": {}, "sellingGeneralAdministrative": 1487042, "nonRecurring": {}, "otherOperatingExpenses": 273684, "totalOperatingExpenses": 3240453, "operatingIncome": -1792577, "totalOtherIncomeExpenseNet": 813572, "ebit": -1792577, "interestExpense": {}, "incomeBeforeTax": -979005, "incomeTaxExpense": 0, "minorityInterest": {}, "netIncomeFromContinuingOps": -979005, "discontinuedOperations": {}, "extraordinaryItems": {}, "effectOfAccountingCharges": {}, "otherItems": {}, "netIncome": -979005, "netIncomeApplicableToCommonShares": -979005}, {"maxAge": 1, "endDate": "2019-12-31", "totalRevenue": 2958000, "costOfRevenue": 2949000, "grossProfit": 9000, "researchDevelopment": {}, "sellingGeneralAdministrative": 1266000, "nonRecurring": {}, "otherOperatingExpenses": 479000, "totalOperatingExpenses": 4730000, "operatingIncome": -1772000, "totalOtherIncomeExpenseNet": 883000, "ebit": -1772000, "interestExpense": {}, "incomeBeforeTax": -889000, "incomeTaxExpense": 0, "minorityInterest": {}, "netIncomeFromContinuingOps": -889000, "discontinuedOperations": {}, "extraordinaryItems": {}, "effectOfAccountingCharges": {}, "otherItems": {}, "netIncome": -889000, "netIncomeApplicableToCommonShares": -889000}, {"maxAge": 1, "endDate": "2019-09-30", "totalRevenue": 1735000, "costOfRevenue": 1730000, "grossProfit": 5000, "researchDevelopment": {}, "sellingGeneralAdministrative": 1266000, "nonRecurring": {}, "otherOperatingExpenses": 590000, "totalOperatingExpenses": 3610000, "operatingIncome": -1875000, "totalOtherIncomeExpenseNet": 907000, "ebit": -1875000, "interestExpense": {}, "incomeBeforeTax": -968000, "incomeTaxExpense": 0, "minorityInterest": {}, "netIncomeFromContinuingOps": -968000, "discontinuedOperations": {}, "extraordinaryItems": {}, "effectOfAccountingCharges": {}, "otherItems": {}, "netIncome": -968000, "netIncomeApplicableToCommonShares": -968000}], "maxAge": 86400}, "cashflowStatementHistoryQuarterly": {"cashflowStatements": [{"maxAge": 1, "endDate": "2020-06-30", "netIncome": -880000, "changeToLiabilities": 0}, {"maxAge": 1, "endDate": "2020-03-31", "netIncome": -979005, "changeToLiabilities": 0}, {"maxAge": 1, "endDate": "2019-12-31", "netIncome": -889000, "changeToLiabilities": 0}, {"maxAge": 1, "endDate": "2019-09-30", "netIncome": -968000, "changeToLiabilities": 0}], "maxAge": 86400}, "insiderHolders": {"holders": [{"maxAge": 1, "name": "Nevatia (Hariprasad A)", "relation": "UNREPORTED", "url": "", "transactionDescription": "Acquisition", "latestTransDate": "2011-07-29", "positionDirect": 12882, "positionDirectDate": "2011-07-29"}, {"maxAge": 1, "name": "Nevatia (Madhuri)", "relation": "UNREPORTED", "url": "", "transactionDescription": "Sale", "latestTransDate": "2011-07-29", "positionDirect": 0, "positionDirectDate": "2011-07-29"}, {"maxAge": 1, "name": "Nevatia (Malti Kamalnayan)", "relation": "UNREPORTED", "url": "", "transactionDescription": "Sale", "latestTransDate": "2011-07-29", "positionDirect": 0, "positionDirectDate": "2011-07-29"}, {"maxAge": 1, "name": "Nevatia (Prakin K) HUF", "relation": "UNREPORTED", "url": "", "transactionDescription": "Sale", "latestTransDate": "2011-07-29", "positionDirect": 0, "positionDirectDate": "2011-07-29"}, {"maxAge": 1, "name": "Nevatia (Pravin K)", "relation": "UNREPORTED", "url": "", "transactionDescription": "Acquisition", "latestTransDate": "2011-07-29", "positionDirect": 12024, "positionDirectDate": "2011-07-29"}, {"maxAge": 1, "name": "Nevatia (Vimalnayan Vidhuvadan)", "relation": "UNREPORTED", "url": "", "transactionDescription": "Sale", "latestTransDate": "2011-07-29", "positionDirect": 0, "positionDirectDate": "2011-07-29"}, {"maxAge": 1, "name": "Nevatia (Vivek K)", "relation": "UNREPORTED", "url": "", "transactionDescription": "Sale", "latestTransDate": "2011-07-29", "positionDirect": 0, "positionDirectDate": "2011-07-29"}], "maxAge": 1}, "calendarEvents": {"maxAge": 1, "earnings": {"earningsDate": []}}, "price": {"maxAge": 1, "regularMarketChangePercent": 0.0, "regularMarketChange": 0.0, "regularMarketTime": "2021-04-29 15:25:06", "priceHint": 2, "regularMarketPrice": 332.2, "regularMarketDayHigh": 354.7, "regularMarketDayLow": 327.7, "regularMarketVolume": 30, "averageDailyVolume10Day": 0, "averageDailyVolume3Month": 0, "regularMarketPreviousClose": 332.2, "regularMarketSource": "FREE_REALTIME", "regularMarketOpen": 354.7, "exchange": "BSE", "exchangeName": "BSE", "exchangeDataDelayedBy": 0, "marketState": "CLOSED", "quoteType": "EQUITY", "symbol": "INLCM.BO", "underlyingSymbol": null, "shortName": "INDIAN LINK CHAIN MANUFACTURES", "longName": "The Indian Link Chain Manufactures Limited", "currency": "INR", "quoteSourceName": "Delayed Quote", "currencySymbol": "\u20b9", "fromCurrency": null, "toCurrency": null, "lastMarket": null, "marketCap": 16610001}, "balanceSheetHistory": {"balanceSheetStatements": [{"maxAge": 1, "endDate": "2020-03-31", "cash": 1620174, "netReceivables": 3819547, "otherCurrentAssets": 6471, "totalCurrentAssets": 5446192, "longTermInvestments": 45000000, "propertyPlantEquipment": 984496, "otherAssets": 370996, "totalAssets": 51801684, "accountsPayable": 3342618, "totalCurrentLiabilities": 7423661, "totalLiab": 7423661, "commonStock": 5000000, "retainedEarnings": 39378023, "totalStockholderEquity": 44378023, "netTangibleAssets": 44378023}, {"maxAge": 1, "endDate": "2019-03-31", "cash": 1717316, "netReceivables": 1527023, "otherCurrentAssets": 6471, "totalCurrentAssets": 3250810, "longTermInvestments": 49000000, "propertyPlantEquipment": 311265, "otherAssets": 7239083, "deferredLongTermAssetCharges": 7153945, "totalAssets": 59801158, "accountsPayable": 893743, "otherCurrentLiab": 7271849, "totalCurrentLiabilities": 11851130, "totalLiab": 11851130, "commonStock": 5000000, "retainedEarnings": 42950028, "totalStockholderEquity": 47950028, "netTangibleAssets": 47950028}, {"maxAge": 1, "endDate": "2018-03-31", "cash": 494401, "netReceivables": 2328921, "otherCurrentAssets": 6117, "totalCurrentAssets": 2829439, "longTermInvestments": 10000000, "propertyPlantEquipment": 37748563, "otherAssets": 85138, "totalAssets": 50663140, "accountsPayable": 2244389, "otherLiab": 1610053, "totalCurrentLiabilities": 5891280, "totalLiab": 7501333, "commonStock": 5000000, "retainedEarnings": 38161807, "totalStockholderEquity": 43161807, "netTangibleAssets": 43161807}, {"maxAge": 1, "endDate": "2017-03-31", "cash": 810734, "shortTermInvestments": 10000000, "netReceivables": 1587936, "otherCurrentAssets": 6542, "totalCurrentAssets": 12405212, "propertyPlantEquipment": 38506551, "otherAssets": 301125, "totalAssets": 51212888, "accountsPayable": 1500290, "otherLiab": 2641665, "totalCurrentLiabilities": 5244414, "totalLiab": 7886079, "commonStock": 5000000, "retainedEarnings": 38326809, "totalStockholderEquity": 43326809, "netTangibleAssets": 43326809}], "maxAge": 86400}, "financialData": {"maxAge": 86400, "currentPrice": 332.2, "recommendationKey": "none", "grossProfits": 23883, "financialCurrency": "INR"}}}