{"INNOVTEC.BO": {"recommendationTrend": {"trend": [{"period": "0m", "strongBuy": 0, "buy": 0, "hold": 0, "sell": 0, "strongSell": 0}, {"period": "-1m", "strongBuy": 0, "buy": 0, "hold": 0, "sell": 0, "strongSell": 0}, {"period": "-2m", "strongBuy": 0, "buy": 0, "hold": 0, "sell": 0, "strongSell": 0}, {"period": "-3m", "strongBuy": 0, "buy": 0, "hold": 0, "sell": 0, "strongSell": 0}], "maxAge": 86400}, "cashflowStatementHistory": {"cashflowStatements": [{"maxAge": 1, "endDate": "2020-03-31", "netIncome": 42710000, "depreciation": 119662000, "changeToNetincome": 94667000, "changeToAccountReceivables": 7835000, "changeToLiabilities": 100829000, "changeToInventory": -13335000, "changeToOperatingActivities": 15326000, "totalCashFromOperatingActivities": 367694000, "capitalExpenditures": -134964000, "investments": -14328000, "otherCashflowsFromInvestingActivities": 12835000, "totalCashflowsFromInvestingActivities": -119373000, "dividendsPaid": -4062000, "netBorrowings": -120639000, "otherCashflowsFromFinancingActivities": -105797000, "totalCashFromFinancingActivities": -230498000, "changeInCash": 17823000}, {"maxAge": 1, "endDate": "2019-03-31", "netIncome": 27422000, "depreciation": 105233000, "changeToNetincome": 87492000, "changeToAccountReceivables": -23075000, "changeToLiabilities": 22964000, "changeToInventory": -10754000, "changeToOperatingActivities": 23359000, "totalCashFromOperatingActivities": 232712000, "capitalExpenditures": -212924000, "investments": -4904000, "otherCashflowsFromInvestingActivities": -8135000, "totalCashflowsFromInvestingActivities": -122863000, "dividendsPaid": -2188000, "netBorrowings": -26018000, "otherCashflowsFromFinancingActivities": -92846000, "totalCashFromFinancingActivities": -100430000, "changeInCash": 9419000, "issuanceOfStock": 20622000}, {"maxAge": 1, "endDate": "2018-03-31", "netIncome": 19936000, "depreciation": 110103000, "changeToNetincome": 92059000, "changeToAccountReceivables": -31801000, "changeToLiabilities": 36660000, "changeToInventory": -16290000, "changeToOperatingActivities": 23016000, "totalCashFromOperatingActivities": 233683000, "capitalExpenditures": -239994000, "investments": 1690000, "otherCashflowsFromInvestingActivities": -351000, "totalCashflowsFromInvestingActivities": -213506000, "dividendsPaid": -5471000, "netBorrowings": 41712000, "otherCashflowsFromFinancingActivities": -94553000, "totalCashFromFinancingActivities": -58312000, "changeInCash": -38135000, "issuanceOfStock": 20622000}, {"maxAge": 1, "endDate": "2017-03-31", "netIncome": 94380000, "depreciation": 77941000, "changeToNetincome": 52048000, "changeToAccountReceivables": -46310000, "changeToLiabilities": 71584000, "changeToInventory": -37162000, "changeToOperatingActivities": 8202000, "totalCashFromOperatingActivities": 220933000, "capitalExpenditures": -256182000, "investments": 11176000, "otherCashflowsFromInvestingActivities": 8628000, "totalCashflowsFromInvestingActivities": -188745000, "dividendsPaid": -5471000, "netBorrowings": 60357000, "otherCashflowsFromFinancingActivities": -63463000, "totalCashFromFinancingActivities": -3106000, "changeInCash": 29082000, "issuanceOfStock": 20622000}], "maxAge": 86400}, "institutionOwnership": {"ownershipList": [], "maxAge": 1}, "balanceSheetHistoryQuarterly": {"balanceSheetStatements": [{"maxAge": 1, "endDate": "2020-06-30", "totalStockholderEquity": 470078000, "netTangibleAssets": 470055000}, {"maxAge": 1, "endDate": "2020-03-31", "cash": 60056000, "shortTermInvestments": 7806000, "netReceivables": 209921000, "inventory": 133751000, "otherCurrentAssets": 97472000, "totalCurrentAssets": 509006000, "longTermInvestments": 39651000, "propertyPlantEquipment": 653217000, "intangibleAssets": 23000, "otherAssets": 27815000, "totalAssets": 1229712000, "accountsPayable": 302747000, "shortLongTermDebt": 164938000, "otherCurrentLiab": 29004000, "longTermDebt": 175964000, "otherLiab": 56214000, "totalCurrentLiabilities": 527456000, "totalLiab": 759634000, "commonStock": 22465000, "treasuryStock": 447613000, "otherStockholderEquity": 447613000, "totalStockholderEquity": 470078000, "netTangibleAssets": 470055000}, {"maxAge": 1, "endDate": "2019-12-31", "totalStockholderEquity": 468190000, "netTangibleAssets": 468148000}, {"maxAge": 1, "endDate": "2019-09-30", "cash": 42277000, "shortTermInvestments": 15838000, "netReceivables": 206706000, "inventory": 113538000, "otherCurrentAssets": 17926000, "totalCurrentAssets": 396285000, "longTermInvestments": 29629000, "propertyPlantEquipment": 674830000, "intangibleAssets": 42000, "otherAssets": 32637000, "totalAssets": 1133423000, "accountsPayable": 146126000, "shortLongTermDebt": 160916000, "otherCurrentLiab": 46206000, "longTermDebt": 194303000, "otherLiab": 16112000, "totalCurrentLiabilities": 454818000, "totalLiab": 665233000, "commonStock": 22465000, "treasuryStock": 445725000, "otherStockholderEquity": 445725000, "totalStockholderEquity": 468190000, "netTangibleAssets": 468148000}], "maxAge": 86400}, "earningsHistory": {"history": [{"maxAge": 1, "epsActual": {}, "epsEstimate": {}, "epsDifference": {}, "surprisePercent": {}, "quarter": {}, "period": "-4q"}, {"maxAge": 1, "epsActual": {}, "epsEstimate": {}, "epsDifference": {}, "surprisePercent": {}, "quarter": {}, "period": "-3q"}, {"maxAge": 1, "epsActual": {}, "epsEstimate": {}, "epsDifference": {}, "surprisePercent": {}, "quarter": {}, "period": "-2q"}, {"maxAge": 1, "epsActual": {}, "epsEstimate": {}, "epsDifference": {}, "surprisePercent": {}, "quarter": {}, "period": "-1q"}], "maxAge": 86400}, "indexTrend": {"maxAge": 1, "symbol": "SP5", "peRatio": 19.7411, "pegRatio": 1.34172, "estimates": [{"period": "0q", "growth": 0.549}, {"period": "+1q", "growth": 0.431}, {"period": "0y", "growth": 0.305}, {"period": "+1y", "growth": 0.109}, {"period": "+5y", "growth": 0.120859005}, {"period": "-5y"}]}, "industryTrend": {"maxAge": 1, "symbol": null, "estimates": []}, "insiderTransactions": {"transactions": [{"maxAge": 1, "shares": 5014000, "filerUrl": "", "transactionText": "Gift at price 0.00 per share.", "filerName": "Ketineni (Sayaji Rao)", "filerRelation": "Promoter", "moneyText": "", "startDate": "2020-09-29", "ownership": "D"}, {"maxAge": 1, "shares": 5614000, "filerUrl": "", "transactionText": "Gift at price 0.00 per share.", "filerName": "Rao (Ketineni Satish)", "filerRelation": "Promoter", "moneyText": "", "startDate": "2020-09-29", "ownership": "D"}, {"maxAge": 1, "shares": 5441763, "filerUrl": "", "transactionText": "", "filerName": "Ketineni (Sayaji Rao)", "filerRelation": "UNREPORTED", "moneyText": "", "startDate": "2018-04-09", "ownership": "D"}, {"maxAge": 1, "shares": 5079564, "filerUrl": "", "transactionText": "", "filerName": "Ketineni (Sayaji Rao)", "filerRelation": "UNREPORTED", "moneyText": "", "startDate": "2018-04-09", "ownership": "D"}], "maxAge": 1}, "quoteType": {"exchange": "BSE", "quoteType": "EQUITY", "symbol": "INNOVTEC.BO", "underlyingSymbol": "INNOVTEC.BO", "shortName": "INNOVATIVE TECH PACK LTD.", "longName": "Innovative Tech Pack Limited", "firstTradeDateEpochUtc": "2010-05-05 09:15:00", "timeZoneFullName": "Asia/Kolkata", "timeZoneShortName": "IST", "uuid": "545e82c6-9781-3f28-8db6-27822e8d8f5c", "gmtOffSetMilliseconds": 19800000, "maxAge": 1}, "incomeStatementHistory": {"incomeStatementHistory": [{"maxAge": 1, "endDate": "2020-03-31", "totalRevenue": 1500262000, "costOfRevenue": 985533000, "grossProfit": 514729000, "researchDevelopment": {}, "sellingGeneralAdministrative": 159181000, "nonRecurring": {}, "otherOperatingExpenses": 115262000, "totalOperatingExpenses": 1379638000, "operatingIncome": 120624000, "totalOtherIncomeExpenseNet": -92352000, "ebit": 120624000, "interestExpense": -105797000, "incomeBeforeTax": 28272000, "incomeTaxExpense": 8086000, "minorityInterest": {}, "netIncomeFromContinuingOps": 20186000, "discontinuedOperations": 22524000, "extraordinaryItems": {}, "effectOfAccountingCharges": {}, "otherItems": {}, "netIncome": 42710000, "netIncomeApplicableToCommonShares": 42710000}, {"maxAge": 1, "endDate": "2019-03-31", "totalRevenue": 1443779000, "costOfRevenue": 870091000, "grossProfit": 573688000, "researchDevelopment": {}, "sellingGeneralAdministrative": 162440000, "nonRecurring": {}, "otherOperatingExpenses": 179365000, "totalOperatingExpenses": 1316797000, "operatingIncome": 126982000, "totalOtherIncomeExpenseNet": -82783000, "ebit": 126982000, "interestExpense": -87246000, "incomeBeforeTax": 44199000, "incomeTaxExpense": 16777000, "minorityInterest": {}, "netIncomeFromContinuingOps": 27422000, "discontinuedOperations": 22524000, "extraordinaryItems": {}, "effectOfAccountingCharges": {}, "otherItems": {}, "netIncome": 27422000, "netIncomeApplicableToCommonShares": 27422000}, {"maxAge": 1, "endDate": "2018-03-31", "totalRevenue": 1462831000, "costOfRevenue": 871952000, "grossProfit": 590879000, "researchDevelopment": {}, "sellingGeneralAdministrative": 152922000, "nonRecurring": {}, "otherOperatingExpenses": 190088000, "totalOperatingExpenses": 1325760000, "operatingIncome": 137071000, "totalOtherIncomeExpenseNet": -99891000, "ebit": 137071000, "interestExpense": -93440000, "incomeBeforeTax": 37180000, "incomeTaxExpense": 17671000, "minorityInterest": 2673000, "netIncomeFromContinuingOps": 19509000, "discontinuedOperations": 22524000, "extraordinaryItems": {}, "effectOfAccountingCharges": {}, "otherItems": {}, "netIncome": 19936000, "netIncomeApplicableToCommonShares": 19936000}, {"maxAge": 1, "endDate": "2017-03-31", "totalRevenue": 1023836000, "costOfRevenue": 565454000, "grossProfit": 458382000, "researchDevelopment": {}, "sellingGeneralAdministrative": 99274000, "nonRecurring": {}, "otherOperatingExpenses": 113110000, "totalOperatingExpenses": 856029000, "operatingIncome": 167807000, "totalOtherIncomeExpenseNet": -49993000, "ebit": 167807000, "interestExpense": -68119000, "incomeBeforeTax": 117814000, "incomeTaxExpense": 23434000, "minorityInterest": 2673000, "netIncomeFromContinuingOps": 94380000, "discontinuedOperations": 22524000, "extraordinaryItems": {}, "effectOfAccountingCharges": {}, "otherItems": {}, "netIncome": 94380000, "netIncomeApplicableToCommonShares": 94380000}], "maxAge": 86400}, "fundOwnership": {"ownershipList": [], "maxAge": 1}, "summaryDetail": {"maxAge": 1, "priceHint": 2, "previousClose": 19.0, "open": 19.0, "dayLow": 17.1, "dayHigh": 19.0, "regularMarketPreviousClose": 19.0, "regularMarketOpen": 19.0, "regularMarketDayLow": 17.1, "regularMarketDayHigh": 19.0, "trailingPE": 8.983573, "volume": 1050, "regularMarketVolume": 1050, "averageVolume": 11171, "averageVolume10days": 4410, "averageDailyVolume10Day": 4410, "bid": 17.5, "ask": 18.25, "bidSize": 0, "askSize": 0, "marketCap": 393137504, "fiftyTwoWeekLow": 7.21, "fiftyTwoWeekHigh": 22.11, "fiftyDayAverage": 17.511211, "twoHundredDayAverage": 14.980736, "trailingAnnualDividendRate": 0.15, "trailingAnnualDividendYield": 0.007894737, "currency": "INR", "fromCurrency": null, "lastMarket": null, "algorithm": null, "tradeable": false}, "sectorTrend": {"maxAge": 1, "symbol": null, "estimates": []}, "incomeStatementHistoryQuarterly": {"incomeStatementHistory": [{"maxAge": 1, "endDate": "2020-06-30", "totalRevenue": 297255000, "costOfRevenue": 214306000, "grossProfit": 82949000, "researchDevelopment": {}, "sellingGeneralAdministrative": 22771000, "nonRecurring": {}, "otherOperatingExpenses": 10863000, "totalOperatingExpenses": 271644000, "operatingIncome": 25611000, "totalOtherIncomeExpenseNet": -20590000, "ebit": 25611000, "interestExpense": -19866000, "incomeBeforeTax": 5021000, "incomeTaxExpense": 0, "minorityInterest": {}, "netIncomeFromContinuingOps": 5021000, "discontinuedOperations": 9916000, "extraordinaryItems": {}, "effectOfAccountingCharges": {}, "otherItems": {}, "netIncome": 14937000, "netIncomeApplicableToCommonShares": 14937000}, {"maxAge": 1, "endDate": "2020-03-31", "totalRevenue": 364112000, "costOfRevenue": 228817000, "grossProfit": 135295000, "researchDevelopment": {}, "sellingGeneralAdministrative": 31646000, "nonRecurring": {}, "otherOperatingExpenses": 52765000, "totalOperatingExpenses": 346091000, "operatingIncome": 18021000, "totalOtherIncomeExpenseNet": -16459000, "ebit": 18021000, "interestExpense": -29156000, "incomeBeforeTax": 1562000, "incomeTaxExpense": 8086000, "minorityInterest": {}, "netIncomeFromContinuingOps": -6524000, "discontinuedOperations": 9916000, "extraordinaryItems": {}, "effectOfAccountingCharges": {}, "otherItems": {}, "netIncome": -6524000, "netIncomeApplicableToCommonShares": -6524000}, {"maxAge": 1, "endDate": "2019-12-31", "totalRevenue": 386630000, "costOfRevenue": 263416000, "grossProfit": 123214000, "researchDevelopment": {}, "sellingGeneralAdministrative": 43271000, "nonRecurring": {}, "otherOperatingExpenses": 19735000, "totalOperatingExpenses": 356053000, "operatingIncome": 30577000, "totalOtherIncomeExpenseNet": -23484000, "ebit": 30577000, "interestExpense": -24157000, "incomeBeforeTax": 7093000, "incomeTaxExpense": 0, "minorityInterest": {}, "netIncomeFromContinuingOps": 7093000, "discontinuedOperations": 9916000, "extraordinaryItems": {}, "effectOfAccountingCharges": {}, "otherItems": {}, "netIncome": 7093000, "netIncomeApplicableToCommonShares": 7093000}, {"maxAge": 1, "endDate": "2019-09-30", "totalRevenue": 387288000, "costOfRevenue": 248482000, "grossProfit": 138806000, "researchDevelopment": {}, "sellingGeneralAdministrative": 43923000, "nonRecurring": {}, "otherOperatingExpenses": 24635000, "totalOperatingExpenses": 351391000, "operatingIncome": 35897000, "totalOtherIncomeExpenseNet": -30145000, "ebit": 35897000, "interestExpense": -30582000, "incomeBeforeTax": 5752000, "incomeTaxExpense": 0, "minorityInterest": {}, "netIncomeFromContinuingOps": 5752000, "discontinuedOperations": 9916000, "extraordinaryItems": {}, "effectOfAccountingCharges": {}, "otherItems": {}, "netIncome": 5752000, "netIncomeApplicableToCommonShares": 5752000}], "maxAge": 86400}, "cashflowStatementHistoryQuarterly": {"cashflowStatements": [{"maxAge": 1, "endDate": "2020-06-30", "netIncome": 14937000, "changeToLiabilities": 0}, {"maxAge": 1, "endDate": "2020-03-31", "netIncome": -6524000, "changeToLiabilities": 0}, {"maxAge": 1, "endDate": "2019-12-31", "netIncome": 7093000, "changeToLiabilities": 0}, {"maxAge": 1, "endDate": "2019-09-30", "netIncome": 5752000, "changeToLiabilities": 0}], "maxAge": 86400}, "insiderHolders": {"holders": [{"maxAge": 1, "name": "Ketineni (Sayaji Rao)", "relation": "Promoter", "url": "", "transactionDescription": "Gift", "latestTransDate": "2020-09-29", "positionDirect": 5529627, "positionDirectDate": "2020-09-29"}, {"maxAge": 1, "name": "Rao (Ketineni Satish)", "relation": "Promoter", "url": "", "transactionDescription": "Gift", "latestTransDate": "2020-09-29", "positionDirect": 11078063, "positionDirectDate": "2020-09-29"}], "maxAge": 1}, "earnings": {"maxAge": 86400, "earningsChart": {"quarterly": [], "earningsDate": []}, "financialsChart": {"yearly": [{"date": 2017, "revenue": 1023836000, "earnings": 94380000}, {"date": 2018, "revenue": 1462831000, "earnings": 19936000}, {"date": 2019, "revenue": 1443779000, "earnings": 27422000}, {"date": 2020, "revenue": 1500262000, "earnings": 42710000}], "quarterly": [{"date": "3Q2019", "revenue": 387288000, "earnings": 5752000}, {"date": "4Q2019", "revenue": 386630000, "earnings": 7093000}, {"date": "1Q2020", "revenue": 364112000, "earnings": -6524000}, {"date": "2Q2020", "revenue": 297255000, "earnings": 14937000}]}, "financialCurrency": "INR"}, "calendarEvents": {"maxAge": 1, "earnings": {"earningsDate": []}}, "upgradeDowngradeHistory": {"history": [], "maxAge": 86400}, "price": {"maxAge": 1, "regularMarketChangePercent": -0.078947365, "regularMarketChange": -1.5, "regularMarketTime": "2021-04-30 15:29:44", "priceHint": 2, "regularMarketPrice": 17.5, "regularMarketDayHigh": 19.0, "regularMarketDayLow": 17.1, "regularMarketVolume": 1050, "averageDailyVolume10Day": 4410, "averageDailyVolume3Month": 11171, "regularMarketPreviousClose": 19.0, "regularMarketSource": "FREE_REALTIME", "regularMarketOpen": 19.0, "exchange": "BSE", "exchangeName": "BSE", "exchangeDataDelayedBy": 0, "marketState": "CLOSED", "quoteType": "EQUITY", "symbol": "INNOVTEC.BO", "underlyingSymbol": null, "shortName": "INNOVATIVE TECH PACK LTD.", "longName": "Innovative Tech Pack Limited", "currency": "INR", "quoteSourceName": "Delayed Quote", "currencySymbol": "\u20b9", "fromCurrency": null, "lastMarket": null, "marketCap": 393137504}, "balanceSheetHistory": {"balanceSheetStatements": [{"maxAge": 1, "endDate": "2020-03-31", "cash": 60056000, "shortTermInvestments": 7806000, "netReceivables": 209921000, "inventory": 133751000, "otherCurrentAssets": 97472000, "totalCurrentAssets": 509006000, "longTermInvestments": 39651000, "propertyPlantEquipment": 653217000, "intangibleAssets": 23000, "otherAssets": 27815000, "totalAssets": 1229712000, "accountsPayable": 302747000, "shortLongTermDebt": 164938000, "otherCurrentLiab": 29004000, "longTermDebt": 175964000, "otherLiab": 56214000, "totalCurrentLiabilities": 527456000, "totalLiab": 759634000, "commonStock": 22465000, "treasuryStock": 447613000, "otherStockholderEquity": 447613000, "totalStockholderEquity": 470078000, "netTangibleAssets": 470055000}, {"maxAge": 1, "endDate": "2019-03-31", "cash": 12793000, "netReceivables": 220008000, "inventory": 120416000, "otherCurrentAssets": 75509000, "totalCurrentAssets": 430069000, "longTermInvestments": 29504000, "propertyPlantEquipment": 689574000, "intangibleAssets": 62000, "otherAssets": 25490000, "totalAssets": 1174699000, "accountsPayable": 201918000, "shortLongTermDebt": 129738000, "otherCurrentLiab": 11228000, "longTermDebt": 188337000, "otherLiab": 16586000, "totalCurrentLiabilities": 521605000, "totalLiab": 726528000, "commonStock": 22465000, "retainedEarnings": 347081000, "treasuryStock": 58603000, "capitalSurplus": 20022000, "otherStockholderEquity": 58603000, "totalStockholderEquity": 448171000, "netTangibleAssets": 448109000}, {"maxAge": 1, "endDate": "2018-03-31", "cash": 3374000, "netReceivables": 195776000, "inventory": 109662000, "otherCurrentAssets": 51970000, "totalCurrentAssets": 362016000, "longTermInvestments": 28849000, "propertyPlantEquipment": 695193000, "intangibleAssets": 53000, "otherAssets": 29341000, "deferredLongTermAssetCharges": 928000, "totalAssets": 1115452000, "accountsPayable": 178954000, "shortLongTermDebt": 110557000, "otherCurrentLiab": 11599000, "longTermDebt": 262083000, "otherLiab": 5338000, "minorityInterest": 2673000, "totalCurrentLiabilities": 436447000, "totalLiab": 703868000, "commonStock": 21865000, "treasuryStock": 387046000, "otherStockholderEquity": 387046000, "totalStockholderEquity": 408911000, "netTangibleAssets": 408858000}, {"maxAge": 1, "endDate": "2017-03-31", "cash": 41509000, "netReceivables": 165910000, "inventory": 93372000, "otherCurrentAssets": 60437000, "totalCurrentAssets": 362094000, "longTermInvestments": 29437000, "propertyPlantEquipment": 586617000, "intangibleAssets": 145000, "otherAssets": 28121000, "totalAssets": 1006414000, "accountsPayable": 142294000, "shortLongTermDebt": 93996000, "otherCurrentLiab": 9635000, "longTermDebt": 268218000, "otherLiab": 8811000, "totalCurrentLiabilities": 332745000, "totalLiab": 609774000, "commonStock": 21865000, "retainedEarnings": 307834000, "treasuryStock": 66941000, "otherStockholderEquity": 66941000, "totalStockholderEquity": 396640000, "netTangibleAssets": 396495000}], "maxAge": 86400}, "earningsTrend": {"trend": [{"maxAge": 1, "period": "0q", "endDate": null, "growth": {}, "earningsEstimate": {"avg": 0.0, "low": 0.0, "high": 0.0, "yearAgoEps": {}, "numberOfAnalysts": 0, "growth": {}}, "revenueEstimate": {"avg": 0, "low": 0, "high": 0, "numberOfAnalysts": 0, "yearAgoRevenue": {}, "growth": {}}, "epsTrend": {"current": 0.0, "7daysAgo": 0.0, "30daysAgo": 0.0, "60daysAgo": 0.0, "90daysAgo": 0.0}, "epsRevisions": {"upLast7days": 0, "upLast30days": 0, "downLast30days": 0, "downLast90days": {}}}, {"maxAge": 1, "period": "+1q", "endDate": null, "growth": {}, "earningsEstimate": {"avg": 0.0, "low": 0.0, "high": 0.0, "yearAgoEps": {}, "numberOfAnalysts": 0, "growth": {}}, "revenueEstimate": {"avg": 0, "low": 0, "high": 0, "numberOfAnalysts": 0, "yearAgoRevenue": {}, "growth": {}}, "epsTrend": {"current": 0.0, "7daysAgo": 0.0, "30daysAgo": 0.0, "60daysAgo": 0.0, "90daysAgo": 0.0}, "epsRevisions": {"upLast7days": 0, "upLast30days": 0, "downLast30days": 0, "downLast90days": {}}}, {"maxAge": 1, "period": "0y", "endDate": null, "growth": {}, "earningsEstimate": {"avg": 0.0, "low": 0.0, "high": 0.0, "yearAgoEps": {}, "numberOfAnalysts": 0, "growth": {}}, "revenueEstimate": {"avg": 0, "low": 0, "high": 0, "numberOfAnalysts": 0, "yearAgoRevenue": {}, "growth": {}}, "epsTrend": {"current": 0.0, "7daysAgo": 0.0, "30daysAgo": 0.0, "60daysAgo": 0.0, "90daysAgo": 0.0}, "epsRevisions": {"upLast7days": 0, "upLast30days": 0, "downLast30days": 0, "downLast90days": {}}}, {"maxAge": 1, "period": "+1y", "endDate": null, "growth": {}, "earningsEstimate": {"avg": 0.0, "low": 0.0, "high": 0.0, "yearAgoEps": {}, "numberOfAnalysts": 0, "growth": {}}, "revenueEstimate": {"avg": 0, "low": 0, "high": 0, "numberOfAnalysts": 0, "yearAgoRevenue": {}, "growth": {}}, "epsTrend": {"current": 0.0, "7daysAgo": 0.0, "30daysAgo": 0.0, "60daysAgo": 0.0, "90daysAgo": 0.0}, "epsRevisions": {"upLast7days": 0, "upLast30days": 0, "downLast30days": 0, "downLast90days": {}}}, {"maxAge": 1, "period": "+5y", "endDate": null, "growth": {}, "earningsEstimate": {"avg": {}, "low": {}, "high": {}, "yearAgoEps": {}, "numberOfAnalysts": {}, "growth": {}}, "revenueEstimate": {"avg": {}, "low": {}, "high": {}, "numberOfAnalysts": {}, "yearAgoRevenue": {}, "growth": {}}, "epsTrend": {"current": {}, "7daysAgo": {}, "30daysAgo": {}, "60daysAgo": {}, "90daysAgo": {}}, "epsRevisions": {"upLast7days": {}, "upLast30days": {}, "downLast30days": {}, "downLast90days": {}}}, {"maxAge": 1, "period": "-5y", "endDate": null, "growth": {}, "earningsEstimate": {"avg": {}, "low": {}, "high": {}, "yearAgoEps": {}, "numberOfAnalysts": {}, "growth": {}}, "revenueEstimate": {"avg": {}, "low": {}, "high": {}, "numberOfAnalysts": {}, "yearAgoRevenue": {}, "growth": {}}, "epsTrend": {"current": {}, "7daysAgo": {}, "30daysAgo": {}, "60daysAgo": {}, "90daysAgo": {}}, "epsRevisions": {"upLast7days": {}, "upLast30days": {}, "downLast30days": {}, "downLast90days": {}}}], "maxAge": 1}, "financialData": {"maxAge": 86400, "currentPrice": 17.5, "recommendationMean": 2.0, "recommendationKey": "buy", "grossProfits": 514729000, "financialCurrency": "INR"}}}