{"INOXLEISUR.NS": {"assetProfile": {"address1": "Viraj Towers", "address2": "5th Floor Next to Andheri Flyover Western Express Highway, Andheri (East)", "city": "Mumbai", "zip": "400093", "country": "India", "phone": "91 22 4062 6900", "fax": "91 22 4062 6999", "website": "http://www.inoxmovies.com", "industry": "Entertainment", "sector": "Communication Services", "longBusinessSummary": "INOX Leisure Limited operates and manages multiplexes and cinema theatres under the INOX brand name in India. As of February 20, 2021, it operated 152 multiplexes and 643 screens in 69 cities. The company was founded in 1999 and is based in Mumbai, India. INOX Leisure Limited is a subsidiary of Gujarat Fluorochemicals Limited.", "companyOfficers": [{"maxAge": 1, "name": "Mr. Alok  Tandon", "title": "Chief Exec. Officer", "exercisedValue": 0, "unexercisedValue": 0}, {"maxAge": 1, "name": "Mr. Kailash B. Gupta", "title": "Chief Financial Officer", "exercisedValue": 0, "unexercisedValue": 0}, {"maxAge": 1, "name": "Mr. Parthasarathy  Iyengar", "title": "Company Sec. & Compliance Officer", "exercisedValue": 0, "unexercisedValue": 0}, {"maxAge": 1, "name": "Mr. Rajeev  Patni", "age": 54, "title": "Chief Operation Officer", "yearBorn": 1966, "exercisedValue": 0, "unexercisedValue": 0}, {"maxAge": 1, "name": "Mr. Jitender  Verma", "title": "Chief Information Officer", "exercisedValue": 0, "unexercisedValue": 0}, {"maxAge": 1, "name": "Mr. Saurabh  Varma", "title": "Chief Marketing Officer", "exercisedValue": 0, "unexercisedValue": 0}, {"maxAge": 1, "name": "Mr. Anand  Vishal", "title": "Chief Sales Officer", "exercisedValue": 0, "unexercisedValue": 0}, {"maxAge": 1, "name": "Mr. Muralikrisha  Yammanuru", "title": "Chief People Officer", "exercisedValue": 0, "unexercisedValue": 0}, {"maxAge": 1, "name": "Mr. Rajender  Singh Jyala", "title": "Chief Programming Officer", "exercisedValue": 0, "unexercisedValue": 0}, {"maxAge": 1, "name": "Mr. Shirish  Handa", "title": "Chief Bus. Devel. Officer", "exercisedValue": 0, "unexercisedValue": 0}], "maxAge": 86400}, "recommendationTrend": {"trend": [{"period": "0m", "strongBuy": 0, "buy": 0, "hold": 0, "sell": 0, "strongSell": 0}, {"period": "-1m", "strongBuy": 0, "buy": 0, "hold": 0, "sell": 0, "strongSell": 0}, {"period": "-2m", "strongBuy": 0, "buy": 0, "hold": 0, "sell": 0, "strongSell": 0}, {"period": "-3m", "strongBuy": 0, "buy": 0, "hold": 0, "sell": 0, "strongSell": 0}], "maxAge": 86400}, "cashflowStatementHistory": {"cashflowStatements": [{"maxAge": 1, "endDate": "2021-03-31", "netIncome": -3376600000, "depreciation": 2832100000, "changeToNetincome": -964100000, "changeToAccountReceivables": 565200000, "changeToLiabilities": -211000000, "changeToInventory": 20000000, "changeToOperatingActivities": -173900000, "totalCashFromOperatingActivities": -1308300000, "capitalExpenditures": -595700000, "investments": -637300000, "otherCashflowsFromInvestingActivities": 22300000, "totalCashflowsFromInvestingActivities": -1215600000, "netBorrowings": -1115500000, "otherCashflowsFromFinancingActivities": -158000000, "totalCashFromFinancingActivities": 2199100000, "changeInCash": -324800000, "issuanceOfStock": 3472600000}, {"maxAge": 1, "endDate": "2020-03-31", "netIncome": 150052000, "depreciation": 2604083000, "changeToNetincome": 2676280000, "changeToAccountReceivables": 214876000, "changeToLiabilities": -250203000, "changeToInventory": -14579000, "changeToOperatingActivities": -676008000, "totalCashFromOperatingActivities": 4742306000, "capitalExpenditures": -2062038000, "investments": -11140000, "otherCashflowsFromInvestingActivities": -49066000, "totalCashflowsFromInvestingActivities": -2129988000, "dividendsPaid": -98291000, "netBorrowings": -2098568000, "otherCashflowsFromFinancingActivities": -131742000, "totalCashFromFinancingActivities": -2327976000, "changeInCash": 284342000, "issuanceOfStock": 625000}, {"maxAge": 1, "endDate": "2019-03-31", "netIncome": 1334910000, "depreciation": 919200000, "changeToNetincome": 419063000, "changeToAccountReceivables": -132059000, "changeToLiabilities": 464025000, "changeToInventory": -27884000, "changeToOperatingActivities": -216209000, "totalCashFromOperatingActivities": 2796753000, "capitalExpenditures": -2465044000, "investments": 110973000, "otherCashflowsFromInvestingActivities": 31810000, "totalCashflowsFromInvestingActivities": -2356341000, "dividendsPaid": -98291000, "netBorrowings": -1819300000, "otherCashflowsFromFinancingActivities": -237328000, "totalCashFromFinancingActivities": -455981000, "changeInCash": -15569000, "issuanceOfStock": 1600647000}, {"maxAge": 1, "endDate": "2018-03-31", "netIncome": 1146292000, "depreciation": 835098000, "changeToNetincome": -7182000, "changeToAccountReceivables": -296362000, "changeToLiabilities": 247900000, "changeToInventory": -3115000, "changeToOperatingActivities": 156626000, "totalCashFromOperatingActivities": 2111148000, "capitalExpenditures": -1585732000, "investments": 36638000, "otherCashflowsFromInvestingActivities": 17470000, "totalCashflowsFromInvestingActivities": -1538554000, "dividendsPaid": -98291000, "netBorrowings": -250340000, "otherCashflowsFromFinancingActivities": -289721000, "totalCashFromFinancingActivities": -540061000, "changeInCash": 35307000, "issuanceOfStock": 1600647000}], "maxAge": 86400}, "indexTrend": {"maxAge": 1, "symbol": "SP5", "peRatio": 19.7411, "pegRatio": 1.34172, "estimates": [{"period": "0q", "growth": 0.549}, {"period": "+1q", "growth": 0.431}, {"period": "0y", "growth": 0.305}, {"period": "+1y", "growth": 0.109}, {"period": "+5y", "growth": 0.120865}, {"period": "-5y"}]}, "defaultKeyStatistics": {"maxAge": 1, "priceHint": 2, "enterpriseValue": 58193289216, "forwardPE": 20.245718, "profitMargins": -2.27856, "floatShares": 53074209, "sharesOutstanding": 112662000, "heldPercentInsiders": 0.47456002, "heldPercentInstitutions": 0.378, "category": null, "bookValue": 56.545, "priceToBook": 4.8085594, "fundFamily": null, "legalType": null, "lastFiscalYearEnd": "2021-03-31 05:30:00", "nextFiscalYearEnd": "2023-03-31 05:30:00", "mostRecentQuarter": "2021-03-31 05:30:00", "netIncomeToCommon": -3376600064, "trailingEps": -32.22, "forwardEps": 13.43, "pegRatio": -5.53, "lastSplitFactor": null, "enterpriseToRevenue": 39.269, "enterpriseToEbitda": 63.233, "52WeekChange": 0.3135265, "SandP52WeekChange": 0.48148263, "lastDividendValue": 1.0, "lastDividendDate": 1572825600}, "industryTrend": {"maxAge": 1, "symbol": null, "estimates": []}, "quoteType": {"exchange": "NSI", "quoteType": "EQUITY", "symbol": "INOXLEISUR.NS", "underlyingSymbol": "INOXLEISUR.NS", "shortName": "INOX LEISURE LTD", "longName": "INOX Leisure Limited", "firstTradeDateEpochUtc": "2006-02-23 09:15:00", "timeZoneFullName": "Asia/Kolkata", "timeZoneShortName": "IST", "uuid": "e5d50ad4-5f65-343e-b154-8e847ca04c97", "messageBoardId": "finmb_22135420", "gmtOffSetMilliseconds": 19800000, "maxAge": 1}, "incomeStatementHistory": {"incomeStatementHistory": [{"maxAge": 1, "endDate": "2021-03-31", "totalRevenue": 1481900000, "costOfRevenue": 342700000, "grossProfit": 1139200000, "researchDevelopment": {}, "sellingGeneralAdministrative": -1353400000, "nonRecurring": {}, "otherOperatingExpenses": 1572300000, "totalOperatingExpenses": 3393700000, "operatingIncome": -1911800000, "totalOtherIncomeExpenseNet": -2551800000, "ebit": -1911800000, "interestExpense": -2511000000, "incomeBeforeTax": -4463600000, "incomeTaxExpense": -1087000000, "minorityInterest": 100000, "netIncomeFromContinuingOps": -3376600000, "discontinuedOperations": {}, "extraordinaryItems": {}, "effectOfAccountingCharges": {}, "otherItems": {}, "netIncome": -3376600000, "netIncomeApplicableToCommonShares": -3376600000}, {"maxAge": 1, "endDate": "2020-03-31", "totalRevenue": 18974434000, "costOfRevenue": 6640502000, "grossProfit": 12333932000, "researchDevelopment": {}, "sellingGeneralAdministrative": 2627536000, "nonRecurring": {}, "otherOperatingExpenses": 3697273000, "totalOperatingExpenses": 15607199000, "operatingIncome": 3367235000, "totalOtherIncomeExpenseNet": -2081416000, "ebit": 3367235000, "interestExpense": -2210164000, "incomeBeforeTax": 1285819000, "incomeTaxExpense": 1135763000, "minorityInterest": 62000, "netIncomeFromContinuingOps": 150056000, "discontinuedOperations": {}, "extraordinaryItems": {}, "effectOfAccountingCharges": {}, "otherItems": {}, "netIncome": 150052000, "netIncomeApplicableToCommonShares": 150052000}, {"maxAge": 1, "endDate": "2019-03-31", "totalRevenue": 16921847000, "costOfRevenue": 5922672000, "grossProfit": 10999175000, "researchDevelopment": {}, "sellingGeneralAdministrative": 4568927000, "nonRecurring": {}, "otherOperatingExpenses": 3285226000, "totalOperatingExpenses": 14731732000, "operatingIncome": 2190115000, "totalOtherIncomeExpenseNet": -199099000, "ebit": 2190115000, "interestExpense": -233511000, "incomeBeforeTax": 1991016000, "incomeTaxExpense": 656104000, "minorityInterest": 58000, "netIncomeFromContinuingOps": 1334912000, "discontinuedOperations": {}, "extraordinaryItems": {}, "effectOfAccountingCharges": {}, "otherItems": {}, "netIncome": 1334910000, "netIncomeApplicableToCommonShares": 1334910000}, {"maxAge": 1, "endDate": "2018-03-31", "totalRevenue": 13481183000, "costOfRevenue": 4741840000, "grossProfit": 8739343000, "researchDevelopment": {}, "sellingGeneralAdministrative": 3768474000, "nonRecurring": {}, "otherOperatingExpenses": 2755555000, "totalOperatingExpenses": 12132858000, "operatingIncome": 1348325000, "totalOtherIncomeExpenseNet": -371889000, "ebit": 1348325000, "interestExpense": -286471000, "incomeBeforeTax": 976436000, "incomeTaxExpense": -169858000, "minorityInterest": 56000, "netIncomeFromContinuingOps": 1146294000, "discontinuedOperations": {}, "extraordinaryItems": {}, "effectOfAccountingCharges": {}, "otherItems": {}, "netIncome": 1146292000, "netIncomeApplicableToCommonShares": 1146292000}], "maxAge": 86400}, "fundOwnership": {"maxAge": 1, "ownershipList": [{"maxAge": 1, "reportDate": "2021-01-31", "organization": "DFA Emerging Markets Core Equity Portfolio", "pctHeld": 0.0044, "position": 499718, "value": 160109647}, {"maxAge": 1, "reportDate": "2021-03-31", "organization": "iShares Core MSCI Emerging Markets ETF", "pctHeld": 0.0042, "position": 471726, "value": 134489082}, {"maxAge": 1, "reportDate": "2021-01-31", "organization": "DFA Emerging Markets Small Cap Series", "pctHeld": 0.0022, "position": 242295, "value": 77631318}, {"maxAge": 1, "reportDate": "2021-03-31", "organization": "iShares MSCI India Small Cap ETF", "pctHeld": 0.0008, "position": 94818, "value": 27032611}, {"maxAge": 1, "reportDate": "2020-12-31", "organization": "College Retirement Equities Fund-Stock Account", "pctHeld": 0.0004, "position": 39716, "value": 11211826}, {"maxAge": 1, "reportDate": "2021-03-31", "organization": "SPDR (R) Idx Shares-SPDR (R) Emerging Markets Small Cap ETF", "pctHeld": 0.00029999999, "position": 30784, "value": 8776518}, {"maxAge": 1, "reportDate": "2021-01-31", "organization": "DFA Investment Dimensions-Emerging Markets Social Core Equity", "pctHeld": 0.00029999999, "position": 29769, "value": 9537987}, {"maxAge": 1, "reportDate": "2021-01-31", "organization": "DFA Investment Dimensions-World Ex U.S. Core Equity Port", "pctHeld": 0.0002, "position": 26126, "value": 8370770}, {"maxAge": 1, "reportDate": "2021-01-31", "organization": "DFA T.A. World Ex U.S. Core Equity Portfolio", "pctHeld": 0.0002, "position": 24804, "value": 7947201}, {"maxAge": 1, "reportDate": "2020-12-31", "organization": "State Street Inst Inv Tr-State St All Cap Glb Equity ex-US Index Port", "pctHeld": 0.0002, "position": 20361, "value": 5747910}]}, "summaryDetail": {"maxAge": 1, "priceHint": 2, "previousClose": 276.05, "open": 268.55, "dayLow": 268.55, "dayHigh": 274.75, "regularMarketPreviousClose": 276.05, "regularMarketOpen": 268.55, "regularMarketDayLow": 268.55, "regularMarketDayHigh": 274.75, "exDividendDate": "2019-11-04 05:30:00", "payoutRatio": 0.0, "forwardPE": 20.245718, "volume": 238770, "regularMarketVolume": 238770, "averageVolume": 614552, "averageVolume10days": 442970, "averageDailyVolume10Day": 442970, "bid": 0.0, "ask": 0.0, "bidSize": 0, "askSize": 0, "marketCap": 30660530176, "fiftyTwoWeekLow": 158.4, "fiftyTwoWeekHigh": 359.0, "priceToSalesTrailing12Months": 20.690012, "fiftyDayAverage": 285.74722, "twoHundredDayAverage": 293.4424, "trailingAnnualDividendRate": 0.0, "trailingAnnualDividendYield": 0.0, "currency": "INR", "fromCurrency": null, "toCurrency": null, "lastMarket": null, "algorithm": null, "tradeable": false}, "insiderHolders": {"holders": [{"maxAge": 1, "name": "Inox Benefit Trust", "relation": "Institution- Corporation", "url": "", "transactionDescription": "Sale", "latestTransDate": "2020-08-11", "positionDirect": 0, "positionDirectDate": "2020-08-11"}, {"maxAge": 1, "name": "Jain (Nayantara)", "relation": "UNREPORTED", "url": "", "transactionDescription": "Acquisition", "latestTransDate": "2017-03-31", "positionDirect": 110000, "positionDirectDate": "2017-03-31"}, {"maxAge": 1, "name": "Jain (Pavan Kumar)", "relation": "Director (Non-Executive)", "url": "", "transactionDescription": "Sale", "latestTransDate": "2017-03-31", "positionDirect": 219975, "positionDirectDate": "2017-03-31"}, {"maxAge": 1, "name": "Jain (Siddharth)", "relation": "Director (Non-Executive)", "url": "", "transactionDescription": "Sale", "latestTransDate": "2017-03-31", "positionDirect": 619965, "positionDirectDate": "2017-03-31"}, {"maxAge": 1, "name": "Jain (Vivek Kumar)", "relation": "Director (Non-Executive)", "url": "", "transactionDescription": "Acquisition", "latestTransDate": "2017-03-31", "positionDirect": 640445, "positionDirectDate": "2017-03-31"}, {"maxAge": 1, "name": "Reliance Capital Ltd", "relation": "Institution- Corporation", "url": "", "transactionDescription": "Sale", "latestTransDate": "2014-07-04", "positionDirect": 5440000, "positionDirectDate": "2014-07-04"}, {"maxAge": 1, "name": "Tandon (Alok)", "relation": "Chief Executive Officer", "url": "", "transactionDescription": "Sale", "latestTransDate": "2019-05-24", "positionDirect": 15736, "positionDirectDate": "2019-05-24"}, {"maxAge": 1, "name": "Verma (Jitender)", "relation": "UNREPORTED", "url": "", "transactionDescription": "Acquisition", "latestTransDate": "2019-09-25", "positionDirect": 7000, "positionDirectDate": "2019-09-25"}], "maxAge": 1}, "calendarEvents": {"maxAge": 1, "earnings": {"earningsDate": [], "earningsAverage": 3.8, "earningsLow": 3.8, "earningsHigh": 3.8, "revenueAverage": 4190000000, "revenueLow": 4190000000, "revenueHigh": 4190000000}, "exDividendDate": "2019-11-04 05:30:00"}, "price": {"maxAge": 1, "regularMarketChangePercent": -0.015033487, "regularMarketChange": -4.149994, "regularMarketTime": "2021-04-30 15:29:58", "priceHint": 2, "regularMarketPrice": 271.9, "regularMarketDayHigh": 274.75, "regularMarketDayLow": 268.55, "regularMarketVolume": 238770, "averageDailyVolume10Day": 442970, "averageDailyVolume3Month": 614552, "regularMarketPreviousClose": 276.05, "regularMarketSource": "FREE_REALTIME", "regularMarketOpen": 268.55, "exchange": "NSI", "exchangeName": "NSE", "exchangeDataDelayedBy": 15, "marketState": "CLOSED", "quoteType": "EQUITY", "symbol": "INOXLEISUR.NS", "underlyingSymbol": null, "shortName": "INOX LEISURE LTD", "longName": "INOX Leisure Limited", "currency": "INR", "quoteSourceName": "Delayed Quote", "currencySymbol": "\u20b9", "fromCurrency": null, "toCurrency": null, "lastMarket": null, "marketCap": 30660530176}, "balanceSheetHistory": {"balanceSheetStatements": [{"maxAge": 1, "endDate": "2021-03-31", "cash": 773700000, "shortTermInvestments": 6600000, "netReceivables": 46000000, "inventory": 103400000, "otherCurrentAssets": 490000000, "totalCurrentAssets": 1419700000, "longTermInvestments": 866300000, "propertyPlantEquipment": 31147300000, "goodWill": 175100000, "intangibleAssets": 56400000, "otherAssets": 4177700000, "deferredLongTermAssetCharges": 2840400000, "totalAssets": 37842500000, "accountsPayable": 1053800000, "otherCurrentLiab": 1575500000, "longTermDebt": 470200000, "otherLiab": 810000000, "minorityInterest": 100000, "totalCurrentLiabilities": 3640200000, "totalLiab": 31513000000, "commonStock": 1124900000, "treasuryStock": 5204500000, "otherStockholderEquity": 5204500000, "totalStockholderEquity": 6329400000, "netTangibleAssets": 6097900000}, {"maxAge": 1, "endDate": "2020-03-31", "cash": 402176000, "netReceivables": 718600000, "inventory": 136454000, "otherCurrentAssets": 370187000, "totalCurrentAssets": 1742715000, "propertyPlantEquipment": 32025646000, "goodWill": 175097000, "intangibleAssets": 84104000, "otherAssets": 4126564000, "deferredLongTermAssetCharges": 1772798000, "totalAssets": 38154126000, "accountsPayable": 1295072000, "shortLongTermDebt": 350000000, "otherCurrentLiab": 1009526000, "longTermDebt": 200000000, "otherLiab": 918587000, "minorityInterest": 62000, "totalCurrentLiabilities": 4894696000, "totalLiab": 31935293000, "commonStock": 1026478000, "retainedEarnings": 1143673000, "treasuryStock": -312385000, "capitalSurplus": 4361005000, "otherStockholderEquity": 14313000, "totalStockholderEquity": 6218771000, "netTangibleAssets": 5959570000}, {"maxAge": 1, "endDate": "2019-03-31", "cash": 117834000, "netReceivables": 944615000, "inventory": 121875000, "otherCurrentAssets": 213896000, "totalCurrentAssets": 1513151000, "propertyPlantEquipment": 9575783000, "goodWill": 175097000, "intangibleAssets": 110543000, "otherAssets": 3413337000, "deferredLongTermAssetCharges": 528534000, "totalAssets": 14787911000, "accountsPayable": 1596112000, "shortLongTermDebt": 350000000, "otherCurrentLiab": 944791000, "longTermDebt": 550000000, "otherLiab": 906671000, "deferredLongTermLiab": 577703000, "minorityInterest": 58000, "totalCurrentLiabilities": 3693067000, "totalLiab": 5149738000, "commonStock": 1026059000, "retainedEarnings": 4568961000, "treasuryStock": -306692000, "capitalSurplus": 4349787000, "otherStockholderEquity": 20006000, "totalStockholderEquity": 9638115000, "netTangibleAssets": 9352475000}, {"maxAge": 1, "endDate": "2018-03-31", "cash": 133403000, "netReceivables": 821937000, "inventory": 93991000, "otherCurrentAssets": 189903000, "totalCurrentAssets": 1434449000, "longTermInvestments": 22680000, "propertyPlantEquipment": 7966567000, "goodWill": 175097000, "intangibleAssets": 115466000, "otherAssets": 3158499000, "deferredLongTermAssetCharges": 811240000, "totalAssets": 12850078000, "accountsPayable": 1132087000, "shortLongTermDebt": 395277000, "otherCurrentLiab": 788611000, "longTermDebt": 2524023000, "otherLiab": 888835000, "deferredLongTermLiab": 443796000, "minorityInterest": 56000, "totalCurrentLiabilities": 2741028000, "totalLiab": 6153886000, "commonStock": 961628000, "retainedEarnings": 3233459000, "treasuryStock": -308212000, "capitalSurplus": 2809261000, "otherStockholderEquity": 18486000, "totalStockholderEquity": 6696136000, "netTangibleAssets": 6405573000}], "maxAge": 86400}, "earningsTrend": {"trend": [{"maxAge": 1, "period": "0q", "endDate": "2018-06-30", "growth": 0.088999994, "earningsEstimate": {"avg": 3.8, "low": 3.8, "high": 3.8, "yearAgoEps": 3.49, "numberOfAnalysts": 1, "growth": 0.088999994}, "revenueEstimate": {"avg": 4190000000, "low": 4190000000, "high": 4190000000, "numberOfAnalysts": 1, "yearAgoRevenue": 3873900000, "growth": 0.081999995}, "epsTrend": {"current": 3.8, "7daysAgo": 0.0, "30daysAgo": 0.0, "60daysAgo": 0.0, "90daysAgo": 0.0}, "epsRevisions": {"upLast7days": 0, "upLast30days": 0, "downLast30days": 0, "downLast90days": {}}}, {"maxAge": 1, "period": "+1q", "endDate": "2018-09-30", "growth": {}, "earningsEstimate": {"avg": 0.0, "low": 0.0, "high": 0.0, "yearAgoEps": 1.28, "numberOfAnalysts": 0, "growth": {}}, "revenueEstimate": {"avg": 0, "low": 0, "high": 0, "numberOfAnalysts": 0, "yearAgoRevenue": {}, "growth": {}}, "epsTrend": {"current": 0.0, "7daysAgo": 0.0, "30daysAgo": 0.0, "60daysAgo": 0.0, "90daysAgo": 0.0}, "epsRevisions": {"upLast7days": 0, "upLast30days": 0, "downLast30days": 0, "downLast90days": {}}}, {"maxAge": 1, "period": "0y", "endDate": "2019-03-31", "growth": -0.198, "earningsEstimate": {"avg": 10.76, "low": 8.8, "high": 12.2, "yearAgoEps": 13.41, "numberOfAnalysts": 13, "growth": -0.198}, "revenueEstimate": {"avg": 15800100000, "low": 14966000000, "high": 17316000000, "numberOfAnalysts": 13, "yearAgoRevenue": 13481200000, "growth": 0.172}, "epsTrend": {"current": 10.76, "7daysAgo": 10.76, "30daysAgo": 10.81, "60daysAgo": 11.16, "90daysAgo": 10.74}, "epsRevisions": {"upLast7days": 0, "upLast30days": 0, "downLast30days": 0, "downLast90days": {}}}, {"maxAge": 1, "period": "+1y", "endDate": "2020-03-31", "growth": 0.248, "earningsEstimate": {"avg": 13.43, "low": 11.7, "high": 15.63, "yearAgoEps": 10.76, "numberOfAnalysts": 13, "growth": 0.248}, "revenueEstimate": {"avg": 18178800000, "low": 17068000000, "high": 19576900000, "numberOfAnalysts": 13, "yearAgoRevenue": 15800100000, "growth": 0.15100001}, "epsTrend": {"current": 13.43, "7daysAgo": 13.43, "30daysAgo": 13.48, "60daysAgo": 13.87, "90daysAgo": 13.83}, "epsRevisions": {"upLast7days": 0, "upLast30days": 0, "downLast30days": 0, "downLast90days": {}}}, {"maxAge": 1, "period": "+5y", "endDate": null, "growth": -0.04, "earningsEstimate": {"avg": {}, "low": {}, "high": {}, "yearAgoEps": {}, "numberOfAnalysts": {}, "growth": {}}, "revenueEstimate": {"avg": {}, "low": {}, "high": {}, "numberOfAnalysts": {}, "yearAgoRevenue": {}, "growth": {}}, "epsTrend": {"current": {}, "7daysAgo": {}, "30daysAgo": {}, "60daysAgo": {}, "90daysAgo": {}}, "epsRevisions": {"upLast7days": {}, "upLast30days": {}, "downLast30days": {}, "downLast90days": {}}}, {"maxAge": 1, "period": "-5y", "endDate": null, "growth": 0.37963, "earningsEstimate": {"avg": {}, "low": {}, "high": {}, "yearAgoEps": {}, "numberOfAnalysts": {}, "growth": {}}, "revenueEstimate": {"avg": {}, "low": {}, "high": {}, "numberOfAnalysts": {}, "yearAgoRevenue": {}, "growth": {}}, "epsTrend": {"current": {}, "7daysAgo": {}, "30daysAgo": {}, "60daysAgo": {}, "90daysAgo": {}}, "epsRevisions": {"upLast7days": {}, "upLast30days": {}, "downLast30days": {}, "downLast90days": {}}}], "maxAge": 1}, "institutionOwnership": {"maxAge": 1, "ownershipList": []}, "majorHoldersBreakdown": {"maxAge": 1, "insidersPercentHeld": 0.47456002, "institutionsPercentHeld": 0.378, "institutionsFloatPercentHeld": 0.71940005, "institutionsCount": 32}, "balanceSheetHistoryQuarterly": {"balanceSheetStatements": [{"maxAge": 1, "endDate": "2021-03-31", "cash": 773700000, "shortTermInvestments": 6600000, "netReceivables": 46000000, "inventory": 103400000, "otherCurrentAssets": 490000000, "totalCurrentAssets": 1419700000, "longTermInvestments": 866300000, "propertyPlantEquipment": 31147300000, "goodWill": 175100000, "intangibleAssets": 56400000, "otherAssets": 4177700000, "deferredLongTermAssetCharges": 2840400000, "totalAssets": 37842500000, "accountsPayable": 1053800000, "otherCurrentLiab": 1575500000, "longTermDebt": 470200000, "otherLiab": 810000000, "minorityInterest": 100000, "totalCurrentLiabilities": 3640200000, "totalLiab": 31513000000, "commonStock": 1124900000, "treasuryStock": 5204500000, "otherStockholderEquity": 5204500000, "totalStockholderEquity": 6329400000, "netTangibleAssets": 6097900000}, {"maxAge": 1, "endDate": "2020-12-31", "totalStockholderEquity": 5821600000, "netTangibleAssets": 5579400000}, {"maxAge": 1, "endDate": "2020-09-30", "cash": 872600000, "shortTermInvestments": 4200000, "netReceivables": 78500000, "inventory": 119200000, "otherCurrentAssets": 431600000, "totalCurrentAssets": 1506100000, "longTermInvestments": 929900000, "propertyPlantEquipment": 30722900000, "goodWill": 175100000, "intangibleAssets": 67100000, "otherAssets": 3653000000, "deferredLongTermAssetCharges": 2239400000, "totalAssets": 37054100000, "accountsPayable": 726100000, "otherCurrentLiab": 1742400000, "longTermDebt": 630500000, "otherLiab": 840700000, "minorityInterest": 100000, "totalCurrentLiabilities": 4221000000, "totalLiab": 31232400000, "commonStock": 1026800000, "treasuryStock": 4794800000, "otherStockholderEquity": 4794800000, "totalStockholderEquity": 5821600000, "netTangibleAssets": 5579400000}, {"maxAge": 1, "endDate": "2020-06-30", "totalStockholderEquity": 6218800000, "netTangibleAssets": 5959600000}], "maxAge": 86400}, "earningsHistory": {"history": [{"maxAge": 1, "epsActual": 3.49, "epsEstimate": 3.03, "epsDifference": 0.46, "surprisePercent": 0.152, "quarter": "2017-06-30", "period": "-4q"}, {"maxAge": 1, "epsActual": 1.28, "epsEstimate": 0.2, "epsDifference": 1.08, "surprisePercent": 5.4, "quarter": "2017-09-30", "period": "-3q"}, {"maxAge": 1, "epsActual": 1.43, "epsEstimate": 1.18, "epsDifference": 0.25, "surprisePercent": 0.21200001, "quarter": "2017-12-31", "period": "-2q"}, {"maxAge": 1, "epsActual": 7.21, "epsEstimate": 1.0, "epsDifference": 6.21, "surprisePercent": 6.21, "quarter": "2018-03-31", "period": "-1q"}], "maxAge": 86400}, "summaryProfile": {"address1": "Viraj Towers", "address2": "5th Floor Next to Andheri Flyover Western Express Highway, Andheri (East)", "city": "Mumbai", "zip": "400093", "country": "India", "phone": "91 22 4062 6900", "fax": "91 22 4062 6999", "website": "http://www.inoxmovies.com", "industry": "Entertainment", "sector": "Communication Services", "longBusinessSummary": "INOX Leisure Limited operates and manages multiplexes and cinema theatres under the INOX brand name in India. As of February 20, 2021, it operated 152 multiplexes and 643 screens in 69 cities. The company was founded in 1999 and is based in Mumbai, India. INOX Leisure Limited is a subsidiary of Gujarat Fluorochemicals Limited.", "companyOfficers": [], "maxAge": 86400}, "netSharePurchaseActivity": {"maxAge": 1, "period": "6m", "buyInfoCount": 0, "buyInfoShares": 0, "sellInfoCount": 0, "netInfoCount": 0, "netInfoShares": 0, "netPercentInsiderShares": 0.0, "totalInsiderShares": 53120104}, "insiderTransactions": {"transactions": [{"maxAge": 1, "shares": 4350092, "value": 13584902, "filerUrl": "", "transactionText": "Sale at price 3.12 per share.", "filerName": "Inox Benefit Trust", "filerRelation": "Institution- Corporation", "moneyText": "", "startDate": "2020-08-11", "ownership": "D"}, {"maxAge": 1, "shares": 1500, "filerUrl": "", "transactionText": "", "filerName": "Verma (Jitender)", "filerRelation": "UNREPORTED", "moneyText": "", "startDate": "2019-09-25", "ownership": "D"}, {"maxAge": 1, "shares": 0, "filerUrl": "", "transactionText": "", "filerName": "Verma (Jitender)", "filerRelation": "UNREPORTED", "moneyText": "", "startDate": "2019-09-25", "ownership": "I"}, {"maxAge": 1, "shares": 2000, "filerUrl": "", "transactionText": "", "filerName": "Verma (Jitender)", "filerRelation": "UNREPORTED", "moneyText": "", "startDate": "2019-09-23", "ownership": "D"}, {"maxAge": 1, "shares": 12500, "filerUrl": "", "transactionText": "", "filerName": "Tandon (Alok)", "filerRelation": "Chief Executive Officer", "moneyText": "", "startDate": "2019-05-24", "ownership": "D"}, {"maxAge": 1, "shares": 5000, "filerUrl": "", "transactionText": "", "filerName": "Tandon (Alok)", "filerRelation": "Chief Executive Officer", "moneyText": "", "startDate": "2019-02-28", "ownership": "D"}, {"maxAge": 1, "shares": 40000, "filerUrl": "", "transactionText": "", "filerName": "Jain (Nayantara)", "filerRelation": "UNREPORTED", "moneyText": "", "startDate": "2017-03-31", "ownership": "D"}, {"maxAge": 1, "shares": 200000, "filerUrl": "", "transactionText": "", "filerName": "Jain (Vivek Kumar)", "filerRelation": "Director (Non-Executive)", "moneyText": "", "startDate": "2017-03-31", "ownership": "D"}, {"maxAge": 1, "shares": 200000, "filerUrl": "", "transactionText": "", "filerName": "Jain (Siddharth)", "filerRelation": "Director (Non-Executive)", "moneyText": "", "startDate": "2017-03-31", "ownership": "D"}, {"maxAge": 1, "shares": 40000, "filerUrl": "", "transactionText": "", "filerName": "Jain (Pavan Kumar)", "filerRelation": "Director (Non-Executive)", "moneyText": "", "startDate": "2017-03-31", "ownership": "D"}, {"maxAge": 1, "shares": 40000, "filerUrl": "", "transactionText": "", "filerName": "Jain (Pavan Kumar)", "filerRelation": "Director (Non-Executive)", "moneyText": "", "startDate": "2017-03-30", "ownership": "D"}, {"maxAge": 1, "shares": 40000, "filerUrl": "", "transactionText": "", "filerName": "Jain (Nayantara)", "filerRelation": "UNREPORTED", "moneyText": "", "startDate": "2017-03-30", "ownership": "D"}, {"maxAge": 1, "shares": 200000, "filerUrl": "", "transactionText": "", "filerName": "Jain (Siddharth)", "filerRelation": "Director (Non-Executive)", "moneyText": "", "startDate": "2017-03-30", "ownership": "D"}, {"maxAge": 1, "shares": 30000, "filerUrl": "", "transactionText": "", "filerName": "Jain (Pavan Kumar)", "filerRelation": "Director (Non-Executive)", "moneyText": "", "startDate": "2017-03-29", "ownership": "D"}, {"maxAge": 1, "shares": 30000, "filerUrl": "", "transactionText": "", "filerName": "Jain (Nayantara)", "filerRelation": "UNREPORTED", "moneyText": "", "startDate": "2017-03-29", "ownership": "D"}, {"maxAge": 1, "shares": 30000, "filerUrl": "", "transactionText": "", "filerName": "Jain (Pavan Kumar)", "filerRelation": "Director (Non-Executive)", "moneyText": "", "startDate": "2017-03-29", "ownership": "D"}, {"maxAge": 1, "shares": 230000, "filerUrl": "", "transactionText": "", "filerName": "Jain (Vivek Kumar)", "filerRelation": "Director (Non-Executive)", "moneyText": "", "startDate": "2017-03-29", "ownership": "D"}, {"maxAge": 1, "shares": 199960, "filerUrl": "", "transactionText": "", "filerName": "Jain (Siddharth)", "filerRelation": "Director (Non-Executive)", "moneyText": "", "startDate": "2017-03-29", "ownership": "D"}, {"maxAge": 1, "shares": 210000, "filerUrl": "", "transactionText": "", "filerName": "Jain (Pavan Kumar)", "filerRelation": "Director (Non-Executive)", "moneyText": "", "startDate": "2017-03-28", "ownership": "D"}, {"maxAge": 1, "shares": 210000, "filerUrl": "", "transactionText": "", "filerName": "Jain (Vivek Kumar)", "filerRelation": "Director (Non-Executive)", "moneyText": "", "startDate": "2017-03-28", "ownership": "D"}, {"maxAge": 1, "shares": 219975, "filerUrl": "", "transactionText": "", "filerName": "Jain (Pavan Kumar)", "filerRelation": "Director (Non-Executive)", "moneyText": "", "startDate": "2017-03-27", "ownership": "D"}, {"maxAge": 1, "shares": 650000, "filerUrl": "", "transactionText": "", "filerName": "Jain (Vivek Kumar)", "filerRelation": "Director (Non-Executive)", "moneyText": "", "startDate": "2017-03-27", "ownership": "D"}, {"maxAge": 1, "shares": 219925, "filerUrl": "", "transactionText": "", "filerName": "Jain (Siddharth)", "filerRelation": "Director (Non-Executive)", "moneyText": "", "startDate": "2017-03-27", "ownership": "D"}, {"maxAge": 1, "shares": 4350092, "filerUrl": "", "transactionText": "", "filerName": "Inox Benefit Trust", "filerRelation": "Institution- Corporation", "moneyText": "", "startDate": "2015-03-13", "ownership": "D"}, {"maxAge": 1, "shares": 4500000, "filerUrl": "", "transactionText": "", "filerName": "Inox Benefit Trust", "filerRelation": "Institution- Corporation", "moneyText": "", "startDate": "2015-03-12", "ownership": "D"}, {"maxAge": 1, "shares": 1684, "filerUrl": "", "transactionText": "", "filerName": "Inox Benefit Trust", "filerRelation": "Institution- Corporation", "moneyText": "", "startDate": "2015-03-05", "ownership": "D"}, {"maxAge": 1, "shares": 114595, "filerUrl": "", "transactionText": "", "filerName": "Inox Benefit Trust", "filerRelation": "Institution- Corporation", "moneyText": "", "startDate": "2015-03-02", "ownership": "D"}, {"maxAge": 1, "shares": 118195, "filerUrl": "", "transactionText": "", "filerName": "Inox Benefit Trust", "filerRelation": "Institution- Corporation", "moneyText": "", "startDate": "2015-02-27", "ownership": "D"}, {"maxAge": 1, "shares": 212484, "filerUrl": "", "transactionText": "", "filerName": "Inox Benefit Trust", "filerRelation": "Institution- Corporation", "moneyText": "", "startDate": "2015-02-19", "ownership": "D"}, {"maxAge": 1, "shares": 128435, "filerUrl": "", "transactionText": "", "filerName": "Inox Benefit Trust", "filerRelation": "Institution- Corporation", "moneyText": "", "startDate": "2015-02-11", "ownership": "D"}, {"maxAge": 1, "shares": 157000, "filerUrl": "", "transactionText": "", "filerName": "Inox Benefit Trust", "filerRelation": "Institution- Corporation", "moneyText": "", "startDate": "2015-01-28", "ownership": "D"}, {"maxAge": 1, "shares": 187000, "filerUrl": "", "transactionText": "", "filerName": "Inox Benefit Trust", "filerRelation": "Institution- Corporation", "moneyText": "", "startDate": "2014-11-14", "ownership": "D"}, {"maxAge": 1, "shares": 2475000, "filerUrl": "", "transactionText": "", "filerName": "Inox Benefit Trust", "filerRelation": "Institution- Corporation", "moneyText": "", "startDate": "2014-09-29", "ownership": "D"}, {"maxAge": 1, "shares": 6287085, "filerUrl": "", "transactionText": "", "filerName": "Inox Benefit Trust", "filerRelation": "Institution- Corporation", "moneyText": "", "startDate": "2014-09-26", "ownership": "D"}, {"maxAge": 1, "shares": 400000, "filerUrl": "", "transactionText": "", "filerName": "Inox Benefit Trust", "filerRelation": "Institution- Corporation", "moneyText": "", "startDate": "2014-09-03", "ownership": "D"}, {"maxAge": 1, "shares": 2290505, "filerUrl": "", "transactionText": "", "filerName": "Reliance Capital Ltd", "filerRelation": "Institution- Corporation", "moneyText": "", "startDate": "2014-07-04", "ownership": "D"}, {"maxAge": 1, "shares": 600000, "filerUrl": "", "transactionText": "", "filerName": "Jain (Vivek Kumar)", "filerRelation": "Director (Non-Executive)", "moneyText": "", "startDate": "2013-10-11", "ownership": "D"}, {"maxAge": 1, "shares": 900000, "filerUrl": "", "transactionText": "", "filerName": "Inox Benefit Trust", "filerRelation": "Institution- Corporation", "moneyText": "", "startDate": "2013-09-10", "ownership": "D"}, {"maxAge": 1, "shares": 900000, "filerUrl": "", "transactionText": "", "filerName": "Inox Benefit Trust", "filerRelation": "Institution- Corporation", "moneyText": "", "startDate": "2013-09-06", "ownership": "D"}, {"maxAge": 1, "shares": 900000, "filerUrl": "", "transactionText": "", "filerName": "Inox Benefit Trust", "filerRelation": "Institution- Corporation", "moneyText": "", "startDate": "2013-09-06", "ownership": "D"}, {"maxAge": 1, "shares": 900000, "filerUrl": "", "transactionText": "", "filerName": "Inox Benefit Trust", "filerRelation": "Institution- Corporation", "moneyText": "", "startDate": "2013-09-05", "ownership": "D"}, {"maxAge": 1, "shares": 900000, "filerUrl": "", "transactionText": "", "filerName": "Inox Benefit Trust", "filerRelation": "Institution- Corporation", "moneyText": "", "startDate": "2013-09-04", "ownership": "D"}, {"maxAge": 1, "shares": 600000, "filerUrl": "", "transactionText": "", "filerName": "Jain (Siddharth)", "filerRelation": "Director (Non-Executive)", "moneyText": "", "startDate": "2013-09-04", "ownership": "D"}, {"maxAge": 1, "shares": 24431570, "filerUrl": "", "transactionText": "", "filerName": "Inox Benefit Trust", "filerRelation": "Institution- Corporation", "moneyText": "", "startDate": "2013-07-19", "ownership": "D"}], "maxAge": 1}, "sectorTrend": {"maxAge": 1, "symbol": null, "estimates": []}, "incomeStatementHistoryQuarterly": {"incomeStatementHistory": [{"maxAge": 1, "endDate": "2021-03-31", "totalRevenue": 1190500000, "costOfRevenue": 302700000, "grossProfit": 887800000, "researchDevelopment": {}, "sellingGeneralAdministrative": -4000000, "nonRecurring": {}, "otherOperatingExpenses": 743000000, "totalOperatingExpenses": 1742800000, "operatingIncome": -552300000, "totalOtherIncomeExpenseNet": -658100000, "ebit": -552300000, "interestExpense": -617300000, "incomeBeforeTax": -1210400000, "incomeTaxExpense": -273500000, "minorityInterest": 100000, "netIncomeFromContinuingOps": -936900000, "discontinuedOperations": {}, "extraordinaryItems": {}, "effectOfAccountingCharges": {}, "otherItems": {}, "netIncome": -936900000, "netIncomeApplicableToCommonShares": -936900000}, {"maxAge": 1, "endDate": "2020-12-31", "totalRevenue": 148800000, "costOfRevenue": 40000000, "grossProfit": 108800000, "researchDevelopment": {}, "sellingGeneralAdministrative": 212100000, "nonRecurring": {}, "otherOperatingExpenses": 542000000, "totalOperatingExpenses": 1503400000, "operatingIncome": -1354600000, "totalOtherIncomeExpenseNet": -13100000, "ebit": -1354600000, "interestExpense": -620100000, "incomeBeforeTax": -1367700000, "incomeTaxExpense": -342700000, "minorityInterest": 100000, "netIncomeFromContinuingOps": -1025000000, "discontinuedOperations": {}, "extraordinaryItems": {}, "effectOfAccountingCharges": {}, "otherItems": {}, "netIncome": -1025000000, "netIncomeApplicableToCommonShares": -1025000000}, {"maxAge": 1, "endDate": "2020-09-30", "totalRevenue": 3600000, "costOfRevenue": 0, "grossProfit": 3600000, "researchDevelopment": {}, "sellingGeneralAdministrative": 152300000, "nonRecurring": {}, "otherOperatingExpenses": 169000000, "totalOperatingExpenses": 1035500000, "operatingIncome": -1031900000, "totalOtherIncomeExpenseNet": 125600000, "ebit": -1031900000, "interestExpense": -640700000, "incomeBeforeTax": -906300000, "incomeTaxExpense": -228000000, "minorityInterest": 100000, "netIncomeFromContinuingOps": -678300000, "discontinuedOperations": {}, "extraordinaryItems": {}, "effectOfAccountingCharges": {}, "otherItems": {}, "netIncome": -678300000, "netIncomeApplicableToCommonShares": -678300000}, {"maxAge": 1, "endDate": "2020-06-30", "totalRevenue": 2500000, "costOfRevenue": 0, "grossProfit": 2500000, "researchDevelopment": {}, "sellingGeneralAdministrative": 243000000, "nonRecurring": {}, "otherOperatingExpenses": -574400000, "totalOperatingExpenses": 376100000, "operatingIncome": -373600000, "totalOtherIncomeExpenseNet": -605600000, "ebit": -373600000, "interestExpense": -632800000, "incomeBeforeTax": -979200000, "incomeTaxExpense": -242800000, "minorityInterest": 100000, "netIncomeFromContinuingOps": -736400000, "discontinuedOperations": {}, "extraordinaryItems": {}, "effectOfAccountingCharges": {}, "otherItems": {}, "netIncome": -736400000, "netIncomeApplicableToCommonShares": -736400000}], "maxAge": 86400}, "cashflowStatementHistoryQuarterly": {"cashflowStatements": [{"maxAge": 1, "endDate": "2021-03-31", "netIncome": -936900000, "changeToLiabilities": 0}, {"maxAge": 1, "endDate": "2020-12-31", "netIncome": -1025000000, "changeToLiabilities": 0}, {"maxAge": 1, "endDate": "2020-09-30", "netIncome": -678300000, "changeToLiabilities": 0}, {"maxAge": 1, "endDate": "2020-06-30", "netIncome": -736400000, "changeToLiabilities": 0}], "maxAge": 86400}, "earnings": {"maxAge": 86400, "earningsChart": {"quarterly": [{"date": "2Q2017", "actual": 3.49, "estimate": 3.03}, {"date": "3Q2017", "actual": 1.28, "estimate": 0.2}, {"date": "4Q2017", "actual": 1.43, "estimate": 1.18}, {"date": "1Q2018", "actual": 7.21, "estimate": 1.0}], "currentQuarterEstimate": 3.8, "currentQuarterEstimateDate": "2Q", "currentQuarterEstimateYear": 2018, "earningsDate": []}, "financialsChart": {"yearly": [{"date": 2018, "revenue": 13481183000, "earnings": 1146292000}, {"date": 2019, "revenue": 16921847000, "earnings": 1334910000}, {"date": 2020, "revenue": 18974434000, "earnings": 150052000}, {"date": 2021, "revenue": 1481900000, "earnings": -3376600000}], "quarterly": [{"date": "2Q2020", "revenue": 2500000, "earnings": -736400000}, {"date": "3Q2020", "revenue": 3600000, "earnings": -678300000}, {"date": "4Q2020", "revenue": 148800000, "earnings": -1025000000}, {"date": "1Q2021", "revenue": 1190500000, "earnings": -936900000}]}, "financialCurrency": "INR"}, "financialData": {"maxAge": 86400, "currentPrice": 271.9, "targetHighPrice": 376.0, "targetLowPrice": 298.0, "targetMeanPrice": 341.38, "targetMedianPrice": 350.0, "recommendationMean": 1.8, "recommendationKey": "buy", "numberOfAnalystOpinions": 13, "totalCash": 780300032, "totalCashPerShare": 6.971, "ebitda": 920300032, "totalDebt": 28073699328, "quickRatio": 0.226, "currentRatio": 0.39, "totalRevenue": 1481900032, "debtToEquity": 443.537, "revenuePerShare": 14.141, "returnOnAssets": -0.03144, "returnOnEquity": -0.53818, "grossProfits": 1139200000, "freeCashflow": -28226000, "operatingCashflow": -1308300032, "revenueGrowth": -0.68, "grossMargins": 0.76874, "ebitdaMargins": 0.62103003, "operatingMargins": -1.2901, "profitMargins": -2.27856, "financialCurrency": "INR"}}}