{"INOXWIND.NS": {"assetProfile": {"address1": "Inox Towers", "address2": "Plot No. 17 Sector - 16A", "city": "Noida", "zip": "201301", "country": "India", "phone": "91 12 0614 9600", "fax": "91 12 0614 9610", "website": "http://www.inoxwind.com", "industry": "Specialty Industrial Machinery", "sector": "Industrials", "longBusinessSummary": "Inox Wind Limited manufactures and sells wind turbine generators and components for independent power producers, utilities, public sector undertakings, and corporate and retail customers in India. It also provides a range of services, such as wind resource assessment, site acquisition to infrastructure development, erection and commissioning, long-term operations and maintenance services for wind power projects. The company was incorporated in 2009 and is headquartered in Noida, India. Inox Wind Limited is a subsidiary of GFL Limited.", "fullTimeEmployees": 10000, "companyOfficers": [{"maxAge": 1, "name": "Mr. Kailash Lal Tarachandani", "age": 52, "title": "Chief Exec. Officer", "yearBorn": 1968, "fiscalYear": 2020, "totalPay": 24712000, "exercisedValue": 0, "unexercisedValue": 0}, {"maxAge": 1, "name": "Mr. Narayan  Lodha", "age": 42, "title": "Chief Financial Officer", "yearBorn": 1978, "fiscalYear": 2020, "totalPay": 4264000, "exercisedValue": 0, "unexercisedValue": 0}, {"maxAge": 1, "name": "Mr. Deepak  Banga", "title": "Compliance Officer & Company Sec.", "fiscalYear": 2020, "totalPay": 4025000, "exercisedValue": 0, "unexercisedValue": 0}, {"maxAge": 1, "name": "Mr. Devansh K. Jain", "age": 34, "title": "Whole-Time Director", "yearBorn": 1986, "fiscalYear": 2020, "totalPay": 9264000, "exercisedValue": 0, "unexercisedValue": 0}, {"maxAge": 1, "name": "Mr. D. K Pashine", "age": 55, "title": "Head of Operation and Coordination", "yearBorn": 1965, "exercisedValue": 0, "unexercisedValue": 0}, {"maxAge": 1, "name": "Dheeraj  Sood", "title": "Head of Investor Relations", "exercisedValue": 0, "unexercisedValue": 0}, {"maxAge": 1, "name": "Mr. Kalyan  Ghosh", "title": "Head of Legal & Secretarial", "exercisedValue": 0, "unexercisedValue": 0}, {"maxAge": 1, "name": "Mr. Ganesh  Kumar", "age": 55, "title": "Plant Head of Blade Operations", "yearBorn": 1965, "exercisedValue": 0, "unexercisedValue": 0}, {"maxAge": 1, "name": "Mr. Jainesh  Pranay", "age": 45, "title": "Head Production of Una Unit", "yearBorn": 1975, "exercisedValue": 0, "unexercisedValue": 0}, {"maxAge": 1, "name": "Mr. Anuj Kumar Tyagi", "age": 44, "title": "Head of Manufacturing Quality", "yearBorn": 1976, "exercisedValue": 0, "unexercisedValue": 0}], "compensationAsOfEpochDate": "2020-12-31 05:30:00", "maxAge": 86400}, "recommendationTrend": {"trend": [{"period": "0m", "strongBuy": 0, "buy": 0, "hold": 0, "sell": 0, "strongSell": 0}, {"period": "-1m", "strongBuy": 0, "buy": 0, "hold": 0, "sell": 0, "strongSell": 0}, {"period": "-2m", "strongBuy": 0, "buy": 0, "hold": 0, "sell": 0, "strongSell": 0}, {"period": "-3m", "strongBuy": 0, "buy": 0, "hold": 0, "sell": 0, "strongSell": 0}], "maxAge": 86400}, "cashflowStatementHistory": {"cashflowStatements": [{"maxAge": 1, "endDate": "2020-03-31", "netIncome": -2797116000, "depreciation": 799821000, "changeToNetincome": 2411589000, "changeToAccountReceivables": -371032000, "changeToLiabilities": 400083000, "changeToInventory": -522181000, "changeToOperatingActivities": 7405028000, "totalCashFromOperatingActivities": 7329379000, "capitalExpenditures": -2959336000, "investments": -207911000, "otherCashflowsFromInvestingActivities": -544542000, "totalCashflowsFromInvestingActivities": -3457414000, "netBorrowings": -1937511000, "otherCashflowsFromFinancingActivities": -1913954000, "totalCashFromFinancingActivities": -3851465000, "changeInCash": 20500000}, {"maxAge": 1, "endDate": "2019-03-31", "netIncome": -395450000, "depreciation": 657380000, "changeToNetincome": 1317475000, "changeToAccountReceivables": -2839194000, "changeToLiabilities": 3930258000, "changeToInventory": -144332000, "changeToOperatingActivities": -1059244000, "totalCashFromOperatingActivities": 1470112000, "capitalExpenditures": -1374103000, "investments": -700818000, "otherCashflowsFromInvestingActivities": 133551000, "totalCashflowsFromInvestingActivities": -2635502000, "netBorrowings": 2526131000, "otherCashflowsFromFinancingActivities": -1764039000, "totalCashFromFinancingActivities": 762092000, "changeInCash": -403298000}, {"maxAge": 1, "endDate": "2018-03-31", "netIncome": -1876184000, "depreciation": 519225000, "changeToNetincome": 442055000, "changeToAccountReceivables": 9047958000, "changeToLiabilities": -3894866000, "changeToInventory": -2389872000, "changeToOperatingActivities": 841841000, "totalCashFromOperatingActivities": 2693588000, "capitalExpenditures": -1857289000, "investments": 4092087000, "otherCashflowsFromInvestingActivities": 1090473000, "totalCashflowsFromInvestingActivities": 3324671000, "netBorrowings": -6063927000, "otherCashflowsFromFinancingActivities": -1540832000, "totalCashFromFinancingActivities": -7604759000, "changeInCash": -1586500000}, {"maxAge": 1, "endDate": "2017-03-31", "netIncome": 3032921000, "depreciation": 432706000, "changeToNetincome": 750202000, "changeToAccountReceivables": -519599000, "changeToLiabilities": -1425846000, "changeToInventory": -1233061000, "changeToOperatingActivities": 94547000, "totalCashFromOperatingActivities": 1136616000, "capitalExpenditures": -2898999000, "investments": 24173000, "otherCashflowsFromInvestingActivities": 2900688000, "totalCashflowsFromInvestingActivities": -47084000, "netBorrowings": 1767718000, "otherCashflowsFromFinancingActivities": -1574201000, "totalCashFromFinancingActivities": 193517000, "changeInCash": 1283067000}], "maxAge": 86400}, "indexTrend": {"maxAge": 1, "symbol": "SP5", "peRatio": 19.7411, "pegRatio": 1.34172, "estimates": [{"period": "0q", "growth": 0.549}, {"period": "+1q", "growth": 0.431}, {"period": "0y", "growth": 0.305}, {"period": "+1y", "growth": 0.109}, {"period": "+5y", "growth": 0.120865}, {"period": "-5y"}]}, "defaultKeyStatistics": {"maxAge": 1, "priceHint": 2, "enterpriseValue": 25356457984, "profitMargins": -0.59538, "floatShares": 48936196, "sharesOutstanding": 221918000, "heldPercentInsiders": 0.80284, "heldPercentInstitutions": 6.0000002e-05, "beta": 1.678391, "category": null, "bookValue": 69.323, "priceToBook": 1.1136276, "fundFamily": null, "legalType": null, "lastFiscalYearEnd": "2020-03-31 05:30:00", "nextFiscalYearEnd": "2022-03-31 05:30:00", "mostRecentQuarter": "2020-12-31 05:30:00", "netIncomeToCommon": -3934316032, "trailingEps": -17.779, "forwardEps": 14.45, "lastSplitFactor": null, "enterpriseToRevenue": 3.837, "enterpriseToEbitda": -10.338, "52WeekChange": 2.003891, "SandP52WeekChange": 0.48148263}, "industryTrend": {"maxAge": 1, "symbol": null, "estimates": []}, "quoteType": {"exchange": "NSI", "quoteType": "EQUITY", "symbol": "INOXWIND.NS", "underlyingSymbol": "INOXWIND.NS", "shortName": "INOX WIND LTD", "longName": "Inox Wind Limited", "firstTradeDateEpochUtc": "2015-04-09 09:15:00", "timeZoneFullName": "Asia/Kolkata", "timeZoneShortName": "IST", "uuid": "f955db47-c22d-3fcf-90fb-eeddd74753db", "messageBoardId": "finmb_61450736", "gmtOffSetMilliseconds": 19800000, "maxAge": 1}, "incomeStatementHistory": {"incomeStatementHistory": [{"maxAge": 1, "endDate": "2020-03-31", "totalRevenue": 7601850000, "costOfRevenue": 4820506000, "grossProfit": 2781344000, "researchDevelopment": {}, "sellingGeneralAdministrative": 1363717000, "nonRecurring": {}, "otherOperatingExpenses": 2581453000, "totalOperatingExpenses": 9568684000, "operatingIncome": -1966834000, "totalOtherIncomeExpenseNet": -2331261000, "ebit": -1966834000, "interestExpense": -1935318000, "incomeBeforeTax": -4298095000, "incomeTaxExpense": -1504088000, "minorityInterest": -743000, "netIncomeFromContinuingOps": -2794007000, "discontinuedOperations": {}, "extraordinaryItems": {}, "effectOfAccountingCharges": {}, "otherItems": {}, "netIncome": -2797116000, "netIncomeApplicableToCommonShares": -2797116000}, {"maxAge": 1, "endDate": "2019-03-31", "totalRevenue": 14374433000, "costOfRevenue": 9536087000, "grossProfit": 4838346000, "researchDevelopment": {}, "sellingGeneralAdministrative": 1361411000, "nonRecurring": {}, "otherOperatingExpenses": 1981012000, "totalOperatingExpenses": 13539109000, "operatingIncome": 835324000, "totalOtherIncomeExpenseNet": -1456407000, "ebit": 835324000, "interestExpense": -1268334000, "incomeBeforeTax": -621083000, "incomeTaxExpense": -221292000, "minorityInterest": -3851000, "netIncomeFromContinuingOps": -399791000, "discontinuedOperations": {}, "extraordinaryItems": {}, "effectOfAccountingCharges": {}, "otherItems": {}, "netIncome": -395450000, "netIncomeApplicableToCommonShares": -395450000}, {"maxAge": 1, "endDate": "2018-03-31", "totalRevenue": 4798353000, "costOfRevenue": 2894441000, "grossProfit": 1903912000, "researchDevelopment": {}, "sellingGeneralAdministrative": 1360198000, "nonRecurring": {}, "otherOperatingExpenses": 1369990000, "totalOperatingExpenses": 6147285000, "operatingIncome": -1348932000, "totalOtherIncomeExpenseNet": -1455856000, "ebit": -1348932000, "interestExpense": -1377566000, "incomeBeforeTax": -2804788000, "incomeTaxExpense": -928604000, "minorityInterest": -3851000, "netIncomeFromContinuingOps": -1876184000, "discontinuedOperations": {}, "extraordinaryItems": {}, "effectOfAccountingCharges": {}, "otherItems": {}, "netIncome": -1876184000, "netIncomeApplicableToCommonShares": -1876184000}, {"maxAge": 1, "endDate": "2017-03-31", "totalRevenue": 34150021000, "costOfRevenue": 22799437000, "grossProfit": 11350584000, "researchDevelopment": {}, "sellingGeneralAdministrative": 2299623000, "nonRecurring": {}, "otherOperatingExpenses": 3631483000, "totalOperatingExpenses": 29167994000, "operatingIncome": 4982027000, "totalOtherIncomeExpenseNet": -713963000, "ebit": 4982027000, "interestExpense": -1098222000, "incomeBeforeTax": 4268064000, "incomeTaxExpense": 1235143000, "minorityInterest": -3851000, "netIncomeFromContinuingOps": 3032921000, "discontinuedOperations": {}, "extraordinaryItems": {}, "effectOfAccountingCharges": {}, "otherItems": {}, "netIncome": 3032921000, "netIncomeApplicableToCommonShares": 3032921000}], "maxAge": 86400}, "fundOwnership": {"maxAge": 1, "ownershipList": []}, "summaryDetail": {"maxAge": 1, "priceHint": 2, "previousClose": 76.4, "open": 76.4, "dayLow": 75.5, "dayHigh": 78.95, "regularMarketPreviousClose": 76.4, "regularMarketOpen": 76.4, "regularMarketDayLow": 75.5, "regularMarketDayHigh": 78.95, "payoutRatio": 0.0, "beta": 1.678391, "forwardPE": 5.3425603, "volume": 295862, "regularMarketVolume": 295862, "averageVolume": 413004, "averageVolume10days": 1563760, "averageDailyVolume10Day": 1563760, "bid": 0.0, "ask": 0.0, "bidSize": 0, "askSize": 0, "marketCap": 17221775360, "fiftyTwoWeekLow": 23.5, "fiftyTwoWeekHigh": 96.7, "priceToSalesTrailing12Months": 2.6061811, "fiftyDayAverage": 72.423615, "twoHundredDayAverage": 60.790344, "currency": "INR", "fromCurrency": null, "toCurrency": null, "lastMarket": null, "algorithm": null, "tradeable": false}, "insiderHolders": {"holders": [{"maxAge": 1, "name": "Agarwal (Abha)", "relation": "UNREPORTED", "url": "", "transactionDescription": "Acquisition", "latestTransDate": "2016-11-02", "positionDirect": 61000, "positionDirectDate": "2016-11-02"}, {"maxAge": 1, "name": "Gujarat Fluorochemicals Ltd", "relation": "Promoter", "url": "", "transactionDescription": "Sale", "latestTransDate": "2021-03-05", "positionDirect": 124273258, "positionDirectDate": "2021-03-05"}, {"maxAge": 1, "name": "Jain (Arun Prakash) HUF", "relation": "UNREPORTED", "url": "", "transactionDescription": "Acquisition", "latestTransDate": "2016-11-02", "positionDirect": 13400, "positionDirectDate": "2016-11-02"}], "maxAge": 1}, "calendarEvents": {"maxAge": 1, "earnings": {"earningsDate": []}}, "price": {"maxAge": 1, "regularMarketChangePercent": 0.010471144, "regularMarketChange": 0.7999954, "regularMarketTime": "2021-04-30 15:29:46", "priceHint": 2, "regularMarketPrice": 77.2, "regularMarketDayHigh": 78.95, "regularMarketDayLow": 75.5, "regularMarketVolume": 295862, "averageDailyVolume10Day": 1563760, "averageDailyVolume3Month": 413004, "regularMarketPreviousClose": 76.4, "regularMarketSource": "FREE_REALTIME", "regularMarketOpen": 76.4, "exchange": "NSI", "exchangeName": "NSE", "exchangeDataDelayedBy": 15, "marketState": "CLOSED", "quoteType": "EQUITY", "symbol": "INOXWIND.NS", "underlyingSymbol": null, "shortName": "INOX WIND LTD", "longName": "Inox Wind Limited", "currency": "INR", "quoteSourceName": "Delayed Quote", "currencySymbol": "\u20b9", "fromCurrency": null, "toCurrency": null, "lastMarket": null, "marketCap": 17221775360}, "balanceSheetHistory": {"balanceSheetStatements": [{"maxAge": 1, "endDate": "2020-03-31", "cash": 73026000, "shortTermInvestments": 1538018000, "netReceivables": 14566918000, "inventory": 9940977000, "otherCurrentAssets": 5390375000, "totalCurrentAssets": 31928782000, "longTermInvestments": 705666000, "propertyPlantEquipment": 12334543000, "intangibleAssets": 276787000, "otherAssets": 7670016000, "deferredLongTermAssetCharges": 2604822000, "totalAssets": 52915794000, "accountsPayable": 10546605000, "shortLongTermDebt": 2748111000, "otherCurrentLiab": 12515375000, "longTermDebt": 1185830000, "otherLiab": 272412000, "minorityInterest": -743000, "totalCurrentLiabilities": 34585039000, "totalLiab": 36060134000, "commonStock": 2219182000, "retainedEarnings": 8008016000, "treasuryStock": 180000000, "capitalSurplus": 6449205000, "otherStockholderEquity": 180000000, "totalStockholderEquity": 16856403000, "netTangibleAssets": 16579616000}, {"maxAge": 1, "endDate": "2019-03-31", "cash": 52526000, "shortTermInvestments": 1301428000, "netReceivables": 17016208000, "inventory": 9437536000, "otherCurrentAssets": 2541367000, "totalCurrentAssets": 30752281000, "longTermInvestments": 729380000, "propertyPlantEquipment": 10085673000, "intangibleAssets": 302994000, "otherAssets": 5540176000, "deferredLongTermAssetCharges": 1086295000, "totalAssets": 47410504000, "accountsPayable": 8887519000, "shortLongTermDebt": 2131639000, "otherCurrentLiab": 4368121000, "longTermDebt": 3316072000, "otherLiab": 685758000, "minorityInterest": -3851000, "totalCurrentLiabilities": 23763859000, "totalLiab": 27765689000, "commonStock": 2219182000, "retainedEarnings": 10801336000, "treasuryStock": 174668000, "capitalSurplus": 6453480000, "otherStockholderEquity": 174668000, "totalStockholderEquity": 19648666000, "netTangibleAssets": 19345672000}, {"maxAge": 1, "endDate": "2018-03-31", "cash": 455824000, "shortTermInvestments": 810989000, "netReceivables": 13822001000, "inventory": 9293617000, "otherCurrentAssets": 1666763000, "totalCurrentAssets": 26217828000, "longTermInvestments": 33237000, "propertyPlantEquipment": 9746779000, "intangibleAssets": 297185000, "otherAssets": 4685154000, "deferredLongTermAssetCharges": 864289000, "totalAssets": 40980183000, "accountsPayable": 5362550000, "shortLongTermDebt": 2310629000, "otherCurrentLiab": 3701311000, "longTermDebt": 3477876000, "otherLiab": 332312000, "totalCurrentLiabilities": 17127193000, "totalLiab": 20937381000, "commonStock": 2219182000, "retainedEarnings": 11184917000, "treasuryStock": 180100000, "capitalSurplus": 6458603000, "otherStockholderEquity": 180100000, "totalStockholderEquity": 20042802000, "netTangibleAssets": 19745617000}, {"maxAge": 1, "endDate": "2017-03-31", "cash": 2042324000, "shortTermInvestments": 2331948000, "netReceivables": 24819537000, "inventory": 6903740000, "otherCurrentAssets": 1214394000, "totalCurrentAssets": 39378520000, "longTermInvestments": 616759000, "propertyPlantEquipment": 8470171000, "intangibleAssets": 303613000, "otherAssets": 2776772000, "totalAssets": 51545835000, "accountsPayable": 9686982000, "shortLongTermDebt": 1419818000, "otherCurrentLiab": 1446937000, "longTermDebt": 1862340000, "otherLiab": 1131331000, "totalCurrentLiabilities": 26656300000, "totalLiab": 29649971000, "commonStock": 2219182000, "retainedEarnings": 13043682000, "treasuryStock": 174397000, "capitalSurplus": 6458603000, "otherStockholderEquity": 174397000, "totalStockholderEquity": 21895864000, "netTangibleAssets": 21592251000}], "maxAge": 86400}, "earningsTrend": {"trend": [{"maxAge": 1, "period": "0q", "endDate": "2018-12-31", "growth": {}, "earningsEstimate": {"avg": 0.0, "low": 0.0, "high": 0.0, "yearAgoEps": {}, "numberOfAnalysts": 0, "growth": {}}, "revenueEstimate": {"avg": 0, "low": 0, "high": 0, "numberOfAnalysts": 0, "yearAgoRevenue": {}, "growth": {}}, "epsTrend": {"current": 0.0, "7daysAgo": 0.0, "30daysAgo": 0.0, "60daysAgo": 0.0, "90daysAgo": 0.0}, "epsRevisions": {"upLast7days": 0, "upLast30days": 0, "downLast30days": 0, "downLast90days": {}}}, {"maxAge": 1, "period": "+1q", "endDate": "2019-03-31", "growth": {}, "earningsEstimate": {"avg": 0.0, "low": 0.0, "high": 0.0, "yearAgoEps": {}, "numberOfAnalysts": 0, "growth": {}}, "revenueEstimate": {"avg": 4350000000, "low": 4350000000, "high": 4350000000, "numberOfAnalysts": 1, "yearAgoRevenue": 2034100000, "growth": 1.139}, "epsTrend": {"current": 0.0, "7daysAgo": 0.0, "30daysAgo": 0.0, "60daysAgo": 0.0, "90daysAgo": 0.0}, "epsRevisions": {"upLast7days": 0, "upLast30days": 0, "downLast30days": 0, "downLast90days": {}}}, {"maxAge": 1, "period": "0y", "endDate": "2019-03-31", "growth": {}, "earningsEstimate": {"avg": 0.0, "low": 0.0, "high": 0.0, "yearAgoEps": {}, "numberOfAnalysts": 0, "growth": {}}, "revenueEstimate": {"avg": 38670700000, "low": 27639000000, "high": 44936000000, "numberOfAnalysts": 3, "yearAgoRevenue": 4798400000, "growth": 7.059}, "epsTrend": {"current": 0.0, "7daysAgo": 9.8, "30daysAgo": 9.8, "60daysAgo": 9.8, "90daysAgo": 9.8}, "epsRevisions": {"upLast7days": 0, "upLast30days": 0, "downLast30days": 0, "downLast90days": {}}}, {"maxAge": 1, "period": "+1y", "endDate": "2020-03-31", "growth": {}, "earningsEstimate": {"avg": 0.0, "low": 0.0, "high": 0.0, "yearAgoEps": {}, "numberOfAnalysts": 0, "growth": {}}, "revenueEstimate": {"avg": 48582700000, "low": 36088000000, "high": 58794000000, "numberOfAnalysts": 3, "yearAgoRevenue": 38670700000, "growth": 0.256}, "epsTrend": {"current": 0.0, "7daysAgo": 14.45, "30daysAgo": 14.45, "60daysAgo": 14.45, "90daysAgo": 14.45}, "epsRevisions": {"upLast7days": 0, "upLast30days": 0, "downLast30days": 0, "downLast90days": {}}}, {"maxAge": 1, "period": "+5y", "endDate": null, "growth": 0.006, "earningsEstimate": {"avg": {}, "low": {}, "high": {}, "yearAgoEps": {}, "numberOfAnalysts": {}, "growth": {}}, "revenueEstimate": {"avg": {}, "low": {}, "high": {}, "numberOfAnalysts": {}, "yearAgoRevenue": {}, "growth": {}}, "epsTrend": {"current": {}, "7daysAgo": {}, "30daysAgo": {}, "60daysAgo": {}, "90daysAgo": {}}, "epsRevisions": {"upLast7days": {}, "upLast30days": {}, "downLast30days": {}, "downLast90days": {}}}, {"maxAge": 1, "period": "-5y", "endDate": null, "growth": {}, "earningsEstimate": {"avg": {}, "low": {}, "high": {}, "yearAgoEps": {}, "numberOfAnalysts": {}, "growth": {}}, "revenueEstimate": {"avg": {}, "low": {}, "high": {}, "numberOfAnalysts": {}, "yearAgoRevenue": {}, "growth": {}}, "epsTrend": {"current": {}, "7daysAgo": {}, "30daysAgo": {}, "60daysAgo": {}, "90daysAgo": {}}, "epsRevisions": {"upLast7days": {}, "upLast30days": {}, "downLast30days": {}, "downLast90days": {}}}], "maxAge": 1}, "institutionOwnership": {"maxAge": 1, "ownershipList": []}, "majorHoldersBreakdown": {"maxAge": 1, "insidersPercentHeld": 0.80284, "institutionsPercentHeld": 6.0000002e-05, "institutionsFloatPercentHeld": 0.00033, "institutionsCount": 1}, "balanceSheetHistoryQuarterly": {"balanceSheetStatements": [{"maxAge": 1, "endDate": "2020-12-31", "totalStockholderEquity": 15405200000, "netTangibleAssets": 15170800000}, {"maxAge": 1, "endDate": "2020-09-30", "cash": 1452400000, "shortTermInvestments": 566700000, "netReceivables": 14432300000, "inventory": 10202500000, "otherCurrentAssets": 6207100000, "totalCurrentAssets": 32861000000, "longTermInvestments": 5069400000, "propertyPlantEquipment": 11841800000, "intangibleAssets": 234400000, "otherAssets": 4251800000, "deferredLongTermAssetCharges": 3313000000, "totalAssets": 54258400000, "accountsPayable": 10901000000, "otherCurrentLiab": 17157900000, "longTermDebt": 2350400000, "otherLiab": 564400000, "totalCurrentLiabilities": 35938400000, "totalLiab": 38853200000, "commonStock": 2219200000, "treasuryStock": 13186000000, "otherStockholderEquity": 13186000000, "totalStockholderEquity": 15405200000, "netTangibleAssets": 15170800000}, {"maxAge": 1, "endDate": "2020-06-30", "totalStockholderEquity": 16856400000, "netTangibleAssets": 16579600000}, {"maxAge": 1, "endDate": "2020-03-31", "cash": 73026000, "shortTermInvestments": 1538018000, "netReceivables": 14566918000, "inventory": 9940977000, "otherCurrentAssets": 5390375000, "totalCurrentAssets": 31928782000, "longTermInvestments": 705666000, "propertyPlantEquipment": 12334543000, "intangibleAssets": 276787000, "otherAssets": 7670016000, "deferredLongTermAssetCharges": 2604822000, "totalAssets": 52915794000, "accountsPayable": 10546605000, "shortLongTermDebt": 2748111000, "otherCurrentLiab": 12515375000, "longTermDebt": 1185830000, "otherLiab": 272412000, "minorityInterest": -743000, "totalCurrentLiabilities": 34585039000, "totalLiab": 36060134000, "commonStock": 2219182000, "retainedEarnings": 8008016000, "treasuryStock": 180000000, "capitalSurplus": 6449205000, "otherStockholderEquity": 180000000, "totalStockholderEquity": 16856403000, "netTangibleAssets": 16579616000}], "maxAge": 86400}, "earningsHistory": {"history": [{"maxAge": 1, "epsActual": {}, "epsEstimate": {}, "epsDifference": {}, "surprisePercent": {}, "quarter": {}, "period": "-4q"}, {"maxAge": 1, "epsActual": {}, "epsEstimate": {}, "epsDifference": {}, "surprisePercent": {}, "quarter": {}, "period": "-3q"}, {"maxAge": 1, "epsActual": 5.75, "epsEstimate": 11.2, "epsDifference": -5.45, "surprisePercent": -0.48700002, "quarter": "2017-03-31", "period": "-2q"}, {"maxAge": 1, "epsActual": 0.07, "epsEstimate": 0.2, "epsDifference": -0.13, "surprisePercent": -0.65, "quarter": "2018-09-30", "period": "-1q"}], "maxAge": 86400}, "summaryProfile": {"address1": "Inox Towers", "address2": "Plot No. 17 Sector - 16A", "city": "Noida", "zip": "201301", "country": "India", "phone": "91 12 0614 9600", "fax": "91 12 0614 9610", "website": "http://www.inoxwind.com", "industry": "Specialty Industrial Machinery", "sector": "Industrials", "longBusinessSummary": "Inox Wind Limited manufactures and sells wind turbine generators and components for independent power producers, utilities, public sector undertakings, and corporate and retail customers in India. It also provides a range of services, such as wind resource assessment, site acquisition to infrastructure development, erection and commissioning, long-term operations and maintenance services for wind power projects. The company was incorporated in 2009 and is headquartered in Noida, India. Inox Wind Limited is a subsidiary of GFL Limited.", "fullTimeEmployees": 10000, "companyOfficers": [], "maxAge": 86400}, "netSharePurchaseActivity": {"maxAge": 1, "period": "6m", "buyInfoCount": 0, "buyInfoShares": 0, "sellInfoCount": 0, "netInfoCount": 0, "netInfoShares": 0, "netPercentInsiderShares": 0.0, "totalInsiderShares": 178305952}, "insiderTransactions": {"transactions": [{"maxAge": 1, "shares": 575000, "value": 553380, "filerUrl": "", "transactionText": "Sale at price 0.96 per share.", "filerName": "Gujarat Fluorochemicals Ltd", "filerRelation": "Promoter", "moneyText": "", "startDate": "2021-03-05", "ownership": "D"}, {"maxAge": 1, "shares": 400000, "value": 399240, "filerUrl": "", "transactionText": "Sale at price 1.00 per share.", "filerName": "Gujarat Fluorochemicals Ltd", "filerRelation": "Promoter", "moneyText": "", "startDate": "2021-03-04", "ownership": "D"}, {"maxAge": 1, "shares": 500000, "value": 497450, "filerUrl": "", "transactionText": "Sale at price 0.99 per share.", "filerName": "Gujarat Fluorochemicals Ltd", "filerRelation": "Promoter", "moneyText": "", "startDate": "2021-03-03", "ownership": "D"}, {"maxAge": 1, "shares": 90411, "value": 86224, "filerUrl": "", "transactionText": "Sale at price 0.95 per share.", "filerName": "Gujarat Fluorochemicals Ltd", "filerRelation": "Promoter", "moneyText": "", "startDate": "2021-03-01", "ownership": "D"}, {"maxAge": 1, "shares": 100000, "value": 95370, "filerUrl": "", "transactionText": "Sale at price 0.95 per share.", "filerName": "Gujarat Fluorochemicals Ltd", "filerRelation": "Promoter", "moneyText": "", "startDate": "2021-02-26", "ownership": "D"}, {"maxAge": 1, "shares": 61000, "filerUrl": "", "transactionText": "", "filerName": "Agarwal (Abha)", "filerRelation": "UNREPORTED", "moneyText": "", "startDate": "2016-11-02", "ownership": "D"}, {"maxAge": 1, "shares": 13400, "filerUrl": "", "transactionText": "", "filerName": "Jain (Arun Prakash) HUF", "filerRelation": "UNREPORTED", "moneyText": "", "startDate": "2016-11-02", "ownership": "D"}], "maxAge": 1}, "sectorTrend": {"maxAge": 1, "symbol": null, "estimates": []}, "incomeStatementHistoryQuarterly": {"incomeStatementHistory": [{"maxAge": 1, "endDate": "2020-12-31", "totalRevenue": 2038000000, "costOfRevenue": 1510200000, "grossProfit": 527800000, "researchDevelopment": {}, "sellingGeneralAdministrative": 250900000, "nonRecurring": {}, "otherOperatingExpenses": 286200000, "totalOperatingExpenses": 2276100000, "operatingIncome": -238100000, "totalOtherIncomeExpenseNet": -614700000, "ebit": -238100000, "interestExpense": -704500000, "incomeBeforeTax": -852800000, "incomeTaxExpense": -333100000, "minorityInterest": {}, "netIncomeFromContinuingOps": -519700000, "discontinuedOperations": {}, "extraordinaryItems": {}, "effectOfAccountingCharges": {}, "otherItems": {}, "netIncome": -519700000, "netIncomeApplicableToCommonShares": -519700000}, {"maxAge": 1, "endDate": "2020-09-30", "totalRevenue": 1710900000, "costOfRevenue": 1528300000, "grossProfit": 182600000, "researchDevelopment": {}, "sellingGeneralAdministrative": 247400000, "nonRecurring": {}, "otherOperatingExpenses": 297500000, "totalOperatingExpenses": 2286700000, "operatingIncome": -575800000, "totalOtherIncomeExpenseNet": -581800000, "ebit": -575800000, "interestExpense": -610100000, "incomeBeforeTax": -1157600000, "incomeTaxExpense": -397600000, "minorityInterest": {}, "netIncomeFromContinuingOps": -760000000, "discontinuedOperations": {}, "extraordinaryItems": {}, "effectOfAccountingCharges": {}, "otherItems": {}, "netIncome": -760000000, "netIncomeApplicableToCommonShares": -760000000}, {"maxAge": 1, "endDate": "2020-06-30", "totalRevenue": 966700000, "costOfRevenue": 784500000, "grossProfit": 182200000, "researchDevelopment": {}, "sellingGeneralAdministrative": 228800000, "nonRecurring": {}, "otherOperatingExpenses": 277400000, "totalOperatingExpenses": 1500000000, "operatingIncome": -533300000, "totalOtherIncomeExpenseNet": -569900000, "ebit": -533300000, "interestExpense": -630700000, "incomeBeforeTax": -1103200000, "incomeTaxExpense": -370500000, "minorityInterest": {}, "netIncomeFromContinuingOps": -732700000, "discontinuedOperations": {}, "extraordinaryItems": {}, "effectOfAccountingCharges": {}, "otherItems": {}, "netIncome": -732700000, "netIncomeApplicableToCommonShares": -732700000}, {"maxAge": 1, "endDate": "2020-03-31", "totalRevenue": 1892550000, "costOfRevenue": 901206000, "grossProfit": 991344000, "researchDevelopment": {}, "sellingGeneralAdministrative": 676717000, "nonRecurring": {}, "otherOperatingExpenses": 2061753000, "totalOperatingExpenses": 3868584000, "operatingIncome": -1976034000, "totalOtherIncomeExpenseNet": -982361000, "ebit": -1976034000, "interestExpense": -456318000, "incomeBeforeTax": -2958395000, "incomeTaxExpense": -1034588000, "minorityInterest": -743000, "netIncomeFromContinuingOps": -1923807000, "discontinuedOperations": {}, "extraordinaryItems": {}, "effectOfAccountingCharges": {}, "otherItems": {}, "netIncome": -1923816000, "netIncomeApplicableToCommonShares": -1923816000}], "maxAge": 86400}, "cashflowStatementHistoryQuarterly": {"cashflowStatements": [{"maxAge": 1, "endDate": "2020-12-31", "netIncome": -519700000, "changeToLiabilities": 0}, {"maxAge": 1, "endDate": "2020-09-30", "netIncome": -760000000, "changeToLiabilities": 0}, {"maxAge": 1, "endDate": "2020-06-30", "netIncome": -732700000, "changeToLiabilities": 0}, {"maxAge": 1, "endDate": "2020-03-31", "netIncome": -1923816000, "changeToLiabilities": 0}], "maxAge": 86400}, "earnings": {"maxAge": 86400, "earningsChart": {"quarterly": [{"date": "1Q2017", "actual": 5.75, "estimate": 11.2}, {"date": "3Q2018", "actual": 0.07, "estimate": 0.2}], "currentQuarterEstimateDate": "4Q", "currentQuarterEstimateYear": 2018, "earningsDate": []}, "financialsChart": {"yearly": [{"date": 2017, "revenue": 34150021000, "earnings": 3032921000}, {"date": 2018, "revenue": 4798353000, "earnings": -1876184000}, {"date": 2019, "revenue": 14374433000, "earnings": -395450000}, {"date": 2020, "revenue": 7601850000, "earnings": -2797116000}], "quarterly": [{"date": "1Q2020", "revenue": 1892550000, "earnings": -1923816000}, {"date": "2Q2020", "revenue": 966700000, "earnings": -732700000}, {"date": "3Q2020", "revenue": 1710900000, "earnings": -760000000}, {"date": "4Q2020", "revenue": 2038000000, "earnings": -519700000}]}, "financialCurrency": "INR"}, "financialData": {"maxAge": 86400, "currentPrice": 77.2, "targetHighPrice": 165.0, "targetLowPrice": 130.0, "targetMeanPrice": 150.0, "targetMedianPrice": 155.0, "recommendationKey": "none", "numberOfAnalystOpinions": 3, "totalCash": 2019100032, "totalCashPerShare": 9.091, "ebitda": -2452630528, "totalDebt": 10229900288, "totalRevenue": 6608050176, "debtToEquity": 66.405, "revenuePerShare": 29.861, "grossProfits": 2781344000, "revenueGrowth": 0.18, "grossMargins": 0.28507, "ebitdaMargins": -0.37116, "operatingMargins": -0.50291, "profitMargins": -0.59538, "financialCurrency": "INR"}}}