{"INOXLEISUR.BO": {"recommendationTrend": {"trend": [{"period": "0m", "strongBuy": 0, "buy": 0, "hold": 0, "sell": 0, "strongSell": 0}, {"period": "-1m", "strongBuy": 0, "buy": 0, "hold": 0, "sell": 0, "strongSell": 0}, {"period": "-2m", "strongBuy": 0, "buy": 0, "hold": 0, "sell": 0, "strongSell": 0}, {"period": "-3m", "strongBuy": 0, "buy": 0, "hold": 0, "sell": 0, "strongSell": 0}], "maxAge": 86400}, "cashflowStatementHistory": {"cashflowStatements": [{"maxAge": 1, "endDate": "2020-03-31", "netIncome": 150052000, "depreciation": 2604083000, "changeToNetincome": 2676280000, "changeToAccountReceivables": 214876000, "changeToLiabilities": -250203000, "changeToInventory": -14579000, "changeToOperatingActivities": -676008000, "totalCashFromOperatingActivities": 4742306000, "capitalExpenditures": -2062038000, "investments": -13249000, "otherCashflowsFromInvestingActivities": -46957000, "totalCashflowsFromInvestingActivities": -2129988000, "dividendsPaid": -98291000, "netBorrowings": -2098568000, "otherCashflowsFromFinancingActivities": -131742000, "totalCashFromFinancingActivities": -2327976000, "changeInCash": 284342000, "issuanceOfStock": 625000}, {"maxAge": 1, "endDate": "2019-03-31", "netIncome": 1334910000, "depreciation": 919200000, "changeToNetincome": 419063000, "changeToAccountReceivables": -132059000, "changeToLiabilities": 464025000, "changeToInventory": -27884000, "changeToOperatingActivities": -216209000, "totalCashFromOperatingActivities": 2796753000, "capitalExpenditures": -2465044000, "investments": 106843000, "otherCashflowsFromInvestingActivities": 35940000, "totalCashflowsFromInvestingActivities": -2356341000, "dividendsPaid": -98291000, "netBorrowings": -1819300000, "otherCashflowsFromFinancingActivities": -237328000, "totalCashFromFinancingActivities": -455981000, "changeInCash": -15569000, "issuanceOfStock": 1600647000}, {"maxAge": 1, "endDate": "2018-03-31", "netIncome": 1146292000, "depreciation": 835098000, "changeToNetincome": -7182000, "changeToAccountReceivables": -296362000, "changeToLiabilities": 247900000, "changeToInventory": -3115000, "changeToOperatingActivities": 156626000, "totalCashFromOperatingActivities": 2111148000, "capitalExpenditures": -1585732000, "investments": 36638000, "otherCashflowsFromInvestingActivities": 17470000, "totalCashflowsFromInvestingActivities": -1538554000, "dividendsPaid": -98291000, "netBorrowings": -250340000, "otherCashflowsFromFinancingActivities": -289721000, "totalCashFromFinancingActivities": -540061000, "changeInCash": 35307000, "issuanceOfStock": 1600647000}, {"maxAge": 1, "endDate": "2017-03-31", "netIncome": 306145000, "depreciation": 809669000, "changeToNetincome": 158557000, "changeToAccountReceivables": 34488000, "changeToLiabilities": 151191000, "changeToInventory": -22149000, "changeToOperatingActivities": -388652000, "totalCashFromOperatingActivities": 1080284000, "capitalExpenditures": -1527855000, "investments": 77891000, "otherCashflowsFromInvestingActivities": 29183000, "totalCashflowsFromInvestingActivities": -1453200000, "dividendsPaid": -98291000, "netBorrowings": 498879000, "otherCashflowsFromFinancingActivities": -254945000, "totalCashFromFinancingActivities": 243934000, "changeInCash": -128982000, "issuanceOfStock": 1600647000}], "maxAge": 86400}, "institutionOwnership": {"maxAge": 1, "ownershipList": []}, "balanceSheetHistoryQuarterly": {"balanceSheetStatements": [{"maxAge": 1, "endDate": "2020-06-30", "totalStockholderEquity": 6218800000, "netTangibleAssets": 5959600000}, {"maxAge": 1, "endDate": "2020-03-31", "cash": 402176000, "netReceivables": 718600000, "inventory": 136454000, "otherCurrentAssets": 370187000, "totalCurrentAssets": 1742715000, "propertyPlantEquipment": 32025646000, "goodWill": 175097000, "intangibleAssets": 84104000, "otherAssets": 4126564000, "deferredLongTermAssetCharges": 1772798000, "totalAssets": 38154126000, "accountsPayable": 1295072000, "shortLongTermDebt": 350000000, "otherCurrentLiab": 1009526000, "longTermDebt": 200000000, "otherLiab": 918587000, "minorityInterest": 62000, "totalCurrentLiabilities": 4894696000, "totalLiab": 31935293000, "commonStock": 1026478000, "retainedEarnings": 1143673000, "treasuryStock": -312385000, "capitalSurplus": 4361005000, "otherStockholderEquity": 14313000, "totalStockholderEquity": 6218771000, "netTangibleAssets": 5959570000}, {"maxAge": 1, "endDate": "2019-12-31", "totalStockholderEquity": 6809600000, "netTangibleAssets": 6539700000}, {"maxAge": 1, "endDate": "2019-09-30", "cash": 158500000, "shortTermInvestments": 160600000, "netReceivables": 797800000, "inventory": 135200000, "otherCurrentAssets": 312700000, "totalCurrentAssets": 1564800000, "longTermInvestments": 895000000, "propertyPlantEquipment": 27986000000, "goodWill": 175100000, "intangibleAssets": 94800000, "otherAssets": 4343300000, "deferredLongTermAssetCharges": 2319600000, "totalAssets": 35059000000, "accountsPayable": 1190800000, "otherCurrentLiab": 1832700000, "longTermDebt": 375000000, "otherLiab": 938000000, "minorityInterest": 100000, "totalCurrentLiabilities": 3836300000, "totalLiab": 28249300000, "commonStock": 1026400000, "treasuryStock": 5783200000, "otherStockholderEquity": 6109900000, "totalStockholderEquity": 6809600000, "netTangibleAssets": 6539700000}], "maxAge": 86400}, "earningsHistory": {"history": [{"maxAge": 1, "epsActual": 1.43, "epsEstimate": 1.18, "epsDifference": 0.25, "surprisePercent": 0.21200001, "quarter": "2017-12-31", "period": "-4q"}, {"maxAge": 1, "epsActual": 7.21, "epsEstimate": 1.0, "epsDifference": 6.21, "surprisePercent": 6.21, "quarter": "2018-03-31", "period": "-3q"}, {"maxAge": 1, "epsActual": 4.03, "epsEstimate": 3.6, "epsDifference": 0.43, "surprisePercent": 0.118999995, "quarter": "2018-06-30", "period": "-2q"}, {"maxAge": 1, "epsActual": 1.3, "epsEstimate": 1.07, "epsDifference": 0.23, "surprisePercent": 0.215, "quarter": "2018-09-30", "period": "-1q"}], "maxAge": 86400}, "indexTrend": {"maxAge": 1, "symbol": "SP5", "peRatio": 19.7411, "pegRatio": 1.34172, "estimates": [{"period": "0q", "growth": 0.549}, {"period": "+1q", "growth": 0.431}, {"period": "0y", "growth": 0.305}, {"period": "+1y", "growth": 0.109}, {"period": "+5y", "growth": 0.120865}, {"period": "-5y"}]}, "industryTrend": {"maxAge": 1, "symbol": null, "estimates": []}, "insiderTransactions": {"transactions": [{"maxAge": 1, "shares": 4350092, "value": 13584902, "filerUrl": "", "transactionText": "Sale at price 3.12 per share.", "filerName": "Inox Benefit Trust", "filerRelation": "Institution- Corporation", "moneyText": "", "startDate": "2020-08-11", "ownership": "D"}, {"maxAge": 1, "shares": 0, "filerUrl": "", "transactionText": "", "filerName": "Verma (Jitender)", "filerRelation": "UNREPORTED", "moneyText": "", "startDate": "2019-09-25", "ownership": "I"}, {"maxAge": 1, "shares": 1500, "filerUrl": "", "transactionText": "", "filerName": "Verma (Jitender)", "filerRelation": "UNREPORTED", "moneyText": "", "startDate": "2019-09-25", "ownership": "D"}, {"maxAge": 1, "shares": 2000, "filerUrl": "", "transactionText": "", "filerName": "Verma (Jitender)", "filerRelation": "UNREPORTED", "moneyText": "", "startDate": "2019-09-23", "ownership": "D"}, {"maxAge": 1, "shares": 12500, "filerUrl": "", "transactionText": "", "filerName": "Tandon (Alok)", "filerRelation": "Chief Executive Officer", "moneyText": "", "startDate": "2019-05-24", "ownership": "D"}, {"maxAge": 1, "shares": 5000, "filerUrl": "", "transactionText": "", "filerName": "Tandon (Alok)", "filerRelation": "Chief Executive Officer", "moneyText": "", "startDate": "2019-02-28", "ownership": "D"}], "maxAge": 1}, "quoteType": {"exchange": "BSE", "quoteType": "EQUITY", "symbol": "INOXLEISUR.BO", "underlyingSymbol": "INOXLEISUR.BO", "shortName": "INOX LEISURE LTD.", "longName": "INOX Leisure Limited", "firstTradeDateEpochUtc": "2006-02-23 09:15:00", "timeZoneFullName": "Asia/Kolkata", "timeZoneShortName": "IST", "uuid": "a3ce8e32-c6c9-38c6-b1a7-e6ca21bafcd1", "messageBoardId": null, "gmtOffSetMilliseconds": 19800000, "maxAge": 1}, "incomeStatementHistory": {"incomeStatementHistory": [{"maxAge": 1, "endDate": "2020-03-31", "totalRevenue": 18974434000, "costOfRevenue": 6640502000, "grossProfit": 12333932000, "researchDevelopment": {}, "sellingGeneralAdministrative": 2627536000, "nonRecurring": {}, "otherOperatingExpenses": 3697273000, "totalOperatingExpenses": 15607199000, "operatingIncome": 3367235000, "totalOtherIncomeExpenseNet": -2081416000, "ebit": 3367235000, "interestExpense": -2210164000, "incomeBeforeTax": 1285819000, "incomeTaxExpense": 1135763000, "minorityInterest": 62000, "netIncomeFromContinuingOps": 150056000, "discontinuedOperations": {}, "extraordinaryItems": {}, "effectOfAccountingCharges": {}, "otherItems": {}, "netIncome": 150052000, "netIncomeApplicableToCommonShares": 150052000}, {"maxAge": 1, "endDate": "2019-03-31", "totalRevenue": 16921847000, "costOfRevenue": 5922672000, "grossProfit": 10999175000, "researchDevelopment": {}, "sellingGeneralAdministrative": 4568927000, "nonRecurring": {}, "otherOperatingExpenses": 3285226000, "totalOperatingExpenses": 14731732000, "operatingIncome": 2190115000, "totalOtherIncomeExpenseNet": -199099000, "ebit": 2190115000, "interestExpense": -233511000, "incomeBeforeTax": 1991016000, "incomeTaxExpense": 656104000, "minorityInterest": 58000, "netIncomeFromContinuingOps": 1334912000, "discontinuedOperations": {}, "extraordinaryItems": {}, "effectOfAccountingCharges": {}, "otherItems": {}, "netIncome": 1334910000, "netIncomeApplicableToCommonShares": 1334910000}, {"maxAge": 1, "endDate": "2018-03-31", "totalRevenue": 13481183000, "costOfRevenue": 4741840000, "grossProfit": 8739343000, "researchDevelopment": {}, "sellingGeneralAdministrative": 3768474000, "nonRecurring": {}, "otherOperatingExpenses": 2755555000, "totalOperatingExpenses": 12132858000, "operatingIncome": 1348325000, "totalOtherIncomeExpenseNet": -371889000, "ebit": 1348325000, "interestExpense": -286471000, "incomeBeforeTax": 976436000, "incomeTaxExpense": -169858000, "minorityInterest": 56000, "netIncomeFromContinuingOps": 1146294000, "discontinuedOperations": {}, "extraordinaryItems": {}, "effectOfAccountingCharges": {}, "otherItems": {}, "netIncome": 1146292000, "netIncomeApplicableToCommonShares": 1146292000}, {"maxAge": 1, "endDate": "2017-03-31", "totalRevenue": 12207141000, "costOfRevenue": 4428062000, "grossProfit": 7779079000, "researchDevelopment": {}, "sellingGeneralAdministrative": 3406958000, "nonRecurring": {}, "otherOperatingExpenses": 2866291000, "totalOperatingExpenses": 11542015000, "operatingIncome": 665126000, "totalOtherIncomeExpenseNet": -218834000, "ebit": 665126000, "interestExpense": -248316000, "incomeBeforeTax": 446292000, "incomeTaxExpense": 140143000, "minorityInterest": 54000, "netIncomeFromContinuingOps": 306149000, "discontinuedOperations": {}, "extraordinaryItems": {}, "effectOfAccountingCharges": {}, "otherItems": {}, "netIncome": 306145000, "netIncomeApplicableToCommonShares": 306145000}], "maxAge": 86400}, "fundOwnership": {"maxAge": 1, "ownershipList": [{"maxAge": 1, "reportDate": "2020-07-31", "organization": "DFA Emerging Markets Core Equity Portfolio", "pctHeld": 0.0054, "position": 551933, "value": 127082573}, {"maxAge": 1, "reportDate": "2020-07-31", "organization": "iShares Core MSCI Emerging Markets ETF", "pctHeld": 0.0042, "position": 429409, "value": 98871422}, {"maxAge": 1, "reportDate": "2020-07-31", "organization": "DFA Emerging Markets Small Cap Series", "pctHeld": 0.0032, "position": 324093, "value": 74622413}, {"maxAge": 1, "reportDate": "2020-08-31", "organization": "iShares MSCI India Small Cap ETF", "pctHeld": 0.001, "position": 104102, "value": 29538942}, {"maxAge": 1, "reportDate": "2020-08-31", "organization": "WisdomTree Tr-WisdomTree India Earnings Fd", "pctHeld": 0.00059999997, "position": 62322, "value": 17683867}, {"maxAge": 1, "reportDate": "2020-08-31", "organization": "SPDR (R) Idx Shares-SPDR (R) Emerging Markets Small Cap ETF", "pctHeld": 0.0005, "position": 54441, "value": 15447633}, {"maxAge": 1, "reportDate": "2020-07-31", "organization": "DFA Investment Dimensions-Emerging Markets Social Core Equity", "pctHeld": 0.00029999999, "position": 29769, "value": 6854312}, {"maxAge": 1, "reportDate": "2020-07-31", "organization": "DFA Investment Dimensions-World Ex U.S. Core Equity Port", "pctHeld": 0.00029999999, "position": 26126, "value": 6015511}, {"maxAge": 1, "reportDate": "2020-07-31", "organization": "DFA T.A. World Ex U.S. Core Equity Portfolio", "pctHeld": 0.0002, "position": 24804, "value": 5711121}, {"maxAge": 1, "reportDate": "2020-06-30", "organization": "State Street Inst Inv Tr-State St All Cap Glb Equity ex-US Index Port", "pctHeld": 0.0002, "position": 20361, "value": 4612784}]}, "summaryDetail": {"maxAge": 1, "priceHint": 2, "previousClose": 276.3, "open": 269.95, "dayLow": 269.0, "dayHigh": 274.0, "regularMarketPreviousClose": 276.3, "regularMarketOpen": 269.95, "regularMarketDayLow": 269.0, "regularMarketDayHigh": 274.0, "forwardPE": 22.239965, "volume": 39305, "regularMarketVolume": 39305, "averageVolume": 141681, "averageVolume10days": 58276, "averageDailyVolume10Day": 58276, "bid": 270.1, "ask": 270.8, "bidSize": 0, "askSize": 0, "marketCap": 27931088896, "fiftyTwoWeekLow": 158.2, "fiftyTwoWeekHigh": 510.8, "fiftyDayAverage": 320.74854, "twoHundredDayAverage": 284.8691, "currency": "INR", "fromCurrency": null, "toCurrency": null, "lastMarket": null, "algorithm": null, "tradeable": false}, "sectorTrend": {"maxAge": 1, "symbol": null, "estimates": []}, "incomeStatementHistoryQuarterly": {"incomeStatementHistory": [{"maxAge": 1, "endDate": "2020-06-30", "totalRevenue": 2500000, "costOfRevenue": 0, "grossProfit": 2500000, "researchDevelopment": {}, "sellingGeneralAdministrative": 243000000, "nonRecurring": {}, "otherOperatingExpenses": -574400000, "totalOperatingExpenses": 376100000, "operatingIncome": -373600000, "totalOtherIncomeExpenseNet": -605600000, "ebit": -373600000, "interestExpense": -632800000, "incomeBeforeTax": -979200000, "incomeTaxExpense": -242800000, "minorityInterest": {}, "netIncomeFromContinuingOps": -736400000, "discontinuedOperations": {}, "extraordinaryItems": {}, "effectOfAccountingCharges": {}, "otherItems": {}, "netIncome": -736400000, "netIncomeApplicableToCommonShares": -736400000}, {"maxAge": 1, "endDate": "2020-03-31", "totalRevenue": 3715834000, "costOfRevenue": 1614902000, "grossProfit": 2100932000, "researchDevelopment": {}, "sellingGeneralAdministrative": 593736000, "nonRecurring": {}, "otherOperatingExpenses": 365973000, "totalOperatingExpenses": 3314999000, "operatingIncome": 400835000, "totalOtherIncomeExpenseNet": -606916000, "ebit": 400835000, "interestExpense": -611864000, "incomeBeforeTax": -206081000, "incomeTaxExpense": 615363000, "minorityInterest": 62000, "netIncomeFromContinuingOps": -821444000, "discontinuedOperations": {}, "extraordinaryItems": {}, "effectOfAccountingCharges": {}, "otherItems": {}, "netIncome": -821448000, "netIncomeApplicableToCommonShares": -821448000}, {"maxAge": 1, "endDate": "2019-12-31", "totalRevenue": 5129100000, "costOfRevenue": 1657000000, "grossProfit": 3472100000, "researchDevelopment": {}, "sellingGeneralAdministrative": 686100000, "nonRecurring": {}, "otherOperatingExpenses": 1096500000, "totalOperatingExpenses": 4088000000, "operatingIncome": 1041100000, "totalOtherIncomeExpenseNet": -498900000, "ebit": 1041100000, "interestExpense": -547400000, "incomeBeforeTax": 542200000, "incomeTaxExpense": 192100000, "minorityInterest": 62000, "netIncomeFromContinuingOps": 350100000, "discontinuedOperations": {}, "extraordinaryItems": {}, "effectOfAccountingCharges": {}, "otherItems": {}, "netIncome": 350100000, "netIncomeApplicableToCommonShares": 350100000}, {"maxAge": 1, "endDate": "2019-09-30", "totalRevenue": 5199400000, "costOfRevenue": 1736800000, "grossProfit": 3462600000, "researchDevelopment": {}, "sellingGeneralAdministrative": 694900000, "nonRecurring": {}, "otherOperatingExpenses": 1090100000, "totalOperatingExpenses": 4166900000, "operatingIncome": 1032500000, "totalOtherIncomeExpenseNet": -498200000, "ebit": 1032500000, "interestExpense": -542200000, "incomeBeforeTax": 534300000, "incomeTaxExpense": 183000000, "minorityInterest": 100000, "netIncomeFromContinuingOps": 351300000, "discontinuedOperations": {}, "extraordinaryItems": {}, "effectOfAccountingCharges": {}, "otherItems": {}, "netIncome": 351300000, "netIncomeApplicableToCommonShares": 351300000}], "maxAge": 86400}, "cashflowStatementHistoryQuarterly": {"cashflowStatements": [{"maxAge": 1, "endDate": "2020-06-30", "netIncome": -736400000, "changeToLiabilities": 0}, {"maxAge": 1, "endDate": "2020-03-31", "netIncome": -821448000, "changeToLiabilities": 0}, {"maxAge": 1, "endDate": "2019-12-31", "netIncome": 350100000, "changeToLiabilities": 0}, {"maxAge": 1, "endDate": "2019-09-30", "netIncome": 351300000, "changeToLiabilities": 0}], "maxAge": 86400}, "insiderHolders": {"holders": [{"maxAge": 1, "name": "Inox Benefit Trust", "relation": "Institution- Corporation", "url": "", "transactionDescription": "Sale", "latestTransDate": "2020-08-11", "positionDirect": 0, "positionDirectDate": "2020-08-11"}, {"maxAge": 1, "name": "Tandon (Alok)", "relation": "Chief Executive Officer", "url": "", "transactionDescription": "Sale", "latestTransDate": "2019-05-24", "positionDirect": 15736, "positionDirectDate": "2019-05-24"}, {"maxAge": 1, "name": "Verma (Jitender)", "relation": "UNREPORTED", "url": "", "transactionDescription": "Sale", "latestTransDate": "2019-09-25", "positionIndirect": 5500, "positionIndirectDate": 1569369600}], "maxAge": 1}, "earnings": {"maxAge": 86400, "earningsChart": {"quarterly": [{"date": "4Q2017", "actual": 1.43, "estimate": 1.18}, {"date": "1Q2018", "actual": 7.21, "estimate": 1.0}, {"date": "2Q2018", "actual": 4.03, "estimate": 3.6}, {"date": "3Q2018", "actual": 1.3, "estimate": 1.07}], "currentQuarterEstimateDate": "4Q", "currentQuarterEstimateYear": 2018, "earningsDate": []}, "financialsChart": {"yearly": [{"date": 2017, "revenue": 12207141000, "earnings": 306145000}, {"date": 2018, "revenue": 13481183000, "earnings": 1146292000}, {"date": 2019, "revenue": 16921847000, "earnings": 1334910000}, {"date": 2020, "revenue": 18974434000, "earnings": 150052000}], "quarterly": [{"date": "3Q2019", "revenue": 5199400000, "earnings": 351300000}, {"date": "4Q2019", "revenue": 5129100000, "earnings": 350100000}, {"date": "1Q2020", "revenue": 3715834000, "earnings": -821448000}, {"date": "2Q2020", "revenue": 2500000, "earnings": -736400000}]}, "financialCurrency": "INR"}, "calendarEvents": {"maxAge": 1, "earnings": {"earningsDate": [], "revenueAverage": 4142000000, "revenueLow": 4142000000, "revenueHigh": 4142000000}}, "price": {"maxAge": 1, "regularMarketChangePercent": -0.017191458, "regularMarketChange": -4.75, "regularMarketTime": "2021-04-30 15:54:29", "priceHint": 2, "regularMarketPrice": 271.55, "regularMarketDayHigh": 274.0, "regularMarketDayLow": 269.0, "regularMarketVolume": 39305, "averageDailyVolume10Day": 58276, "averageDailyVolume3Month": 141681, "regularMarketPreviousClose": 276.3, "regularMarketSource": "FREE_REALTIME", "regularMarketOpen": 269.95, "exchange": "BSE", "exchangeName": "BSE", "exchangeDataDelayedBy": 0, "marketState": "CLOSED", "quoteType": "EQUITY", "symbol": "INOXLEISUR.BO", "underlyingSymbol": null, "shortName": "INOX LEISURE LTD.", "longName": "INOX Leisure Limited", "currency": "INR", "quoteSourceName": "Delayed Quote", "currencySymbol": "\u20b9", "fromCurrency": null, "toCurrency": null, "lastMarket": null, "marketCap": 27931088896}, "balanceSheetHistory": {"balanceSheetStatements": [{"maxAge": 1, "endDate": "2020-03-31", "cash": 402176000, "netReceivables": 718600000, "inventory": 136454000, "otherCurrentAssets": 370187000, "totalCurrentAssets": 1742715000, "propertyPlantEquipment": 32025646000, "goodWill": 175097000, "intangibleAssets": 84104000, "otherAssets": 4126564000, "deferredLongTermAssetCharges": 1772798000, "totalAssets": 38154126000, "accountsPayable": 1295072000, "shortLongTermDebt": 350000000, "otherCurrentLiab": 1009526000, "longTermDebt": 200000000, "otherLiab": 918587000, "minorityInterest": 62000, "totalCurrentLiabilities": 4894696000, "totalLiab": 31935293000, "commonStock": 1026478000, "retainedEarnings": 1143673000, "treasuryStock": -312385000, "capitalSurplus": 4361005000, "otherStockholderEquity": 14313000, "totalStockholderEquity": 6218771000, "netTangibleAssets": 5959570000}, {"maxAge": 1, "endDate": "2019-03-31", "cash": 117834000, "netReceivables": 944615000, "inventory": 121875000, "otherCurrentAssets": 213896000, "totalCurrentAssets": 1513151000, "propertyPlantEquipment": 9575783000, "goodWill": 175097000, "intangibleAssets": 110543000, "otherAssets": 3413337000, "deferredLongTermAssetCharges": 528534000, "totalAssets": 14787911000, "accountsPayable": 1596112000, "shortLongTermDebt": 350000000, "otherCurrentLiab": 944791000, "longTermDebt": 550000000, "otherLiab": 906671000, "deferredLongTermLiab": 577703000, "minorityInterest": 58000, "totalCurrentLiabilities": 3693067000, "totalLiab": 5149738000, "commonStock": 1026059000, "retainedEarnings": 4568961000, "treasuryStock": -306692000, "capitalSurplus": 4349787000, "otherStockholderEquity": 20006000, "totalStockholderEquity": 9638115000, "netTangibleAssets": 9352475000}, {"maxAge": 1, "endDate": "2018-03-31", "cash": 133403000, "netReceivables": 821937000, "inventory": 93991000, "otherCurrentAssets": 189903000, "totalCurrentAssets": 1434449000, "longTermInvestments": 22680000, "propertyPlantEquipment": 7966567000, "goodWill": 175097000, "intangibleAssets": 115466000, "otherAssets": 3158499000, "deferredLongTermAssetCharges": 811240000, "totalAssets": 12850078000, "accountsPayable": 1132087000, "shortLongTermDebt": 395277000, "otherCurrentLiab": 788611000, "longTermDebt": 2524023000, "otherLiab": 888835000, "deferredLongTermLiab": 443796000, "minorityInterest": 56000, "totalCurrentLiabilities": 2741028000, "totalLiab": 6153886000, "commonStock": 961628000, "retainedEarnings": 3233459000, "treasuryStock": -308212000, "capitalSurplus": 2809261000, "otherStockholderEquity": 18486000, "totalStockholderEquity": 6696136000, "netTangibleAssets": 6405573000}, {"maxAge": 1, "endDate": "2017-03-31", "cash": 98096000, "netReceivables": 513334000, "inventory": 90876000, "otherCurrentAssets": 192440000, "totalCurrentAssets": 1052771000, "longTermInvestments": 581000, "propertyPlantEquipment": 7353792000, "goodWill": 175097000, "intangibleAssets": 124266000, "otherAssets": 2734244000, "deferredLongTermAssetCharges": 482855000, "totalAssets": 11440751000, "accountsPayable": 884150000, "shortLongTermDebt": 250340000, "otherCurrentLiab": 631208000, "longTermDebt": 2919300000, "otherLiab": 960211000, "deferredLongTermLiab": 554772000, "minorityInterest": 54000, "totalCurrentLiabilities": 2035810000, "totalLiab": 5915321000, "commonStock": 961628000, "retainedEarnings": 2080648000, "treasuryStock": -326161000, "capitalSurplus": 2809261000, "otherStockholderEquity": 537000, "totalStockholderEquity": 5525376000, "netTangibleAssets": 5226013000}], "maxAge": 86400}, "earningsTrend": {"trend": [{"maxAge": 1, "period": "0q", "endDate": "2018-12-31", "growth": {}, "earningsEstimate": {"avg": 0.0, "low": 0.0, "high": 0.0, "yearAgoEps": 1.43, "numberOfAnalysts": 0, "growth": {}}, "revenueEstimate": {"avg": 4142000000, "low": 4142000000, "high": 4142000000, "numberOfAnalysts": 1, "yearAgoRevenue": 3258600000, "growth": 0.271}, "epsTrend": {"current": 0.0, "7daysAgo": 2.71, "30daysAgo": 2.71, "60daysAgo": 2.71, "90daysAgo": 2.71}, "epsRevisions": {"upLast7days": 0, "upLast30days": 0, "downLast30days": 0, "downLast90days": {}}}, {"maxAge": 1, "period": "+1q", "endDate": "2019-03-31", "growth": {}, "earningsEstimate": {"avg": 0.0, "low": 0.0, "high": 0.0, "yearAgoEps": 7.21, "numberOfAnalysts": 0, "growth": {}}, "revenueEstimate": {"avg": 3871000000, "low": 3871000000, "high": 3871000000, "numberOfAnalysts": 1, "yearAgoRevenue": 3236100000, "growth": 0.19600001}, "epsTrend": {"current": 0.0, "7daysAgo": 1.85, "30daysAgo": 1.85, "60daysAgo": 1.85, "90daysAgo": 1.85}, "epsRevisions": {"upLast7days": 0, "upLast30days": 0, "downLast30days": 0, "downLast90days": {}}}, {"maxAge": 1, "period": "0y", "endDate": "2019-03-31", "growth": {}, "earningsEstimate": {"avg": 0.0, "low": 0.0, "high": 0.0, "yearAgoEps": {}, "numberOfAnalysts": 0, "growth": {}}, "revenueEstimate": {"avg": 15815100000, "low": 15341000000, "high": 17398000000, "numberOfAnalysts": 12, "yearAgoRevenue": 13481200000, "growth": 0.173}, "epsTrend": {"current": 0.0, "7daysAgo": 9.73, "30daysAgo": 9.73, "60daysAgo": 9.73, "90daysAgo": 9.73}, "epsRevisions": {"upLast7days": 0, "upLast30days": 0, "downLast30days": 0, "downLast90days": {}}}, {"maxAge": 1, "period": "+1y", "endDate": "2020-03-31", "growth": {}, "earningsEstimate": {"avg": 0.0, "low": 0.0, "high": 0.0, "yearAgoEps": {}, "numberOfAnalysts": 0, "growth": {}}, "revenueEstimate": {"avg": 18396500000, "low": 17123000000, "high": 20596000000, "numberOfAnalysts": 13, "yearAgoRevenue": 15815100000, "growth": 0.16299999}, "epsTrend": {"current": 0.0, "7daysAgo": 12.21, "30daysAgo": 12.21, "60daysAgo": 12.21, "90daysAgo": 12.21}, "epsRevisions": {"upLast7days": 0, "upLast30days": 0, "downLast30days": 0, "downLast90days": {}}}, {"maxAge": 1, "period": "+5y", "endDate": null, "growth": 0.066, "earningsEstimate": {"avg": {}, "low": {}, "high": {}, "yearAgoEps": {}, "numberOfAnalysts": {}, "growth": {}}, "revenueEstimate": {"avg": {}, "low": {}, "high": {}, "numberOfAnalysts": {}, "yearAgoRevenue": {}, "growth": {}}, "epsTrend": {"current": {}, "7daysAgo": {}, "30daysAgo": {}, "60daysAgo": {}, "90daysAgo": {}}, "epsRevisions": {"upLast7days": {}, "upLast30days": {}, "downLast30days": {}, "downLast90days": {}}}, {"maxAge": 1, "period": "-5y", "endDate": null, "growth": {}, "earningsEstimate": {"avg": {}, "low": {}, "high": {}, "yearAgoEps": {}, "numberOfAnalysts": {}, "growth": {}}, "revenueEstimate": {"avg": {}, "low": {}, "high": {}, "numberOfAnalysts": {}, "yearAgoRevenue": {}, "growth": {}}, "epsTrend": {"current": {}, "7daysAgo": {}, "30daysAgo": {}, "60daysAgo": {}, "90daysAgo": {}}, "epsRevisions": {"upLast7days": {}, "upLast30days": {}, "downLast30days": {}, "downLast90days": {}}}], "maxAge": 1}, "financialData": {"maxAge": 86400, "currentPrice": 271.55, "targetHighPrice": 358.0, "targetLowPrice": 169.0, "targetMeanPrice": 283.08, "targetMedianPrice": 279.0, "recommendationKey": "none", "numberOfAnalystOpinions": 13, "grossProfits": 12333932000, "financialCurrency": "INR"}}}