{"INSECTICID.NS": {"assetProfile": {"address1": "401-402, Lusa Tower", "address2": "Azadpur Commercial Complex", "city": "Delhi", "zip": "110033", "country": "India", "phone": "91 11 2767 9700", "fax": "91 11 2767 9700", "website": "http://www.insecticidesindia.com", "industry": "Agricultural Inputs", "sector": "Basic Materials", "longBusinessSummary": "Insecticides (India) Limited manufactures and sells agro chemicals, pesticides, and technical products for agriculture purposes in India and internationally. The company offers insecticides, herbicides, fungicides, and PGRs and bio fertilizers. It also provides household, technical, and bulk products. The company sells its products through a network of approximately 5000 distributors and 60000 retailers under the Tractor brand name. Insecticides (India) Limited was incorporated in 1996 and is based in Delhi, India.", "fullTimeEmployees": 1276, "companyOfficers": [{"maxAge": 1, "name": "Mr. Hari Chand Aggarwal", "age": 72, "title": "Chairman & Whole Time Director", "yearBorn": 1948, "fiscalYear": 2020, "totalPay": 43825000, "exercisedValue": 0, "unexercisedValue": 0}, {"maxAge": 1, "name": "Mr. Rajesh  Aggarwal", "age": 50, "title": "CEO, MD & Exec. Director", "yearBorn": 1970, "fiscalYear": 2020, "totalPay": 43159000, "exercisedValue": 0, "unexercisedValue": 0}, {"maxAge": 1, "name": "Mr. Sandeep Kumar Aggarwal", "age": 52, "title": "Chief Financial officer", "yearBorn": 1968, "fiscalYear": 2020, "totalPay": 3452000, "exercisedValue": 0, "unexercisedValue": 0}, {"maxAge": 1, "name": "Mr. Sandeep  Kumar", "title": "Chief Compliance Officer & Company Sec.", "fiscalYear": 2020, "totalPay": 1072000, "exercisedValue": 0, "unexercisedValue": 0}, {"maxAge": 1, "name": "Ms. Nikunj  Aggarwal", "age": 47, "title": "Whole-Time Director", "yearBorn": 1973, "fiscalYear": 2020, "totalPay": 4594000, "exercisedValue": 0, "unexercisedValue": 0}, {"maxAge": 1, "name": "Mr. P. C. Pabbi", "age": 58, "title": "VP", "yearBorn": 1962, "exercisedValue": 0, "unexercisedValue": 0}, {"maxAge": 1, "name": "Mr. Shrikant S. Satwe", "age": 57, "title": "Head International Marketing & Sr. GM", "yearBorn": 1963, "exercisedValue": 0, "unexercisedValue": 0}, {"maxAge": 1, "name": "Mr. S. A. Khan", "title": "Sr. Mang. of HR", "exercisedValue": 0, "unexercisedValue": 0}, {"maxAge": 1, "name": "Dr. Mukesh Kumar Aggrwal", "age": 57, "title": "GM of R&D and GM of Production - Chopanki Plant", "yearBorn": 1963, "fiscalYear": 2006, "exercisedValue": 0, "unexercisedValue": 0}, {"maxAge": 1, "name": "Mr. Sanjay  Vats", "age": 55, "title": "Gen. Mang. of Marketing", "yearBorn": 1965, "fiscalYear": 2006, "exercisedValue": 0, "unexercisedValue": 0}], "compensationAsOfEpochDate": "2020-12-31 05:30:00", "maxAge": 86400}, "cashflowStatementHistory": {"cashflowStatements": [{"maxAge": 1, "endDate": "2020-03-31", "netIncome": 869131000, "depreciation": 237857000, "changeToNetincome": 157181000, "changeToAccountReceivables": -778582000, "changeToLiabilities": -333082000, "changeToInventory": 1858416000, "changeToOperatingActivities": 404108000, "totalCashFromOperatingActivities": 2418526000, "capitalExpenditures": -290223000, "investments": -61475000, "otherCashflowsFromInvestingActivities": 104909000, "totalCashflowsFromInvestingActivities": -240880000, "dividendsPaid": -124006000, "netBorrowings": -1193075000, "otherCashflowsFromFinancingActivities": -272669000, "totalCashFromFinancingActivities": -1589750000, "changeInCash": 587896000}, {"maxAge": 1, "endDate": "2019-03-31", "netIncome": 1228138000, "depreciation": 194207000, "changeToNetincome": 163129000, "changeToAccountReceivables": -108985000, "changeToLiabilities": 365095000, "changeToInventory": -2978170000, "changeToOperatingActivities": -197997000, "totalCashFromOperatingActivities": -1331346000, "capitalExpenditures": -379050000, "investments": 2364000, "otherCashflowsFromInvestingActivities": -117831000, "totalCashflowsFromInvestingActivities": -489909000, "dividendsPaid": -41335000, "netBorrowings": 1908999000, "otherCashflowsFromFinancingActivities": -152624000, "totalCashFromFinancingActivities": 1715040000, "changeInCash": -106215000}, {"maxAge": 1, "endDate": "2018-03-31", "netIncome": 842913000, "depreciation": 170459000, "changeToNetincome": 221619000, "changeToAccountReceivables": -244360000, "changeToLiabilities": 446724000, "changeToInventory": 184871000, "changeToOperatingActivities": 192565000, "totalCashFromOperatingActivities": 1815425000, "capitalExpenditures": -281776000, "investments": 18002000, "otherCashflowsFromInvestingActivities": 3927000, "totalCashflowsFromInvestingActivities": -258229000, "dividendsPaid": -41335000, "netBorrowings": -1220412000, "otherCashflowsFromFinancingActivities": -168303000, "totalCashFromFinancingActivities": -1430050000, "changeInCash": 127146000}, {"maxAge": 1, "endDate": "2017-03-31", "netIncome": 596989000, "depreciation": 157931000, "changeToNetincome": 271615000, "changeToAccountReceivables": -69998000, "changeToLiabilities": -130313000, "changeToInventory": -751728000, "changeToOperatingActivities": -37117000, "totalCashFromOperatingActivities": 40103000, "capitalExpenditures": -143967000, "investments": -245000, "otherCashflowsFromInvestingActivities": 2804000, "totalCashflowsFromInvestingActivities": -136402000, "dividendsPaid": -41335000, "netBorrowings": 300934000, "otherCashflowsFromFinancingActivities": -207302000, "totalCashFromFinancingActivities": 93632000, "changeInCash": -2667000}], "maxAge": 86400}, "institutionOwnership": {"maxAge": 1, "ownershipList": []}, "majorHoldersBreakdown": {"maxAge": 1, "insidersPercentHeld": 0.73898005, "institutionsPercentHeld": 0.12153, "institutionsFloatPercentHeld": 0.46557, "institutionsCount": 6}, "balanceSheetHistoryQuarterly": {"balanceSheetStatements": [{"maxAge": 1, "endDate": "2020-12-31"}, {"maxAge": 1, "endDate": "2020-09-30", "cash": 820405000, "shortTermInvestments": 43413000, "netReceivables": 3444780000, "inventory": 4869697000, "otherCurrentAssets": 415219000, "totalCurrentAssets": 9593514000, "longTermInvestments": 133207000, "propertyPlantEquipment": 2705506000, "intangibleAssets": 110141000, "otherAssets": 299246000, "totalAssets": 12841614000, "accountsPayable": 3358460000, "otherCurrentLiab": 657857000, "longTermDebt": 14420000, "otherLiab": 185247000, "totalCurrentLiabilities": 4634141000, "totalLiab": 4862977000, "commonStock": 206678000, "treasuryStock": 7771959000, "otherStockholderEquity": 7771959000, "totalStockholderEquity": 7978637000, "netTangibleAssets": 7868496000}, {"maxAge": 1, "endDate": "2020-06-30", "totalStockholderEquity": 7317286000, "netTangibleAssets": 7206346000}, {"maxAge": 1, "endDate": "2020-03-31", "cash": 677313000, "netReceivables": 3281743000, "inventory": 5192648000, "otherCurrentAssets": 618217000, "totalCurrentAssets": 9783316000, "longTermInvestments": 118945000, "propertyPlantEquipment": 2669627000, "intangibleAssets": 110940000, "otherAssets": 261382000, "totalAssets": 12944210000, "accountsPayable": 2465578000, "shortLongTermDebt": 20372000, "otherCurrentLiab": 844372000, "longTermDebt": 19053000, "otherLiab": 197166000, "totalCurrentLiabilities": 5393074000, "totalLiab": 5626924000, "commonStock": 206678000, "retainedEarnings": 6074851000, "treasuryStock": -5261000, "capitalSurplus": 1041018000, "otherStockholderEquity": -5261000, "totalStockholderEquity": 7317286000, "netTangibleAssets": 7206346000}], "maxAge": 86400}, "indexTrend": {"maxAge": 1, "symbol": "SP5", "peRatio": 19.7411, "pegRatio": 1.34172, "estimates": [{"period": "0q", "growth": 0.549}, {"period": "+1q", "growth": 0.431}, {"period": "0y", "growth": 0.305}, {"period": "+1y", "growth": 0.109}, {"period": "+5y", "growth": 0.120865}, {"period": "-5y"}]}, "defaultKeyStatistics": {"maxAge": 1, "priceHint": 2, "enterpriseValue": 9779632128, "profitMargins": 0.04632, "floatShares": 6334404, "sharesOutstanding": 20664700, "heldPercentInsiders": 0.73898005, "heldPercentInstitutions": 0.12153, "beta": 1.030607, "category": null, "bookValue": 386.023, "priceToBook": 1.2532932, "fundFamily": null, "legalType": null, "lastFiscalYearEnd": "2020-03-31 05:30:00", "nextFiscalYearEnd": "2022-03-31 05:30:00", "mostRecentQuarter": "2020-12-31 05:30:00", "earningsQuarterlyGrowth": -0.309, "netIncomeToCommon": 650049984, "trailingEps": 31.449, "lastSplitFactor": "3:2", "lastSplitDate": "2015-04-16 05:30:00", "enterpriseToRevenue": 0.697, "enterpriseToEbitda": 7.829, "52WeekChange": 0.2110138, "SandP52WeekChange": 0.48148263, "lastDividendValue": 2.0, "lastDividendDate": 1605744000}, "summaryProfile": {"address1": "401-402, Lusa Tower", "address2": "Azadpur Commercial Complex", "city": "Delhi", "zip": "110033", "country": "India", "phone": "91 11 2767 9700", "fax": "91 11 2767 9700", "website": "http://www.insecticidesindia.com", "industry": "Agricultural Inputs", "sector": "Basic Materials", "longBusinessSummary": "Insecticides (India) Limited manufactures and sells agro chemicals, pesticides, and technical products for agriculture purposes in India and internationally. The company offers insecticides, herbicides, fungicides, and PGRs and bio fertilizers. It also provides household, technical, and bulk products. The company sells its products through a network of approximately 5000 distributors and 60000 retailers under the Tractor brand name. Insecticides (India) Limited was incorporated in 1996 and is based in Delhi, India.", "fullTimeEmployees": 1276, "companyOfficers": [], "maxAge": 86400}, "netSharePurchaseActivity": {"maxAge": 1, "period": "6m", "buyInfoCount": 0, "buyInfoShares": 0, "sellInfoCount": 0, "netInfoCount": 0, "netInfoShares": 0, "netPercentInsiderShares": 0.0, "totalInsiderShares": 15298380}, "insiderTransactions": {"transactions": [{"maxAge": 1, "shares": 0, "filerUrl": "", "transactionText": "", "filerName": "Aggarwal (Sanskar)", "filerRelation": "Promoter", "moneyText": "", "startDate": "2020-10-01", "ownership": "I"}, {"maxAge": 1, "shares": 0, "filerUrl": "", "transactionText": "", "filerName": "Aggarwal (Nikunj)", "filerRelation": "Wholetime Director", "moneyText": "", "startDate": "2020-10-01", "ownership": "I"}, {"maxAge": 1, "shares": 2000000, "filerUrl": "", "transactionText": "Gift at price 0.00 per share.", "filerName": "Aggarwal (Sanskar)", "filerRelation": "Promoter", "moneyText": "", "startDate": "2020-09-30", "ownership": "D"}, {"maxAge": 1, "shares": 2000000, "filerUrl": "", "transactionText": "Gift at price 0.00 per share.", "filerName": "Aggarwal (Nikunj)", "filerRelation": "Director", "moneyText": "", "startDate": "2020-09-30", "ownership": "D"}, {"maxAge": 1, "shares": 3999796, "filerUrl": "", "transactionText": "Gift at price 0.00 per share.", "filerName": "Aggarwal (Rajesh)", "filerRelation": "Director", "moneyText": "", "startDate": "2020-09-30", "ownership": "D"}, {"maxAge": 1, "shares": 29016, "filerUrl": "", "transactionText": "", "filerName": "Aggarwal (Rajesh)", "filerRelation": "Chief Executive Officer", "moneyText": "", "startDate": "2020-03-24", "ownership": "D"}, {"maxAge": 1, "shares": 2545, "filerUrl": "", "transactionText": "", "filerName": "Aggarwal (Sonia)", "filerRelation": "UNREPORTED", "moneyText": "", "startDate": "2019-01-01", "ownership": "D"}, {"maxAge": 1, "shares": 155000, "filerUrl": "", "transactionText": "", "filerName": "Aggarwal (Rajesh)", "filerRelation": "Chief Executive Officer", "moneyText": "", "startDate": "2017-03-29", "ownership": "D"}, {"maxAge": 1, "shares": 225000, "filerUrl": "", "transactionText": "", "filerName": "Aggarwal (Rajesh) HUF", "filerRelation": "Promoter", "moneyText": "", "startDate": "2017-03-29", "ownership": "D"}, {"maxAge": 1, "shares": 380000, "filerUrl": "", "transactionText": "", "filerName": "Aggarwal (Nikunj)", "filerRelation": "Wholetime Director", "moneyText": "", "startDate": "2017-03-29", "ownership": "D"}, {"maxAge": 1, "shares": 380000, "filerUrl": "", "transactionText": "", "filerName": "Aggarwal (Nikunj)", "filerRelation": "Wholetime Director", "moneyText": "", "startDate": "2017-03-24", "ownership": "D"}, {"maxAge": 1, "shares": 155000, "filerUrl": "", "transactionText": "", "filerName": "Aggarwal (Rajesh)", "filerRelation": "Chief Executive Officer", "moneyText": "", "startDate": "2017-03-24", "ownership": "D"}, {"maxAge": 1, "shares": 225000, "filerUrl": "", "transactionText": "", "filerName": "Aggarwal (Rajesh) HUF", "filerRelation": "Promoter", "moneyText": "", "startDate": "2017-03-24", "ownership": "D"}, {"maxAge": 1, "shares": 400, "filerUrl": "", "transactionText": "", "filerName": "Agarwal (Gopal Chandra) HUF", "filerRelation": "UNREPORTED", "moneyText": "", "startDate": "2014-09-09", "ownership": "D"}, {"maxAge": 1, "shares": 600, "filerUrl": "", "transactionText": "", "filerName": "Agarwal (Anupama Rani & Gopal Chandra)", "filerRelation": "UNREPORTED", "moneyText": "", "startDate": "2014-09-09", "ownership": "D"}, {"maxAge": 1, "shares": 50000, "filerUrl": "", "transactionText": "", "filerName": "Life Insurance Corporation of India", "filerRelation": "Institution- Corporation", "moneyText": "", "startDate": "2013-02-22", "ownership": "D"}, {"maxAge": 1, "shares": 300, "filerUrl": "", "transactionText": "", "filerName": "Agarwal (Gopal Chandra) HUF", "filerRelation": "UNREPORTED", "moneyText": "", "startDate": "2011-12-07", "ownership": "D"}, {"maxAge": 1, "shares": 300, "filerUrl": "", "transactionText": "", "filerName": "Agarwal (Gopal Chandra) HUF", "filerRelation": "UNREPORTED", "moneyText": "", "startDate": "2011-12-01", "ownership": "D"}, {"maxAge": 1, "shares": 300, "filerUrl": "", "transactionText": "", "filerName": "Agarwal (Gopal Chandra) HUF", "filerRelation": "UNREPORTED", "moneyText": "", "startDate": "2011-11-28", "ownership": "D"}, {"maxAge": 1, "shares": 400, "filerUrl": "", "transactionText": "", "filerName": "Agarwal (Gopal Chandra) HUF", "filerRelation": "UNREPORTED", "moneyText": "", "startDate": "2011-11-16", "ownership": "D"}, {"maxAge": 1, "shares": 350, "filerUrl": "", "transactionText": "", "filerName": "Agarwal (Gopal Chandra) HUF", "filerRelation": "UNREPORTED", "moneyText": "", "startDate": "2011-07-25", "ownership": "D"}, {"maxAge": 1, "shares": 500, "filerUrl": "", "transactionText": "", "filerName": "Agarwal (Gopal Chandra) HUF", "filerRelation": "UNREPORTED", "moneyText": "", "startDate": "2011-07-07", "ownership": "D"}, {"maxAge": 1, "shares": 250, "filerUrl": "", "transactionText": "", "filerName": "Agarwal (Anupama Rani & Gopal Chandra)", "filerRelation": "UNREPORTED", "moneyText": "", "startDate": "2011-07-06", "ownership": "D"}, {"maxAge": 1, "shares": 200, "filerUrl": "", "transactionText": "", "filerName": "Agarwal (Gopal Chandra) HUF", "filerRelation": "UNREPORTED", "moneyText": "", "startDate": "2011-06-16", "ownership": "D"}, {"maxAge": 1, "shares": 200, "filerUrl": "", "transactionText": "", "filerName": "Agarwal (Anupama Rani & Gopal Chandra)", "filerRelation": "UNREPORTED", "moneyText": "", "startDate": "2011-06-16", "ownership": "D"}, {"maxAge": 1, "shares": 150, "filerUrl": "", "transactionText": "", "filerName": "Agarwal (Anupama Rani & Gopal Chandra)", "filerRelation": "UNREPORTED", "moneyText": "", "startDate": "2011-06-15", "ownership": "D"}, {"maxAge": 1, "shares": 136781, "filerUrl": "", "transactionText": "", "filerName": "Acacia Conservation Fund LP", "filerRelation": "Investment Advisor", "moneyText": "", "startDate": "2011-02-21", "ownership": "D"}, {"maxAge": 1, "shares": 104208, "filerUrl": "", "transactionText": "", "filerName": "Acacia Conservation Fund LP", "filerRelation": "Investment Advisor", "moneyText": "", "startDate": "2011-02-21", "ownership": "D"}, {"maxAge": 1, "shares": 31880, "filerUrl": "", "transactionText": "", "filerName": "Acacia Conservation Fund LP", "filerRelation": "Investment Advisor", "moneyText": "", "startDate": "2011-02-21", "ownership": "D"}, {"maxAge": 1, "shares": 332, "filerUrl": "", "transactionText": "", "filerName": "Acacia Conservation Fund LP", "filerRelation": "Investment Advisor", "moneyText": "", "startDate": "2011-02-21", "ownership": "D"}, {"maxAge": 1, "shares": 45000, "filerUrl": "", "transactionText": "", "filerName": "Acacia Conservation Fund LP", "filerRelation": "Investment Advisor", "moneyText": "", "startDate": "2011-02-21", "ownership": "D"}, {"maxAge": 1, "shares": 90756, "filerUrl": "", "transactionText": "", "filerName": "Acacia Conservation Fund LP", "filerRelation": "Investment Advisor", "moneyText": "", "startDate": "2011-02-21", "ownership": "D"}, {"maxAge": 1, "shares": 600, "filerUrl": "", "transactionText": "", "filerName": "Agarwal (Anupama Rani & Gopal Chandra)", "filerRelation": "UNREPORTED", "moneyText": "", "startDate": "2011-02-21", "ownership": "D"}, {"maxAge": 1, "shares": 1700, "filerUrl": "", "transactionText": "", "filerName": "Agarwal (Gopal Chandra) HUF", "filerRelation": "UNREPORTED", "moneyText": "", "startDate": "2011-02-21", "ownership": "D"}, {"maxAge": 1, "shares": 1000, "filerUrl": "", "transactionText": "", "filerName": "Agarwal (Anupama Rani & Gopal Chandra)", "filerRelation": "UNREPORTED", "moneyText": "", "startDate": "2010-06-16", "ownership": "D"}, {"maxAge": 1, "shares": 1500, "filerUrl": "", "transactionText": "", "filerName": "Agarwal (Gopal Chandra) HUF", "filerRelation": "UNREPORTED", "moneyText": "", "startDate": "2010-06-16", "ownership": "D"}], "maxAge": 1}, "quoteType": {"exchange": "NSI", "quoteType": "EQUITY", "symbol": "INSECTICID.NS", "underlyingSymbol": "INSECTICID.NS", "shortName": "INSECTICIDES INDIA", "longName": "Insecticides (India) Limited", "firstTradeDateEpochUtc": "2007-05-30 09:15:00", "timeZoneFullName": "Asia/Kolkata", "timeZoneShortName": "IST", "uuid": "ffb53153-094a-32f0-8260-7c6f9d883a1e", "messageBoardId": "finmb_34181162", "gmtOffSetMilliseconds": 19800000, "maxAge": 1}, "incomeStatementHistory": {"incomeStatementHistory": [{"maxAge": 1, "endDate": "2020-03-31", "totalRevenue": 13632196000, "costOfRevenue": 10124496000, "grossProfit": 3507700000, "researchDevelopment": {}, "sellingGeneralAdministrative": 812522000, "nonRecurring": {}, "otherOperatingExpenses": 1082899000, "totalOperatingExpenses": 12261271000, "operatingIncome": 1370925000, "totalOtherIncomeExpenseNet": -257589000, "ebit": 1370925000, "interestExpense": -205618000, "incomeBeforeTax": 1113336000, "incomeTaxExpense": 244205000, "minorityInterest": {}, "netIncomeFromContinuingOps": 869131000, "discontinuedOperations": {}, "extraordinaryItems": {}, "effectOfAccountingCharges": {}, "otherItems": {}, "netIncome": 869131000, "netIncomeApplicableToCommonShares": 869131000}, {"maxAge": 1, "endDate": "2019-03-31", "totalRevenue": 11935094000, "costOfRevenue": 8253988000, "grossProfit": 3681106000, "researchDevelopment": {}, "sellingGeneralAdministrative": 754375000, "nonRecurring": {}, "otherOperatingExpenses": 1008382000, "totalOperatingExpenses": 10215863000, "operatingIncome": 1719231000, "totalOtherIncomeExpenseNet": -185096000, "ebit": 1719231000, "interestExpense": -123852000, "incomeBeforeTax": 1534135000, "incomeTaxExpense": 305997000, "minorityInterest": {}, "netIncomeFromContinuingOps": 1228138000, "discontinuedOperations": {}, "extraordinaryItems": {}, "effectOfAccountingCharges": {}, "otherItems": {}, "netIncome": 1228138000, "netIncomeApplicableToCommonShares": 1228138000}, {"maxAge": 1, "endDate": "2018-03-31", "totalRevenue": 10732512000, "costOfRevenue": 7663032000, "grossProfit": 3069480000, "researchDevelopment": {}, "sellingGeneralAdministrative": 701999000, "nonRecurring": {}, "otherOperatingExpenses": 869430000, "totalOperatingExpenses": 9407184000, "operatingIncome": 1325328000, "totalOtherIncomeExpenseNet": -141179000, "ebit": 1325328000, "interestExpense": -143450000, "incomeBeforeTax": 1184149000, "incomeTaxExpense": 341236000, "minorityInterest": {}, "netIncomeFromContinuingOps": 842913000, "discontinuedOperations": {}, "extraordinaryItems": {}, "effectOfAccountingCharges": {}, "otherItems": {}, "netIncome": 842913000, "netIncomeApplicableToCommonShares": 842913000}, {"maxAge": 1, "endDate": "2017-03-31", "totalRevenue": 9942100000, "costOfRevenue": 7460551000, "grossProfit": 2481549000, "researchDevelopment": {}, "sellingGeneralAdministrative": 540843000, "nonRecurring": {}, "otherOperatingExpenses": 822874000, "totalOperatingExpenses": 8984289000, "operatingIncome": 957811000, "totalOtherIncomeExpenseNet": -135149000, "ebit": 957811000, "interestExpense": -160660000, "incomeBeforeTax": 822662000, "incomeTaxExpense": 225673000, "minorityInterest": {}, "netIncomeFromContinuingOps": 596989000, "discontinuedOperations": {}, "extraordinaryItems": {}, "effectOfAccountingCharges": {}, "otherItems": {}, "netIncome": 596989000, "netIncomeApplicableToCommonShares": 596989000}], "maxAge": 86400}, "fundOwnership": {"maxAge": 1, "ownershipList": [{"maxAge": 1, "reportDate": "2021-01-31", "organization": "Fidelity Series Intrinsic Opportunities Fund", "pctHeld": 0.0026, "position": 53200, "value": 25778060}]}, "summaryDetail": {"maxAge": 1, "priceHint": 2, "previousClose": 484.1, "open": 476.0, "dayLow": 476.0, "dayHigh": 486.95, "regularMarketPreviousClose": 484.1, "regularMarketOpen": 476.0, "regularMarketDayLow": 476.0, "regularMarketDayHigh": 486.95, "dividendRate": 6.0, "dividendYield": 0.0124, "exDividendDate": "2020-11-19 05:30:00", "payoutRatio": 0.1908, "beta": 1.030607, "trailingPE": 15.383636, "volume": 10662, "regularMarketVolume": 10662, "averageVolume": 62113, "averageVolume10days": 36169, "averageDailyVolume10Day": 36169, "bid": 0.0, "ask": 0.0, "bidSize": 0, "askSize": 0, "marketCap": 10001741824, "fiftyTwoWeekLow": 352.0, "fiftyTwoWeekHigh": 557.9, "priceToSalesTrailing12Months": 0.71273506, "fiftyDayAverage": 466.7143, "twoHundredDayAverage": 464.17465, "trailingAnnualDividendRate": 2.0, "trailingAnnualDividendYield": 0.0041313777, "currency": "INR", "fromCurrency": null, "toCurrency": null, "lastMarket": null, "algorithm": null, "tradeable": false}, "incomeStatementHistoryQuarterly": {"incomeStatementHistory": [{"maxAge": 1, "endDate": "2020-12-31", "totalRevenue": 3002052000, "costOfRevenue": 2361150000, "grossProfit": 640902000, "researchDevelopment": {}, "sellingGeneralAdministrative": 175824000, "nonRecurring": {}, "otherOperatingExpenses": 304037000, "totalOperatingExpenses": 2902870000, "operatingIncome": 99182000, "totalOtherIncomeExpenseNet": -17098000, "ebit": 99182000, "interestExpense": -18605000, "incomeBeforeTax": 82084000, "incomeTaxExpense": 20599000, "minorityInterest": {}, "netIncomeFromContinuingOps": 61485000, "discontinuedOperations": {}, "extraordinaryItems": {}, "effectOfAccountingCharges": {}, "otherItems": {}, "netIncome": 61485000, "netIncomeApplicableToCommonShares": 61485000}, {"maxAge": 1, "endDate": "2020-09-30", "totalRevenue": 4558480000, "costOfRevenue": 3410722000, "grossProfit": 1147758000, "researchDevelopment": {}, "sellingGeneralAdministrative": 203203000, "nonRecurring": {}, "otherOperatingExpenses": 367070000, "totalOperatingExpenses": 4042941000, "operatingIncome": 515539000, "totalOtherIncomeExpenseNet": 38504000, "ebit": 515539000, "interestExpense": -14049000, "incomeBeforeTax": 554043000, "incomeTaxExpense": 137980000, "minorityInterest": {}, "netIncomeFromContinuingOps": 416063000, "discontinuedOperations": {}, "extraordinaryItems": {}, "effectOfAccountingCharges": {}, "otherItems": {}, "netIncome": 416063000, "netIncomeApplicableToCommonShares": 416063000}, {"maxAge": 1, "endDate": "2020-06-30", "totalRevenue": 4095989000, "costOfRevenue": 3148679000, "grossProfit": 947310000, "researchDevelopment": {}, "sellingGeneralAdministrative": 195180000, "nonRecurring": {}, "otherOperatingExpenses": 260054000, "totalOperatingExpenses": 3664919000, "operatingIncome": 431070000, "totalOtherIncomeExpenseNet": -108388000, "ebit": 431070000, "interestExpense": -22460000, "incomeBeforeTax": 322682000, "incomeTaxExpense": 79041000, "minorityInterest": {}, "netIncomeFromContinuingOps": 243641000, "discontinuedOperations": {}, "extraordinaryItems": {}, "effectOfAccountingCharges": {}, "otherItems": {}, "netIncome": 243641000, "netIncomeApplicableToCommonShares": 243641000}, {"maxAge": 1, "endDate": "2020-03-31", "totalRevenue": 2386690000, "costOfRevenue": 1937251000, "grossProfit": 449439000, "researchDevelopment": {}, "sellingGeneralAdministrative": 223168000, "nonRecurring": {}, "otherOperatingExpenses": 197363000, "totalOperatingExpenses": 2419685000, "operatingIncome": -32995000, "totalOtherIncomeExpenseNet": -111575000, "ebit": -32995000, "interestExpense": -18094000, "incomeBeforeTax": -144570000, "incomeTaxExpense": -73431000, "minorityInterest": {}, "netIncomeFromContinuingOps": -71139000, "discontinuedOperations": {}, "extraordinaryItems": {}, "effectOfAccountingCharges": {}, "otherItems": {}, "netIncome": -71139000, "netIncomeApplicableToCommonShares": -71139000}], "maxAge": 86400}, "cashflowStatementHistoryQuarterly": {"cashflowStatements": [{"maxAge": 1, "endDate": "2020-12-31", "netIncome": 61485000, "changeToLiabilities": 0}, {"maxAge": 1, "endDate": "2020-09-30", "netIncome": 416063000, "changeToLiabilities": 0}, {"maxAge": 1, "endDate": "2020-06-30", "netIncome": 243641000, "changeToLiabilities": 0}, {"maxAge": 1, "endDate": "2020-03-31", "netIncome": -71139000, "changeToLiabilities": 0}], "maxAge": 86400}, "insiderHolders": {"holders": [{"maxAge": 1, "name": "Acacia Conservation Fund LP", "relation": "Investment Advisor", "url": "", "transactionDescription": "Acquisition", "latestTransDate": "2011-02-21", "positionDirect": 659090, "positionDirectDate": "2011-02-21"}, {"maxAge": 1, "name": "Agarwal (Anupama Rani & Gopal Chandra)", "relation": "UNREPORTED", "url": "", "transactionDescription": "Sale", "latestTransDate": "2014-09-09", "positionDirect": 400, "positionDirectDate": "2014-09-09"}, {"maxAge": 1, "name": "Agarwal (Gopal Chandra) HUF", "relation": "UNREPORTED", "url": "", "transactionDescription": "Sale", "latestTransDate": "2014-09-09", "positionDirect": 450, "positionDirectDate": "2014-09-09"}, {"maxAge": 1, "name": "Aggarwal (Nikunj)", "relation": "Wholetime Director", "url": "", "transactionDescription": "Other", "latestTransDate": "2020-10-01", "positionIndirect": 3125000, "positionIndirectDate": 1601510400}, {"maxAge": 1, "name": "Aggarwal (Rajesh)", "relation": "Director", "url": "", "transactionDescription": "Gift", "latestTransDate": "2020-09-30", "positionDirect": 1322120, "positionDirectDate": "2020-09-30"}, {"maxAge": 1, "name": "Aggarwal (Rajesh) HUF", "relation": "Promoter", "url": "", "transactionDescription": "Other", "latestTransDate": "2017-03-29", "positionDirect": 1953000, "positionDirectDate": "2017-03-29"}, {"maxAge": 1, "name": "Aggarwal (Sanskar)", "relation": "Promoter", "url": "", "transactionDescription": "Other", "latestTransDate": "2020-10-01", "positionIndirect": 2901800, "positionIndirectDate": 1601510400}, {"maxAge": 1, "name": "Aggarwal (Sonia)", "relation": "UNREPORTED", "url": "", "transactionDescription": "Acquisition", "latestTransDate": "2019-01-01", "positionDirect": 2545, "positionDirectDate": "2019-01-01"}, {"maxAge": 1, "name": "Life Insurance Corporation of India", "relation": "Institution- Corporation", "url": "", "transactionDescription": "Acquisition", "latestTransDate": "2013-02-22", "positionDirect": 675000, "positionDirectDate": "2013-02-22"}], "maxAge": 1}, "calendarEvents": {"maxAge": 1, "earnings": {"earningsDate": []}, "exDividendDate": "2020-11-19 05:30:00"}, "price": {"maxAge": 1, "regularMarketChangePercent": -0.0006197445, "regularMarketChange": -0.3000183, "regularMarketTime": "2021-04-30 15:29:16", "priceHint": 2, "regularMarketPrice": 483.8, "regularMarketDayHigh": 486.95, "regularMarketDayLow": 476.0, "regularMarketVolume": 10662, "averageDailyVolume10Day": 36169, "averageDailyVolume3Month": 62113, "regularMarketPreviousClose": 484.1, "regularMarketSource": "FREE_REALTIME", "regularMarketOpen": 476.0, "exchange": "NSI", "exchangeName": "NSE", "exchangeDataDelayedBy": 15, "marketState": "CLOSED", "quoteType": "EQUITY", "symbol": "INSECTICID.NS", "underlyingSymbol": null, "shortName": "INSECTICIDES INDIA", "longName": "Insecticides (India) Limited", "currency": "INR", "quoteSourceName": "Delayed Quote", "currencySymbol": "\u20b9", "fromCurrency": null, "toCurrency": null, "lastMarket": null, "marketCap": 10001741824}, "balanceSheetHistory": {"balanceSheetStatements": [{"maxAge": 1, "endDate": "2020-03-31", "cash": 677313000, "netReceivables": 3281743000, "inventory": 5192648000, "otherCurrentAssets": 618217000, "totalCurrentAssets": 9783316000, "longTermInvestments": 118945000, "propertyPlantEquipment": 2669627000, "intangibleAssets": 110940000, "otherAssets": 261382000, "totalAssets": 12944210000, "accountsPayable": 2465578000, "shortLongTermDebt": 20372000, "otherCurrentLiab": 844372000, "longTermDebt": 19053000, "otherLiab": 197166000, "totalCurrentLiabilities": 5393074000, "totalLiab": 5626924000, "commonStock": 206678000, "retainedEarnings": 6074851000, "treasuryStock": -5261000, "capitalSurplus": 1041018000, "otherStockholderEquity": -5261000, "totalStockholderEquity": 7317286000, "netTangibleAssets": 7206346000}, {"maxAge": 1, "endDate": "2019-03-31", "cash": 89417000, "shortTermInvestments": 43102000, "netReceivables": 2607640000, "inventory": 7051065000, "otherCurrentAssets": 863406000, "totalCurrentAssets": 10624283000, "longTermInvestments": 124864000, "propertyPlantEquipment": 2498645000, "intangibleAssets": 93366000, "otherAssets": 214308000, "totalAssets": 13555466000, "accountsPayable": 2798660000, "shortLongTermDebt": 87160000, "otherCurrentLiab": 712262000, "longTermDebt": 13160000, "otherLiab": 186180000, "totalCurrentLiabilities": 6736088000, "totalLiab": 6935428000, "commonStock": 206678000, "retainedEarnings": 5366631000, "treasuryStock": 5711000, "capitalSurplus": 1041018000, "otherStockholderEquity": 5711000, "totalStockholderEquity": 6620038000, "netTangibleAssets": 6526672000}, {"maxAge": 1, "endDate": "2018-03-31", "cash": 195632000, "netReceivables": 2378138000, "inventory": 4072895000, "otherCurrentAssets": 533638000, "totalCurrentAssets": 7194928000, "longTermInvestments": 165118000, "propertyPlantEquipment": 2410597000, "intangibleAssets": 73323000, "otherAssets": 159137000, "totalAssets": 10003103000, "accountsPayable": 2433565000, "shortLongTermDebt": 93104000, "otherCurrentLiab": 627977000, "longTermDebt": 82841000, "otherLiab": 194086000, "totalCurrentLiabilities": 4247765000, "totalLiab": 4524692000, "commonStock": 206678000, "retainedEarnings": 4191981000, "treasuryStock": 38734000, "capitalSurplus": 1041018000, "otherStockholderEquity": 38734000, "totalStockholderEquity": 5478411000, "netTangibleAssets": 5405088000}, {"maxAge": 1, "endDate": "2017-03-31", "cash": 68486000, "netReceivables": 2155115000, "inventory": 4257766000, "otherCurrentAssets": 655736000, "totalCurrentAssets": 7151667000, "longTermInvestments": 109843000, "propertyPlantEquipment": 2383170000, "intangibleAssets": 44560000, "otherAssets": 94181000, "totalAssets": 9783421000, "accountsPayable": 1986841000, "shortLongTermDebt": 152650000, "otherCurrentLiab": 575364000, "longTermDebt": 154176000, "otherLiab": 94337000, "totalCurrentLiabilities": 4890024000, "totalLiab": 5138537000, "commonStock": 206678000, "retainedEarnings": 3397438000, "treasuryStock": -250000, "capitalSurplus": 1041018000, "otherStockholderEquity": -250000, "totalStockholderEquity": 4644884000, "netTangibleAssets": 4600324000}], "maxAge": 86400}, "financialData": {"maxAge": 86400, "currentPrice": 483.8, "recommendationKey": "none", "totalCash": 863817984, "totalCashPerShare": 41.726, "ebitda": 1249081216, "totalDebt": 621601984, "totalRevenue": 14032903168, "debtToEquity": 7.791, "revenuePerShare": 678.961, "grossProfits": 3507700000, "earningsGrowth": -0.309, "revenueGrowth": 0.138, "grossMargins": 0.22625999, "ebitdaMargins": 0.08901, "operatingMargins": 0.07258, "profitMargins": 0.04632, "financialCurrency": "INR"}}}