{"INSPIRISYS.NS": {"assetProfile": {"address1": "Dowlath Towers", "address2": "First Floor New Doors Nos. 57, 59, 61 & 63 Taylors Road, Kilpauk", "city": "Chennai", "zip": "600010", "country": "India", "phone": "91 44 4225 2000", "fax": "91 44 2642 4271", "website": "http://www.inspirisys.com", "industry": "Information Technology Services", "sector": "Technology", "longBusinessSummary": "Inspirisys Solutions Limited operates as an information technology services and consulting company in India and internationally. The company provides endpoint, network, application, data, and mobile security services; and risk and compliance, malware defense, and consulting services. It also offers cloud solutions, including infrastructure as a service, platform as a service, application services, and management services; and Internet of Things (IoT) solutions, such as research and development (R&D) services, IoT system integration, outsourced support of IoT system development, custom IoT solution design and development, support of IoT applications/systems, and digital transformation services. In addition, the company provides infrastructure solutions comprising data center, network, workplace transformation, tools and services automation, managed services, staff augmentation services, and digital kiosk, as well as audit, consulting, and professional services. Further, it offers product engineering and development solutions, such as banking solutions, payment suite for government, business intelligence solutions, artificial intelligence solutions, robotic process automation solutions, multi-function banking kiosks, and application development and maintenance services. Additionally, the company offers warranty management services, including onsite warranty support, return to bench, repairs and refurbishments, logistics, customized CRM software solution, extended warranty program, data recovery, and warehouse support services. It serves BFSI, telecom, government/PSU, manufacturing, and healthcare industries. The company was formerly known as Accel Frontline Limited and changed its name to Inspirisys Solutions Limited in September 2018. The company was founded in 1991 and is based in Chennai, India. Inspirisys Solutions Limited is a subsidiary of CAC Holdings Corporation.", "fullTimeEmployees": 1922, "companyOfficers": [{"maxAge": 1, "name": "Mr. Malcolm Farrokh Mehta", "age": 52, "title": "Chairman & CEO", "yearBorn": 1968, "exercisedValue": 0, "unexercisedValue": 0}, {"maxAge": 1, "name": "Mr. Murali  Gopalakrishnan", "age": 54, "title": "Chief Financial Officer", "yearBorn": 1966, "fiscalYear": 2020, "totalPay": 8168000, "exercisedValue": 0, "unexercisedValue": 0}, {"maxAge": 1, "name": "Mr. S.  Sundaramurthy", "title": "Company Sec. & Compliance Officer", "fiscalYear": 2020, "totalPay": 2233000, "exercisedValue": 0, "unexercisedValue": 0}, {"maxAge": 1, "name": "Mr. Maqbool  Hassan", "age": 54, "title": "Pres of India Sales - Enterprise Solutions & Services and COO", "yearBorn": 1966, "fiscalYear": 2018, "exercisedValue": 0, "unexercisedValue": 0}, {"maxAge": 1, "name": "Mr. John  Rekesh", "title": "CTO - Corp. Affairs", "exercisedValue": 0, "unexercisedValue": 0}, {"maxAge": 1, "name": "Mr. Vibhuti  Pandey", "title": "VP of HR & Admin", "exercisedValue": 0, "unexercisedValue": 0}, {"maxAge": 1, "name": "Mr. Jayesh  Ahluwalia", "age": 54, "title": "Pres of India Sales - IT Infra Products", "yearBorn": 1966, "fiscalYear": 2018, "exercisedValue": 0, "unexercisedValue": 0}, {"maxAge": 1, "name": "Mr. Milind  Kalurkar", "title": "Pres of International Sales", "exercisedValue": 0, "unexercisedValue": 0}, {"maxAge": 1, "name": "Mr. Satyen H. Parikh", "title": "Pres of Corp.", "exercisedValue": 0, "unexercisedValue": 0}, {"maxAge": 1, "name": "Mr. Jayaraj  Kannan", "age": 45, "title": "Head of MSG", "yearBorn": 1975, "exercisedValue": 0, "unexercisedValue": 0}], "compensationAsOfEpochDate": "2020-12-31 05:30:00", "maxAge": 86400}, "cashflowStatementHistory": {"cashflowStatements": [{"maxAge": 1, "endDate": "2020-03-31", "netIncome": 24100000, "depreciation": 78100000, "changeToNetincome": 89900000, "changeToAccountReceivables": 732700000, "changeToLiabilities": -429100000, "changeToInventory": 5900000, "changeToOperatingActivities": -77800000, "totalCashFromOperatingActivities": 423800000, "capitalExpenditures": -49200000, "otherCashflowsFromInvestingActivities": 19300000, "totalCashflowsFromInvestingActivities": -29700000, "netBorrowings": -552200000, "otherCashflowsFromFinancingActivities": -117000000, "totalCashFromFinancingActivities": -363700000, "effectOfExchangeRate": 5400000, "changeInCash": 35800000, "issuanceOfStock": 305500000}, {"maxAge": 1, "endDate": "2019-03-31", "netIncome": 6700000, "depreciation": 46900000, "changeToNetincome": 184800000, "changeToAccountReceivables": -804600000, "changeToLiabilities": 451200000, "changeToInventory": -2600000, "changeToOperatingActivities": 121500000, "totalCashFromOperatingActivities": 3900000, "capitalExpenditures": -17200000, "otherCashflowsFromInvestingActivities": 43400000, "totalCashflowsFromInvestingActivities": 27300000, "netBorrowings": -93000000, "otherCashflowsFromFinancingActivities": -163000000, "totalCashFromFinancingActivities": 6900000, "effectOfExchangeRate": -9200000, "changeInCash": 28900000, "issuanceOfStock": 262900000}, {"maxAge": 1, "endDate": "2018-03-31", "netIncome": 98600000, "depreciation": 67200000, "changeToNetincome": 89900000, "changeToAccountReceivables": 264100000, "changeToLiabilities": -41800000, "changeToInventory": 73100000, "changeToOperatingActivities": -82000000, "totalCashFromOperatingActivities": 469100000, "capitalExpenditures": -61600000, "otherCashflowsFromInvestingActivities": 1800000, "totalCashflowsFromInvestingActivities": 54600000, "netBorrowings": -756500000, "otherCashflowsFromFinancingActivities": -155000000, "totalCashFromFinancingActivities": -911500000, "effectOfExchangeRate": 6400000, "changeInCash": -381400000, "issuanceOfStock": 262900000}, {"maxAge": 1, "endDate": "2017-03-31", "netIncome": -243600000, "depreciation": 72900000, "changeToNetincome": 522000000, "changeToAccountReceivables": -261400000, "changeToLiabilities": 37900000, "changeToInventory": -17400000, "changeToOperatingActivities": -26400000, "totalCashFromOperatingActivities": 84000000, "capitalExpenditures": -77800000, "otherCashflowsFromInvestingActivities": -2300000, "totalCashflowsFromInvestingActivities": -80000000, "netBorrowings": 422900000, "otherCashflowsFromFinancingActivities": -265500000, "totalCashFromFinancingActivities": 157400000, "effectOfExchangeRate": -32500000, "changeInCash": 128900000, "issuanceOfStock": 262900000}], "maxAge": 86400}, "institutionOwnership": {"maxAge": 1, "ownershipList": []}, "majorHoldersBreakdown": {"maxAge": 1, "insidersPercentHeld": 0.82397, "institutionsPercentHeld": 0.0, "institutionsFloatPercentHeld": 0.0, "institutionsCount": 0}, "balanceSheetHistoryQuarterly": {"balanceSheetStatements": [{"maxAge": 1, "endDate": "2020-12-31", "totalStockholderEquity": 119000000, "netTangibleAssets": 11800000}, {"maxAge": 1, "endDate": "2020-09-30", "cash": 207600000, "shortTermInvestments": 35600000, "netReceivables": 1352200000, "inventory": 89200000, "otherCurrentAssets": 421000000, "totalCurrentAssets": 2105600000, "propertyPlantEquipment": 121500000, "goodWill": 64000000, "intangibleAssets": 43200000, "otherAssets": 641500000, "totalAssets": 2975800000, "accountsPayable": 637100000, "otherCurrentLiab": 947400000, "longTermDebt": 332300000, "otherLiab": 87800000, "totalCurrentLiabilities": 2393800000, "totalLiab": 2856800000, "commonStock": 396200000, "treasuryStock": -277200000, "otherStockholderEquity": -277200000, "totalStockholderEquity": 119000000, "netTangibleAssets": 11800000}, {"maxAge": 1, "endDate": "2020-06-30", "totalStockholderEquity": 176400000, "netTangibleAssets": 70200000}, {"maxAge": 1, "endDate": "2020-03-31", "cash": 153800000, "netReceivables": 1478900000, "inventory": 99600000, "otherCurrentAssets": 59300000, "totalCurrentAssets": 2059900000, "propertyPlantEquipment": 140400000, "goodWill": 64000000, "intangibleAssets": 42200000, "otherAssets": 764500000, "totalAssets": 3071000000, "accountsPayable": 571300000, "shortLongTermDebt": 25000000, "otherCurrentLiab": 414300000, "longTermDebt": 572900000, "otherLiab": 78900000, "totalCurrentLiabilities": 2176600000, "totalLiab": 2894600000, "commonStock": 396200000, "retainedEarnings": -1341300000, "treasuryStock": -34000000, "capitalSurplus": 1155500000, "otherStockholderEquity": -34000000, "totalStockholderEquity": 176400000, "netTangibleAssets": 70200000}], "maxAge": 86400}, "indexTrend": {"maxAge": 1, "symbol": "SP5", "peRatio": 19.7411, "pegRatio": 1.34172, "estimates": [{"period": "0q", "growth": 0.549}, {"period": "+1q", "growth": 0.431}, {"period": "0y", "growth": 0.305}, {"period": "+1y", "growth": 0.109}, {"period": "+5y", "growth": 0.120865}, {"period": "-5y"}]}, "defaultKeyStatistics": {"maxAge": 1, "priceHint": 2, "enterpriseValue": 2867300096, "profitMargins": -0.0084, "floatShares": 9730800, "sharesOutstanding": 39616900, "heldPercentInsiders": 0.82397, "heldPercentInstitutions": 0.0, "beta": 0.744632, "category": null, "bookValue": 3.0, "priceToBook": 15.916667, "fundFamily": null, "legalType": null, "lastFiscalYearEnd": "2020-03-31 05:30:00", "nextFiscalYearEnd": "2022-03-31 05:30:00", "mostRecentQuarter": "2020-12-31 05:30:00", "netIncomeToCommon": -34300000, "trailingEps": -0.861, "lastSplitFactor": null, "enterpriseToRevenue": 0.703, "enterpriseToEbitda": 31.815, "52WeekChange": 1.3464375, "SandP52WeekChange": 0.48148263, "lastDividendValue": 1.5, "lastDividendDate": 1355184000}, "summaryProfile": {"address1": "Dowlath Towers", "address2": "First Floor New Doors Nos. 57, 59, 61 & 63 Taylors Road, Kilpauk", "city": "Chennai", "zip": "600010", "country": "India", "phone": "91 44 4225 2000", "fax": "91 44 2642 4271", "website": "http://www.inspirisys.com", "industry": "Information Technology Services", "sector": "Technology", "longBusinessSummary": "Inspirisys Solutions Limited operates as an information technology services and consulting company in India and internationally. The company provides endpoint, network, application, data, and mobile security services; and risk and compliance, malware defense, and consulting services. It also offers cloud solutions, including infrastructure as a service, platform as a service, application services, and management services; and Internet of Things (IoT) solutions, such as research and development (R&D) services, IoT system integration, outsourced support of IoT system development, custom IoT solution design and development, support of IoT applications/systems, and digital transformation services. In addition, the company provides infrastructure solutions comprising data center, network, workplace transformation, tools and services automation, managed services, staff augmentation services, and digital kiosk, as well as audit, consulting, and professional services. Further, it offers product engineering and development solutions, such as banking solutions, payment suite for government, business intelligence solutions, artificial intelligence solutions, robotic process automation solutions, multi-function banking kiosks, and application development and maintenance services. Additionally, the company offers warranty management services, including onsite warranty support, return to bench, repairs and refurbishments, logistics, customized CRM software solution, extended warranty program, data recovery, and warehouse support services. It serves BFSI, telecom, government/PSU, manufacturing, and healthcare industries. The company was formerly known as Accel Frontline Limited and changed its name to Inspirisys Solutions Limited in September 2018. The company was founded in 1991 and is based in Chennai, India. Inspirisys Solutions Limited is a subsidiary of CAC Holdings Corporation.", "fullTimeEmployees": 1922, "companyOfficers": [], "maxAge": 86400}, "netSharePurchaseActivity": {"maxAge": 1, "period": "6m", "buyInfoCount": 0, "buyInfoShares": 0, "sellInfoCount": 0, "netInfoCount": 0, "netInfoShares": 0, "netPercentInsiderShares": 0.0, "totalInsiderShares": 32958800}, "insiderTransactions": {"transactions": [{"maxAge": 1, "shares": 11478488, "value": 11168568, "filerUrl": "", "transactionText": "Bought at price 0.97 per share.", "filerName": "Accel Ltd", "filerRelation": "", "moneyText": "", "startDate": "2011-08-05", "ownership": "D"}, {"maxAge": 1, "shares": 11478488, "value": 11168568, "filerUrl": "", "transactionText": "Sold at price 0.97 per share.", "filerName": "BT Group Plc", "filerRelation": "", "moneyText": "", "startDate": "2011-08-05", "ownership": "D"}], "maxAge": 1}, "quoteType": {"exchange": "NSI", "quoteType": "EQUITY", "symbol": "INSPIRISYS.NS", "underlyingSymbol": "INSPIRISYS.NS", "shortName": "INSPIRISYS SOLUTIO", "longName": "Inspirisys Solutions Limited", "firstTradeDateEpochUtc": "2006-10-30 09:15:00", "timeZoneFullName": "Asia/Kolkata", "timeZoneShortName": "IST", "uuid": "4db42d0a-b104-35ac-ba00-fb3baf35ae86", "messageBoardId": "finmb_737249", "gmtOffSetMilliseconds": 19800000, "maxAge": 1}, "incomeStatementHistory": {"incomeStatementHistory": [{"maxAge": 1, "endDate": "2020-03-31", "totalRevenue": 4584900000, "costOfRevenue": 2868000000, "grossProfit": 1716900000, "researchDevelopment": {}, "sellingGeneralAdministrative": 63300000, "nonRecurring": {}, "otherOperatingExpenses": 1409600000, "totalOperatingExpenses": 4449100000, "operatingIncome": 135800000, "totalOtherIncomeExpenseNet": -80500000, "ebit": 135800000, "interestExpense": -135200000, "incomeBeforeTax": 55300000, "incomeTaxExpense": 31200000, "minorityInterest": {}, "netIncomeFromContinuingOps": 24100000, "discontinuedOperations": {}, "extraordinaryItems": {}, "effectOfAccountingCharges": {}, "otherItems": {}, "netIncome": 24100000, "netIncomeApplicableToCommonShares": 24100000}, {"maxAge": 1, "endDate": "2019-03-31", "totalRevenue": 5464100000, "costOfRevenue": 4067300000, "grossProfit": 1396800000, "researchDevelopment": {}, "sellingGeneralAdministrative": 119400000, "nonRecurring": {}, "otherOperatingExpenses": 1017600000, "totalOperatingExpenses": 5269700000, "operatingIncome": 194400000, "totalOtherIncomeExpenseNet": -153900000, "ebit": 194400000, "interestExpense": -169100000, "incomeBeforeTax": 40500000, "incomeTaxExpense": 33800000, "minorityInterest": {}, "netIncomeFromContinuingOps": 6700000, "discontinuedOperations": {}, "extraordinaryItems": {}, "effectOfAccountingCharges": {}, "otherItems": {}, "netIncome": 6700000, "netIncomeApplicableToCommonShares": 6700000}, {"maxAge": 1, "endDate": "2018-03-31", "totalRevenue": 4844100000, "costOfRevenue": 3626600000, "grossProfit": 1217500000, "researchDevelopment": {}, "sellingGeneralAdministrative": 117700000, "nonRecurring": {}, "otherOperatingExpenses": 979800000, "totalOperatingExpenses": 4918200000, "operatingIncome": -74100000, "totalOtherIncomeExpenseNet": -291800000, "ebit": -74100000, "interestExpense": -173400000, "incomeBeforeTax": -365900000, "incomeTaxExpense": 20900000, "minorityInterest": {}, "netIncomeFromContinuingOps": -386800000, "discontinuedOperations": 507800000, "extraordinaryItems": {}, "effectOfAccountingCharges": {}, "otherItems": {}, "netIncome": 98600000, "netIncomeApplicableToCommonShares": 98600000}, {"maxAge": 1, "endDate": "2017-03-31", "totalRevenue": 4938600000, "costOfRevenue": 3638500000, "grossProfit": 1300100000, "researchDevelopment": {}, "sellingGeneralAdministrative": 115600000, "nonRecurring": {}, "otherOperatingExpenses": 1158500000, "totalOperatingExpenses": 5016300000, "operatingIncome": -77700000, "totalOtherIncomeExpenseNet": -270900000, "ebit": -77700000, "interestExpense": -224000000, "incomeBeforeTax": -348600000, "incomeTaxExpense": 0, "minorityInterest": 269000000, "netIncomeFromContinuingOps": -348600000, "discontinuedOperations": 105000000, "extraordinaryItems": {}, "effectOfAccountingCharges": {}, "otherItems": {}, "netIncome": -243600000, "netIncomeApplicableToCommonShares": -243600000}], "maxAge": 86400}, "fundOwnership": {"maxAge": 1, "ownershipList": []}, "summaryDetail": {"maxAge": 1, "priceHint": 2, "previousClose": 48.15, "open": 49.1, "dayLow": 46.5, "dayHigh": 49.4, "regularMarketPreviousClose": 48.15, "regularMarketOpen": 49.1, "regularMarketDayLow": 46.5, "regularMarketDayHigh": 49.4, "exDividendDate": "2012-12-11 05:30:00", "payoutRatio": 0.0, "beta": 0.744632, "volume": 17376, "regularMarketVolume": 17376, "averageVolume": 30506, "averageVolume10days": 54098, "averageDailyVolume10Day": 54098, "bid": 0.0, "ask": 0.0, "bidSize": 0, "askSize": 0, "marketCap": 1925098496, "fiftyTwoWeekLow": 18.35, "fiftyTwoWeekHigh": 57.4, "priceToSalesTrailing12Months": 0.47169912, "fiftyDayAverage": 45.510296, "twoHundredDayAverage": 36.005943, "currency": "INR", "fromCurrency": null, "toCurrency": null, "lastMarket": null, "algorithm": null, "tradeable": false}, "incomeStatementHistoryQuarterly": {"incomeStatementHistory": [{"maxAge": 1, "endDate": "2020-12-31", "totalRevenue": 1321000000, "costOfRevenue": 929200000, "grossProfit": 391800000, "researchDevelopment": {}, "sellingGeneralAdministrative": {}, "nonRecurring": {}, "otherOperatingExpenses": 337000000, "totalOperatingExpenses": 1283500000, "operatingIncome": 37500000, "totalOtherIncomeExpenseNet": -28100000, "ebit": 37500000, "interestExpense": -19600000, "incomeBeforeTax": 9400000, "incomeTaxExpense": 3800000, "minorityInterest": {}, "netIncomeFromContinuingOps": 5600000, "discontinuedOperations": {}, "extraordinaryItems": {}, "effectOfAccountingCharges": {}, "otherItems": {}, "netIncome": 5600000, "netIncomeApplicableToCommonShares": 5600000}, {"maxAge": 1, "endDate": "2020-09-30", "totalRevenue": 1032000000, "costOfRevenue": 644600000, "grossProfit": 387400000, "researchDevelopment": {}, "sellingGeneralAdministrative": {}, "nonRecurring": {}, "otherOperatingExpenses": 365900000, "totalOperatingExpenses": 1027200000, "operatingIncome": 4800000, "totalOtherIncomeExpenseNet": -29400000, "ebit": 4800000, "interestExpense": -30500000, "incomeBeforeTax": -24600000, "incomeTaxExpense": -800000, "minorityInterest": {}, "netIncomeFromContinuingOps": -23800000, "discontinuedOperations": {}, "extraordinaryItems": {}, "effectOfAccountingCharges": {}, "otherItems": {}, "netIncome": -23800000, "netIncomeApplicableToCommonShares": -23800000}, {"maxAge": 1, "endDate": "2020-06-30", "totalRevenue": 755100000, "costOfRevenue": 429100000, "grossProfit": 326000000, "researchDevelopment": {}, "sellingGeneralAdministrative": {}, "nonRecurring": {}, "otherOperatingExpenses": 315200000, "totalOperatingExpenses": 760500000, "operatingIncome": -5400000, "totalOtherIncomeExpenseNet": -20800000, "ebit": -5400000, "interestExpense": -29200000, "incomeBeforeTax": -26200000, "incomeTaxExpense": 800000, "minorityInterest": {}, "netIncomeFromContinuingOps": -27000000, "discontinuedOperations": {}, "extraordinaryItems": {}, "effectOfAccountingCharges": {}, "otherItems": {}, "netIncome": -27000000, "netIncomeApplicableToCommonShares": -27000000}, {"maxAge": 1, "endDate": "2020-03-31", "totalRevenue": 973100000, "costOfRevenue": 589300000, "grossProfit": 383800000, "researchDevelopment": {}, "sellingGeneralAdministrative": 63300000, "nonRecurring": {}, "otherOperatingExpenses": 251900000, "totalOperatingExpenses": 956100000, "operatingIncome": 17000000, "totalOtherIncomeExpenseNet": 1600000, "ebit": 17000000, "interestExpense": -28700000, "incomeBeforeTax": 18600000, "incomeTaxExpense": 7700000, "minorityInterest": {}, "netIncomeFromContinuingOps": 10900000, "discontinuedOperations": {}, "extraordinaryItems": {}, "effectOfAccountingCharges": {}, "otherItems": {}, "netIncome": 10900000, "netIncomeApplicableToCommonShares": 10900000}], "maxAge": 86400}, "cashflowStatementHistoryQuarterly": {"cashflowStatements": [{"maxAge": 1, "endDate": "2020-12-31", "netIncome": 5600000, "changeToLiabilities": 0}, {"maxAge": 1, "endDate": "2020-09-30", "netIncome": -23800000, "changeToLiabilities": 0}, {"maxAge": 1, "endDate": "2020-06-30", "netIncome": -27000000, "changeToLiabilities": 0}, {"maxAge": 1, "endDate": "2020-03-31", "netIncome": 10900000, "changeToLiabilities": 0}], "maxAge": 86400}, "insiderHolders": {"holders": [{"maxAge": 1, "name": "Accel Ltd", "relation": "", "url": "", "transactionDescription": "Bought", "latestTransDate": "2011-08-05", "positionDirect": 11478488, "positionDirectDate": "2011-08-05"}, {"maxAge": 1, "name": "BT Group Plc", "relation": "", "url": "", "transactionDescription": "Sold", "latestTransDate": "2011-08-05", "positionDirect": 0, "positionDirectDate": "2011-08-05"}], "maxAge": 1}, "calendarEvents": {"maxAge": 1, "earnings": {"earningsDate": []}, "exDividendDate": "2012-12-11 05:30:00"}, "price": {"maxAge": 1, "regularMarketChangePercent": -0.008307404, "regularMarketChange": -0.40000153, "regularMarketTime": "2021-04-30 15:28:29", "priceHint": 2, "regularMarketPrice": 47.75, "regularMarketDayHigh": 49.4, "regularMarketDayLow": 46.5, "regularMarketVolume": 17376, "averageDailyVolume10Day": 54098, "averageDailyVolume3Month": 30506, "regularMarketPreviousClose": 48.15, "regularMarketSource": "FREE_REALTIME", "regularMarketOpen": 49.1, "exchange": "NSI", "exchangeName": "NSE", "exchangeDataDelayedBy": 15, "marketState": "CLOSED", "quoteType": "EQUITY", "symbol": "INSPIRISYS.NS", "underlyingSymbol": null, "shortName": "INSPIRISYS SOLUTIO", "longName": "Inspirisys Solutions Limited", "currency": "INR", "quoteSourceName": "Delayed Quote", "currencySymbol": "\u20b9", "fromCurrency": null, "toCurrency": null, "lastMarket": null, "marketCap": 1925098496}, "balanceSheetHistory": {"balanceSheetStatements": [{"maxAge": 1, "endDate": "2020-03-31", "cash": 153800000, "netReceivables": 1478900000, "inventory": 99600000, "otherCurrentAssets": 59300000, "totalCurrentAssets": 2059900000, "propertyPlantEquipment": 140400000, "goodWill": 64000000, "intangibleAssets": 42200000, "otherAssets": 764500000, "totalAssets": 3071000000, "accountsPayable": 571300000, "shortLongTermDebt": 25000000, "otherCurrentLiab": 414300000, "longTermDebt": 572900000, "otherLiab": 78900000, "totalCurrentLiabilities": 2176600000, "totalLiab": 2894600000, "commonStock": 396200000, "retainedEarnings": -1341300000, "treasuryStock": -34000000, "capitalSurplus": 1155500000, "otherStockholderEquity": -34000000, "totalStockholderEquity": 176400000, "netTangibleAssets": 70200000}, {"maxAge": 1, "endDate": "2019-03-31", "cash": 118000000, "netReceivables": 2189500000, "inventory": 126100000, "otherCurrentAssets": 47600000, "totalCurrentAssets": 2840800000, "propertyPlantEquipment": 50800000, "goodWill": 93000000, "intangibleAssets": 39900000, "otherAssets": 676300000, "totalAssets": 3700800000, "accountsPayable": 1092500000, "shortLongTermDebt": 22000000, "otherCurrentLiab": 524600000, "longTermDebt": 514900000, "otherLiab": 71000000, "totalCurrentLiabilities": 3229200000, "totalLiab": 3817000000, "commonStock": 339900000, "retainedEarnings": -1363600000, "treasuryStock": 1300000, "capitalSurplus": 906200000, "otherStockholderEquity": 1300000, "totalStockholderEquity": -116200000, "netTangibleAssets": -249100000}, {"maxAge": 1, "endDate": "2018-03-31", "cash": 89100000, "netReceivables": 1351200000, "inventory": 152400000, "otherCurrentAssets": 58800000, "totalCurrentAssets": 1845400000, "propertyPlantEquipment": 67600000, "goodWill": 134400000, "intangibleAssets": 53900000, "otherAssets": 725800000, "totalAssets": 2827100000, "accountsPayable": 641300000, "otherCurrentLiab": 266400000, "longTermDebt": 417500000, "otherLiab": 66500000, "totalCurrentLiabilities": 2714400000, "totalLiab": 3199200000, "commonStock": 297600000, "retainedEarnings": -1370300000, "treasuryStock": 14900000, "capitalSurplus": 685700000, "otherStockholderEquity": 14900000, "totalStockholderEquity": -372100000, "netTangibleAssets": -560400000}, {"maxAge": 1, "endDate": "2017-03-31", "cash": 470500000, "netReceivables": 1800100000, "inventory": 382100000, "otherCurrentAssets": 68000000, "totalCurrentAssets": 2980700000, "propertyPlantEquipment": 140000000, "goodWill": 179600000, "intangibleAssets": 72400000, "otherAssets": 616800000, "totalAssets": 3989500000, "accountsPayable": 683100000, "shortLongTermDebt": 71500000, "otherCurrentLiab": 359700000, "longTermDebt": 635500000, "otherLiab": 103400000, "minorityInterest": 269000000, "totalCurrentLiabilities": 3460200000, "totalLiab": 4200900000, "commonStock": 297600000, "retainedEarnings": -1468900000, "treasuryStock": 5200000, "capitalSurplus": 685700000, "otherStockholderEquity": 5200000, "totalStockholderEquity": -480400000, "netTangibleAssets": -732400000}], "maxAge": 86400}, "financialData": {"maxAge": 86400, "currentPrice": 47.75, "recommendationKey": "none", "totalCash": 243200000, "totalCashPerShare": 6.08, "ebitda": 90125000, "totalDebt": 1184499968, "totalRevenue": 4081200128, "debtToEquity": 995.378, "revenuePerShare": 102.404, "grossProfits": 1716900000, "revenueGrowth": 0.289, "grossMargins": 0.36484, "ebitdaMargins": 0.022079999, "operatingMargins": 0.01321, "profitMargins": -0.0084, "financialCurrency": "INR"}}}