{"INTCAPM.BO": {"cashflowStatementHistory": {"cashflowStatements": [{"maxAge": 1, "endDate": "2020-03-31", "netIncome": -5326320, "depreciation": 10670, "changeToNetincome": 462880, "changeToAccountReceivables": 1425120, "changeToLiabilities": 103510, "changeToInventory": 6534120, "changeToOperatingActivities": 763730, "totalCashFromOperatingActivities": 3973710, "investments": -4013470, "totalCashflowsFromInvestingActivities": -4013470, "changeInCash": -39760}, {"maxAge": 1, "endDate": "2019-03-31", "netIncome": 1067580, "depreciation": 11430, "changeToNetincome": 85000, "changeToAccountReceivables": -1480710, "changeToLiabilities": -13430, "changeToInventory": 1926770, "changeToOperatingActivities": 307810, "totalCashFromOperatingActivities": 1904450, "investments": -1894730, "totalCashflowsFromInvestingActivities": -1894730, "changeInCash": 9720}, {"maxAge": 1, "endDate": "2018-03-31", "netIncome": 1477142, "depreciation": 11430, "changeToNetincome": 85000, "changeToAccountReceivables": -1480710, "changeToLiabilities": 0, "changeToInventory": 1926770, "changeToOperatingActivities": -8311739, "totalCashFromOperatingActivities": -6823167, "capitalExpenditures": -36100, "investments": 6424436, "totalCashflowsFromInvestingActivities": 6388336, "changeInCash": -434831}, {"maxAge": 1, "endDate": "2017-03-31", "netIncome": 1429646, "depreciation": 11430, "changeToNetincome": 85000, "changeToAccountReceivables": -1480710, "changeToLiabilities": 0, "changeToInventory": 1926770, "changeToOperatingActivities": -779510, "totalCashFromOperatingActivities": 650136, "capitalExpenditures": -36100, "investments": -365055, "totalCashflowsFromInvestingActivities": -365055, "changeInCash": 285081}], "maxAge": 86400}, "institutionOwnership": {"maxAge": 1, "ownershipList": []}, "balanceSheetHistoryQuarterly": {"balanceSheetStatements": [{"maxAge": 1, "endDate": "2020-06-30", "totalStockholderEquity": 36544020, "netTangibleAssets": 36544020}, {"maxAge": 1, "endDate": "2020-03-31", "cash": 151240, "netReceivables": 10158310, "otherCurrentAssets": 165600, "totalCurrentAssets": 35413640, "longTermInvestments": 994890, "propertyPlantEquipment": 278410, "totalAssets": 36686940, "accountsPayable": 128520, "otherCurrentLiab": 14400, "totalCurrentLiabilities": 142920, "totalLiab": 142920, "commonStock": 47028000, "retainedEarnings": -35129980, "treasuryStock": 1486500, "capitalSurplus": 23159500, "otherStockholderEquity": 1486500, "totalStockholderEquity": 36544020, "netTangibleAssets": 36544020}, {"maxAge": 1, "endDate": "2019-12-31", "totalStockholderEquity": 38406000, "netTangibleAssets": 38406000}, {"maxAge": 1, "endDate": "2019-09-30", "cash": 2470000, "netReceivables": 1031000, "totalCurrentAssets": 8435000, "longTermInvestments": 29411000, "propertyPlantEquipment": 283000, "otherAssets": 277000, "totalAssets": 38406000, "commonStock": 47028000, "treasuryStock": -8622000, "otherStockholderEquity": -8622000, "totalStockholderEquity": 38406000, "netTangibleAssets": 38406000}], "maxAge": 86400}, "indexTrend": {"maxAge": 1, "symbol": "SP5", "peRatio": 19.7411, "pegRatio": 1.34172, "estimates": [{"period": "0q", "growth": 0.549}, {"period": "+1q", "growth": 0.431}, {"period": "0y", "growth": 0.305}, {"period": "+1y", "growth": 0.109}, {"period": "+5y", "growth": 0.120859005}, {"period": "-5y"}]}, "insiderTransactions": {"transactions": [{"maxAge": 1, "shares": 530000, "filerUrl": "", "transactionText": "", "filerName": "Vohra (Pankaj)", "filerRelation": "Promoter", "moneyText": "", "startDate": "2019-08-02", "ownership": "D"}, {"maxAge": 1, "shares": 530000, "filerUrl": "", "transactionText": "", "filerName": "Vohra (Tarun)", "filerRelation": "Promoter", "moneyText": "", "startDate": "2019-08-02", "ownership": "D"}], "maxAge": 1}, "quoteType": {"exchange": "BSE", "quoteType": "EQUITY", "symbol": "INTCAPM.BO", "underlyingSymbol": "INTCAPM.BO", "shortName": "INTEGRA CAPITAL MANAGEMENT LTD", "longName": "Integra Capital Management Limited", "firstTradeDateEpochUtc": "2000-01-03 09:15:00", "timeZoneFullName": "Asia/Kolkata", "timeZoneShortName": "IST", "uuid": "f5d52f39-771b-332b-b184-7d0a3d30b140", "messageBoardId": null, "gmtOffSetMilliseconds": 19800000, "maxAge": 1}, "incomeStatementHistory": {"incomeStatementHistory": [{"maxAge": 1, "endDate": "2020-03-31", "totalRevenue": 1649630, "costOfRevenue": 0, "grossProfit": 1649630, "researchDevelopment": {}, "sellingGeneralAdministrative": 959680, "nonRecurring": {}, "otherOperatingExpenses": 884060, "totalOperatingExpenses": 1854410, "operatingIncome": -204780, "totalOtherIncomeExpenseNet": -4594000, "ebit": -204780, "interestExpense": {}, "incomeBeforeTax": -4798780, "incomeTaxExpense": 527540, "minorityInterest": {}, "netIncomeFromContinuingOps": -5326320, "discontinuedOperations": {}, "extraordinaryItems": {}, "effectOfAccountingCharges": {}, "otherItems": {}, "netIncome": -5326320, "netIncomeApplicableToCommonShares": -5326320}, {"maxAge": 1, "endDate": "2019-03-31", "totalRevenue": 3125290, "costOfRevenue": 0, "grossProfit": 3125290, "researchDevelopment": {}, "sellingGeneralAdministrative": 1155450, "nonRecurring": {}, "otherOperatingExpenses": 908030, "totalOperatingExpenses": 2074910, "operatingIncome": 1050380, "totalOtherIncomeExpenseNet": 17200, "ebit": 1050380, "interestExpense": {}, "incomeBeforeTax": 1067580, "incomeTaxExpense": 0, "minorityInterest": {}, "netIncomeFromContinuingOps": 1067580, "discontinuedOperations": {}, "extraordinaryItems": {}, "effectOfAccountingCharges": {}, "otherItems": {}, "netIncome": 1067580, "netIncomeApplicableToCommonShares": 1067580}, {"maxAge": 1, "endDate": "2018-03-31", "totalRevenue": 31273101, "costOfRevenue": 27685976, "grossProfit": 3587125, "researchDevelopment": {}, "sellingGeneralAdministrative": 848105, "nonRecurring": {}, "otherOperatingExpenses": 1250448, "totalOperatingExpenses": 29795959, "operatingIncome": 1477142, "totalOtherIncomeExpenseNet": 0, "ebit": 1477142, "interestExpense": {}, "incomeBeforeTax": 1477142, "incomeTaxExpense": 0, "minorityInterest": {}, "netIncomeFromContinuingOps": 1477142, "discontinuedOperations": {}, "extraordinaryItems": {}, "effectOfAccountingCharges": {}, "otherItems": {}, "netIncome": 1477142, "netIncomeApplicableToCommonShares": 1477142}, {"maxAge": 1, "endDate": "2017-03-31", "totalRevenue": 14791983, "costOfRevenue": 11620673, "grossProfit": 3171310, "researchDevelopment": {}, "sellingGeneralAdministrative": 479751, "nonRecurring": {}, "otherOperatingExpenses": 1261913, "totalOperatingExpenses": 13362337, "operatingIncome": 1429646, "totalOtherIncomeExpenseNet": 0, "ebit": 1429646, "interestExpense": {}, "incomeBeforeTax": 1429646, "incomeTaxExpense": 0, "minorityInterest": {}, "netIncomeFromContinuingOps": 1429646, "discontinuedOperations": {}, "extraordinaryItems": {}, "effectOfAccountingCharges": {}, "otherItems": {}, "netIncome": 1429646, "netIncomeApplicableToCommonShares": 1429646}], "maxAge": 86400}, "fundOwnership": {"maxAge": 1, "ownershipList": []}, "summaryDetail": {"maxAge": 1, "priceHint": 2, "previousClose": 11.55, "open": 11.56, "dayLow": 11.56, "dayHigh": 12.12, "regularMarketPreviousClose": 11.55, "regularMarketOpen": 11.56, "regularMarketDayLow": 11.56, "regularMarketDayHigh": 12.12, "volume": 65, "regularMarketVolume": 65, "averageVolume": 74, "averageVolume10days": 357, "averageDailyVolume10Day": 357, "bid": 0.0, "ask": 11.56, "bidSize": 0, "askSize": 0, "marketCap": 54364368, "fiftyTwoWeekLow": 11.56, "fiftyTwoWeekHigh": 49.5, "fiftyDayAverage": 26.281427, "twoHundredDayAverage": 38.632732, "currency": "INR", "fromCurrency": null, "toCurrency": null, "lastMarket": null, "algorithm": null, "tradeable": false}, "incomeStatementHistoryQuarterly": {"incomeStatementHistory": [{"maxAge": 1, "endDate": "2020-06-30", "totalRevenue": 1775000, "costOfRevenue": 0, "grossProfit": 1775000, "researchDevelopment": {}, "sellingGeneralAdministrative": 245000, "nonRecurring": {}, "otherOperatingExpenses": 55000, "totalOperatingExpenses": 300000, "operatingIncome": 1475000, "totalOtherIncomeExpenseNet": 1000, "ebit": 1475000, "interestExpense": {}, "incomeBeforeTax": 1476000, "incomeTaxExpense": 0, "minorityInterest": {}, "netIncomeFromContinuingOps": 1476000, "discontinuedOperations": {}, "extraordinaryItems": {}, "effectOfAccountingCharges": {}, "otherItems": {}, "netIncome": 1476000, "netIncomeApplicableToCommonShares": 1476000}, {"maxAge": 1, "endDate": "2020-03-31", "totalRevenue": -5262370, "costOfRevenue": -9689000, "grossProfit": 4426630, "researchDevelopment": {}, "sellingGeneralAdministrative": -116320, "nonRecurring": {}, "otherOperatingExpenses": 534060, "totalOperatingExpenses": -9266590, "operatingIncome": 4004220, "totalOtherIncomeExpenseNet": -5837000, "ebit": 4004220, "interestExpense": {}, "incomeBeforeTax": -1832780, "incomeTaxExpense": 277540, "minorityInterest": {}, "netIncomeFromContinuingOps": -2110320, "discontinuedOperations": {}, "extraordinaryItems": {}, "effectOfAccountingCharges": {}, "otherItems": {}, "netIncome": -2110320, "netIncomeApplicableToCommonShares": -2110320}, {"maxAge": 1, "endDate": "2019-12-31", "totalRevenue": 740000, "costOfRevenue": 420000, "grossProfit": 320000, "researchDevelopment": {}, "sellingGeneralAdministrative": 450000, "nonRecurring": {}, "otherOperatingExpenses": 60000, "totalOperatingExpenses": 930000, "operatingIncome": -190000, "totalOtherIncomeExpenseNet": 690000, "ebit": -190000, "interestExpense": {}, "incomeBeforeTax": 500000, "incomeTaxExpense": 250000, "minorityInterest": {}, "netIncomeFromContinuingOps": 250000, "discontinuedOperations": {}, "extraordinaryItems": {}, "effectOfAccountingCharges": {}, "otherItems": {}, "netIncome": 250000, "netIncomeApplicableToCommonShares": 250000}, {"maxAge": 1, "endDate": "2019-09-30", "totalRevenue": 4818000, "costOfRevenue": 7605000, "grossProfit": -2787000, "researchDevelopment": {}, "sellingGeneralAdministrative": 254000, "nonRecurring": {}, "otherOperatingExpenses": 179000, "totalOperatingExpenses": 8041000, "operatingIncome": -3223000, "totalOtherIncomeExpenseNet": 154000, "ebit": -3223000, "interestExpense": {}, "incomeBeforeTax": -3069000, "incomeTaxExpense": 0, "minorityInterest": {}, "netIncomeFromContinuingOps": -3069000, "discontinuedOperations": {}, "extraordinaryItems": {}, "effectOfAccountingCharges": {}, "otherItems": {}, "netIncome": -3069000, "netIncomeApplicableToCommonShares": -3069000}], "maxAge": 86400}, "cashflowStatementHistoryQuarterly": {"cashflowStatements": [{"maxAge": 1, "endDate": "2020-06-30", "netIncome": 1476000, "changeToLiabilities": 0}, {"maxAge": 1, "endDate": "2020-03-31", "netIncome": -2110320, "changeToLiabilities": 0}, {"maxAge": 1, "endDate": "2019-12-31", "netIncome": 250000, "changeToLiabilities": 0}, {"maxAge": 1, "endDate": "2019-09-30", "netIncome": -3069000, "changeToLiabilities": 0}], "maxAge": 86400}, "insiderHolders": {"holders": [{"maxAge": 1, "name": "Vohra (Pankaj)", "relation": "Promoter", "url": "", "transactionDescription": "Other", "latestTransDate": "2019-08-02", "positionDirect": 1360800, "positionDirectDate": "2019-08-02"}, {"maxAge": 1, "name": "Vohra (Tarun)", "relation": "Promoter", "url": "", "transactionDescription": "Other", "latestTransDate": "2019-08-02", "positionDirect": 1441300, "positionDirectDate": "2019-08-02"}], "maxAge": 1}, "calendarEvents": {"maxAge": 1, "earnings": {"earningsDate": []}}, "price": {"maxAge": 1, "regularMarketChangePercent": 0.0008658206, "regularMarketChange": 0.010000229, "regularMarketTime": "2021-04-30 14:26:27", "priceHint": 2, "regularMarketPrice": 11.56, "regularMarketDayHigh": 12.12, "regularMarketDayLow": 11.56, "regularMarketVolume": 65, "averageDailyVolume10Day": 357, "averageDailyVolume3Month": 74, "regularMarketPreviousClose": 11.55, "regularMarketSource": "FREE_REALTIME", "regularMarketOpen": 11.56, "exchange": "BSE", "exchangeName": "BSE", "exchangeDataDelayedBy": 0, "marketState": "CLOSED", "quoteType": "EQUITY", "symbol": "INTCAPM.BO", "underlyingSymbol": null, "shortName": "INTEGRA CAPITAL MANAGEMENT LTD", "longName": "Integra Capital Management Limited", "currency": "INR", "quoteSourceName": "Delayed Quote", "currencySymbol": "\u20b9", "fromCurrency": null, "toCurrency": null, "lastMarket": null, "marketCap": 54364368}, "balanceSheetHistory": {"balanceSheetStatements": [{"maxAge": 1, "endDate": "2020-03-31", "cash": 151240, "netReceivables": 10158310, "otherCurrentAssets": 165600, "totalCurrentAssets": 35413640, "longTermInvestments": 994890, "propertyPlantEquipment": 278410, "totalAssets": 36686940, "accountsPayable": 128520, "otherCurrentLiab": 14400, "totalCurrentLiabilities": 142920, "totalLiab": 142920, "commonStock": 47028000, "retainedEarnings": -35129980, "treasuryStock": 1486500, "capitalSurplus": 23159500, "otherStockholderEquity": 1486500, "totalStockholderEquity": 36544020, "netTangibleAssets": 36544020}, {"maxAge": 1, "endDate": "2019-03-31", "cash": 191000, "netReceivables": 16052380, "otherCurrentAssets": 586460, "totalCurrentAssets": 40607390, "longTermInvestments": 998890, "propertyPlantEquipment": 289080, "otherAssets": -10, "totalAssets": 41895350, "accountsPayable": 25010, "totalCurrentLiabilities": 25010, "totalLiab": 25010, "commonStock": 47028000, "retainedEarnings": -29803660, "treasuryStock": 1486500, "capitalSurplus": 23159500, "otherStockholderEquity": 1486500, "totalStockholderEquity": 41870340, "netTangibleAssets": 41870340}, {"maxAge": 1, "endDate": "2018-03-31", "cash": 181275, "netReceivables": 979977, "otherCurrentAssets": 820773, "totalCurrentAssets": 14323770, "longTermInvestments": 26216920, "propertyPlantEquipment": 300510, "totalAssets": 40841200, "otherCurrentLiab": 38433, "totalCurrentLiabilities": 38433, "totalLiab": 38433, "commonStock": 47028000, "retainedEarnings": -30871233, "treasuryStock": 1486500, "capitalSurplus": 23159500, "otherStockholderEquity": 1486500, "totalStockholderEquity": 40802767, "netTangibleAssets": 40802767}, {"maxAge": 1, "endDate": "2017-03-31", "cash": 616106, "netReceivables": 2865416, "otherCurrentAssets": 430351, "totalCurrentAssets": 7272473, "longTermInvestments": 32641355, "propertyPlantEquipment": 275840, "totalAssets": 40189668, "otherCurrentLiab": 25000, "totalCurrentLiabilities": 25000, "totalLiab": 25000, "commonStock": 47028000, "retainedEarnings": -31509332, "treasuryStock": 1486500, "capitalSurplus": 23159500, "otherStockholderEquity": 1486500, "totalStockholderEquity": 40164668, "netTangibleAssets": 40164668}], "maxAge": 86400}, "financialData": {"maxAge": 86400, "currentPrice": 11.56, "recommendationKey": "none", "grossProfits": 1649630, "financialCurrency": "INR"}}}