{"INTECCAP.BO": {"recommendationTrend": {"trend": [{"period": "0m", "strongBuy": 0, "buy": 0, "hold": 0, "sell": 0, "strongSell": 0}, {"period": "-1m", "strongBuy": 0, "buy": 0, "hold": 0, "sell": 0, "strongSell": 0}, {"period": "-2m", "strongBuy": 0, "buy": 0, "hold": 0, "sell": 0, "strongSell": 0}, {"period": "-3m", "strongBuy": 0, "buy": 0, "hold": 0, "sell": 0, "strongSell": 0}], "maxAge": 86400}, "cashflowStatementHistory": {"cashflowStatements": [{"maxAge": 1, "endDate": "2020-03-31", "netIncome": -373876000, "depreciation": 7344000, "changeToNetincome": 419568000, "changeToLiabilities": 0, "changeToOperatingActivities": 263909000, "totalCashFromOperatingActivities": 316945000, "capitalExpenditures": -2837000, "investments": 5853000, "otherCashflowsFromInvestingActivities": -1590000, "totalCashflowsFromInvestingActivities": 1426000, "netBorrowings": -242235000, "otherCashflowsFromFinancingActivities": -79348000, "totalCashFromFinancingActivities": -321583000, "changeInCash": -3212000}, {"maxAge": 1, "endDate": "2019-03-31", "netIncome": -555478000, "depreciation": 3759000, "changeToNetincome": 495942000, "changeToLiabilities": 0, "changeToOperatingActivities": 1004882000, "totalCashFromOperatingActivities": 951048000, "capitalExpenditures": -2749000, "investments": 1870000, "otherCashflowsFromInvestingActivities": -1590000, "totalCashflowsFromInvestingActivities": -698000, "netBorrowings": -933313000, "otherCashflowsFromFinancingActivities": 1000, "totalCashFromFinancingActivities": -933312000, "changeInCash": 17038000}, {"maxAge": 1, "endDate": "2018-03-31", "netIncome": -304307000, "depreciation": 4168000, "changeToNetincome": 294362000, "changeToLiabilities": 0, "changeToOperatingActivities": 1402866000, "totalCashFromOperatingActivities": 1399450000, "capitalExpenditures": -42156000, "investments": 1870000, "otherCashflowsFromInvestingActivities": -1590000, "totalCashflowsFromInvestingActivities": -3193000, "netBorrowings": -1416435000, "otherCashflowsFromFinancingActivities": 1000, "totalCashFromFinancingActivities": -1416435000, "changeInCash": -20178000}, {"maxAge": 1, "endDate": "2017-03-31", "netIncome": 3473000, "depreciation": 4841000, "changeToNetincome": 123979000, "changeToLiabilities": 0, "changeToOperatingActivities": 1450261000, "totalCashFromOperatingActivities": 1584739000, "capitalExpenditures": -1100000, "investments": 1870000, "otherCashflowsFromInvestingActivities": -1590000, "totalCashflowsFromInvestingActivities": -523000, "dividendsPaid": -4591000, "netBorrowings": -1580683000, "otherCashflowsFromFinancingActivities": -936000, "totalCashFromFinancingActivities": -1586210000, "changeInCash": -1994000}], "maxAge": 86400}, "institutionOwnership": {"ownershipList": [], "maxAge": 1}, "balanceSheetHistoryQuarterly": {"balanceSheetStatements": [{"maxAge": 1, "endDate": "2020-06-30", "totalStockholderEquity": 480478000, "netTangibleAssets": 477296000}, {"maxAge": 1, "endDate": "2020-03-31", "cash": 23764000, "netReceivables": 694674000, "otherCurrentAssets": 1590000, "totalCurrentAssets": 720028000, "longTermInvestments": 168094000, "propertyPlantEquipment": 138275000, "intangibleAssets": 3182000, "otherAssets": 358854000, "deferredLongTermAssetCharges": 355657000, "totalAssets": 1388433000, "longTermDebt": 847944000, "otherLiab": 50800000, "totalLiab": 907955000, "commonStock": 183663000, "treasuryStock": 296815000, "otherStockholderEquity": 296815000, "totalStockholderEquity": 480478000, "netTangibleAssets": 477296000}, {"maxAge": 1, "endDate": "2019-12-31", "totalStockholderEquity": 638555000, "netTangibleAssets": 635190000}, {"maxAge": 1, "endDate": "2019-09-30", "cash": 4783000, "netReceivables": 1110386000, "otherCurrentAssets": 1590000, "totalCurrentAssets": 1116759000, "longTermInvestments": 205726000, "propertyPlantEquipment": 139676000, "intangibleAssets": 3365000, "otherAssets": 304270000, "deferredLongTermAssetCharges": 299296000, "totalAssets": 1769796000, "accountsPayable": 34929000, "longTermDebt": 884001000, "otherLiab": 202160000, "totalCurrentLiabilities": 34929000, "totalLiab": 1131241000, "commonStock": 183663000, "treasuryStock": 454892000, "otherStockholderEquity": 454892000, "totalStockholderEquity": 638555000, "netTangibleAssets": 635190000}], "maxAge": 86400}, "earningsHistory": {"history": [{"maxAge": 1, "epsActual": {}, "epsEstimate": {}, "epsDifference": {}, "surprisePercent": {}, "quarter": {}, "period": "-4q"}, {"maxAge": 1, "epsActual": {}, "epsEstimate": {}, "epsDifference": {}, "surprisePercent": {}, "quarter": {}, "period": "-3q"}, {"maxAge": 1, "epsActual": {}, "epsEstimate": {}, "epsDifference": {}, "surprisePercent": {}, "quarter": {}, "period": "-2q"}, {"maxAge": 1, "epsActual": {}, "epsEstimate": {}, "epsDifference": {}, "surprisePercent": {}, "quarter": {}, "period": "-1q"}], "maxAge": 86400}, "indexTrend": {"maxAge": 1, "symbol": "SP5", "peRatio": 19.7411, "pegRatio": 1.34172, "estimates": [{"period": "0q", "growth": 0.549}, {"period": "+1q", "growth": 0.431}, {"period": "0y", "growth": 0.305}, {"period": "+1y", "growth": 0.109}, {"period": "+5y", "growth": 0.120859005}, {"period": "-5y"}]}, "industryTrend": {"maxAge": 1, "symbol": null, "estimates": []}, "insiderTransactions": {"transactions": [{"maxAge": 1, "shares": 25923, "filerUrl": "", "transactionText": "", "filerName": "Pantec Devices Pvt Ltd", "filerRelation": "Promoter", "moneyText": "", "startDate": "2014-03-12", "ownership": "D"}, {"maxAge": 1, "shares": 48260, "filerUrl": "", "transactionText": "", "filerName": "Pantec Devices Pvt Ltd", "filerRelation": "Promoter", "moneyText": "", "startDate": "2014-03-11", "ownership": "D"}, {"maxAge": 1, "shares": 44100, "filerUrl": "", "transactionText": "", "filerName": "Pantec Devices Pvt Ltd", "filerRelation": "Promoter", "moneyText": "", "startDate": "2014-03-10", "ownership": "D"}, {"maxAge": 1, "shares": 99128, "filerUrl": "", "transactionText": "", "filerName": "Pantec Devices Pvt Ltd", "filerRelation": "Promoter", "moneyText": "", "startDate": "2014-03-07", "ownership": "D"}, {"maxAge": 1, "shares": 82200, "filerUrl": "", "transactionText": "", "filerName": "Pantec Devices Pvt Ltd", "filerRelation": "Promoter", "moneyText": "", "startDate": "2014-03-06", "ownership": "D"}, {"maxAge": 1, "shares": 56690, "filerUrl": "", "transactionText": "", "filerName": "Pantec Devices Pvt Ltd", "filerRelation": "Promoter", "moneyText": "", "startDate": "2014-03-05", "ownership": "D"}, {"maxAge": 1, "shares": 35115, "filerUrl": "", "transactionText": "", "filerName": "Pantec Devices Pvt Ltd", "filerRelation": "Promoter", "moneyText": "", "startDate": "2014-03-04", "ownership": "D"}, {"maxAge": 1, "shares": 57250, "filerUrl": "", "transactionText": "", "filerName": "Pantec Devices Pvt Ltd", "filerRelation": "Promoter", "moneyText": "", "startDate": "2014-03-03", "ownership": "D"}, {"maxAge": 1, "shares": 61600, "filerUrl": "", "transactionText": "", "filerName": "Pantec Devices Pvt Ltd", "filerRelation": "Promoter", "moneyText": "", "startDate": "2014-02-28", "ownership": "D"}, {"maxAge": 1, "shares": 35445, "filerUrl": "", "transactionText": "", "filerName": "Pantec Devices Pvt Ltd", "filerRelation": "Promoter", "moneyText": "", "startDate": "2014-02-26", "ownership": "D"}, {"maxAge": 1, "shares": 212428, "filerUrl": "", "transactionText": "", "filerName": "Pantec Devices Pvt Ltd", "filerRelation": "Promoter", "moneyText": "", "startDate": "2014-02-24", "ownership": "D"}, {"maxAge": 1, "shares": 1361786, "filerUrl": "", "transactionText": "", "filerName": "India Business Excellence Fund I", "filerRelation": "Private Equity", "moneyText": "", "startDate": "2014-02-10", "ownership": "D"}, {"maxAge": 1, "shares": 2467098, "filerUrl": "", "transactionText": "", "filerName": "India Business Excellence Fund I", "filerRelation": "Private Equity", "moneyText": "", "startDate": "2014-02-07", "ownership": "D"}, {"maxAge": 1, "shares": 456864, "filerUrl": "", "transactionText": "", "filerName": "India Business Excellence Fund I", "filerRelation": "Private Equity", "moneyText": "", "startDate": "2014-02-07", "ownership": "D"}, {"maxAge": 1, "shares": 332620, "filerUrl": "", "transactionText": "", "filerName": "Pantec Devices Pvt Ltd", "filerRelation": "Promoter", "moneyText": "", "startDate": "2013-11-07", "ownership": "D"}, {"maxAge": 1, "shares": 320530, "filerUrl": "", "transactionText": "", "filerName": "Pantec Devices Pvt Ltd", "filerRelation": "Promoter", "moneyText": "", "startDate": "2013-10-30", "ownership": "D"}, {"maxAge": 1, "shares": 360280, "filerUrl": "", "transactionText": "", "filerName": "Pantec Devices Pvt Ltd", "filerRelation": "Promoter", "moneyText": "", "startDate": "2013-10-24", "ownership": "D"}, {"maxAge": 1, "shares": 638169, "filerUrl": "", "transactionText": "", "filerName": "Pantec Devices Pvt Ltd", "filerRelation": "Promoter", "moneyText": "", "startDate": "2013-10-07", "ownership": "D"}, {"maxAge": 1, "shares": 293686, "filerUrl": "", "transactionText": "", "filerName": "Pantec Devices Pvt Ltd", "filerRelation": "Promoter", "moneyText": "", "startDate": "2013-10-03", "ownership": "D"}, {"maxAge": 1, "shares": 365740, "filerUrl": "", "transactionText": "", "filerName": "Pantec Devices Pvt Ltd", "filerRelation": "Promoter", "moneyText": "", "startDate": "2013-09-25", "ownership": "D"}, {"maxAge": 1, "shares": 274122, "filerUrl": "", "transactionText": "", "filerName": "India Business Excellence Fund I", "filerRelation": "Private Equity", "moneyText": "", "startDate": "2013-03-26", "ownership": "D"}, {"maxAge": 1, "shares": 28563, "filerUrl": "", "transactionText": "", "filerName": "Goel (Sanjeev)", "filerRelation": "Managing Director", "moneyText": "", "startDate": "2013-03-23", "ownership": "D"}, {"maxAge": 1, "shares": 28563, "filerUrl": "", "transactionText": "", "filerName": "Goel (Ritika)", "filerRelation": "Promoter", "moneyText": "", "startDate": "2013-03-23", "ownership": "D"}, {"maxAge": 1, "shares": 22000, "filerUrl": "", "transactionText": "", "filerName": "Goel (Mridula)", "filerRelation": "Promoter", "moneyText": "", "startDate": "2013-03-21", "ownership": "D"}, {"maxAge": 1, "shares": 735176, "filerUrl": "", "transactionText": "", "filerName": "Goel (Sanjeev)", "filerRelation": "Managing Director", "moneyText": "", "startDate": "2013-03-21", "ownership": "D"}, {"maxAge": 1, "shares": 524062, "filerUrl": "", "transactionText": "", "filerName": "Goel (Ritika)", "filerRelation": "Promoter", "moneyText": "", "startDate": "2013-03-21", "ownership": "D"}, {"maxAge": 1, "shares": 77100, "filerUrl": "", "transactionText": "", "filerName": "Goel (Rajeev)", "filerRelation": "Promoter", "moneyText": "", "startDate": "2013-03-21", "ownership": "D"}, {"maxAge": 1, "shares": 40000, "filerUrl": "", "transactionText": "", "filerName": "Goel (Sanjeev)", "filerRelation": "Managing Director", "moneyText": "", "startDate": "2010-06-21", "ownership": "D"}, {"maxAge": 1, "shares": 40000, "filerUrl": "", "transactionText": "", "filerName": "Goel (Rajeev)", "filerRelation": "Managing Director", "moneyText": "", "startDate": "2010-06-21", "ownership": "D"}, {"maxAge": 1, "shares": 110000, "filerUrl": "", "transactionText": "", "filerName": "Goel (Sanjeev)", "filerRelation": "Managing Director", "moneyText": "", "startDate": "2010-03-31", "ownership": "D"}], "maxAge": 1}, "quoteType": {"exchange": "BSE", "quoteType": "EQUITY", "symbol": "INTECCAP.BO", "underlyingSymbol": "INTECCAP.BO", "shortName": "INTEC CAPITAL LTD.", "longName": "Intec Capital Limited", "firstTradeDateEpochUtc": "2002-02-27 09:15:00", "timeZoneFullName": "Asia/Kolkata", "timeZoneShortName": "IST", "uuid": "03ee4df2-5c02-38f6-a507-689ca4ad46b0", "gmtOffSetMilliseconds": 19800000, "maxAge": 1}, "incomeStatementHistory": {"incomeStatementHistory": [{"maxAge": 1, "endDate": "2020-03-31", "totalRevenue": 148568000, "costOfRevenue": 0, "grossProfit": 148568000, "researchDevelopment": {}, "sellingGeneralAdministrative": 52884000, "nonRecurring": {}, "otherOperatingExpenses": 58474000, "totalOperatingExpenses": 118702000, "operatingIncome": 29866000, "totalOtherIncomeExpenseNet": -513845000, "ebit": 29866000, "interestExpense": -78498000, "incomeBeforeTax": -483979000, "incomeTaxExpense": -110103000, "minorityInterest": {}, "netIncomeFromContinuingOps": -373876000, "discontinuedOperations": {}, "extraordinaryItems": {}, "effectOfAccountingCharges": {}, "otherItems": {}, "netIncome": -373876000, "netIncomeApplicableToCommonShares": -373876000}, {"maxAge": 1, "endDate": "2019-03-31", "totalRevenue": 259414000, "costOfRevenue": 2616000, "grossProfit": 256798000, "researchDevelopment": {}, "sellingGeneralAdministrative": 77353000, "nonRecurring": {}, "otherOperatingExpenses": 687049000, "totalOperatingExpenses": 780834000, "operatingIncome": -521420000, "totalOtherIncomeExpenseNet": -177922000, "ebit": -521420000, "interestExpense": -191073000, "incomeBeforeTax": -699342000, "incomeTaxExpense": -143864000, "minorityInterest": {}, "netIncomeFromContinuingOps": -555478000, "discontinuedOperations": {}, "extraordinaryItems": {}, "effectOfAccountingCharges": {}, "otherItems": {}, "netIncome": -555478000, "netIncomeApplicableToCommonShares": -555478000}, {"maxAge": 1, "endDate": "2018-03-31", "totalRevenue": 544563000, "costOfRevenue": 3394000, "grossProfit": 541169000, "researchDevelopment": {}, "sellingGeneralAdministrative": 103108000, "nonRecurring": {}, "otherOperatingExpenses": 207607000, "totalOperatingExpenses": 577464000, "operatingIncome": -32901000, "totalOtherIncomeExpenseNet": -305425000, "ebit": -32901000, "interestExpense": -325645000, "incomeBeforeTax": -338326000, "incomeTaxExpense": -34019000, "minorityInterest": {}, "netIncomeFromContinuingOps": -304307000, "discontinuedOperations": {}, "extraordinaryItems": {}, "effectOfAccountingCharges": {}, "otherItems": {}, "netIncome": -304307000, "netIncomeApplicableToCommonShares": -304307000}, {"maxAge": 1, "endDate": "2017-03-31", "totalRevenue": 971913000, "costOfRevenue": 4945000, "grossProfit": 966968000, "researchDevelopment": {}, "sellingGeneralAdministrative": 123694000, "nonRecurring": {}, "otherOperatingExpenses": 187693000, "totalOperatingExpenses": 414644000, "operatingIncome": 557269000, "totalOtherIncomeExpenseNet": -543643000, "ebit": 557269000, "interestExpense": -518604000, "incomeBeforeTax": 13626000, "incomeTaxExpense": 10153000, "minorityInterest": {}, "netIncomeFromContinuingOps": 3473000, "discontinuedOperations": {}, "extraordinaryItems": {}, "effectOfAccountingCharges": {}, "otherItems": {}, "netIncome": 3473000, "netIncomeApplicableToCommonShares": 3473000}], "maxAge": 86400}, "fundOwnership": {"ownershipList": [], "maxAge": 1}, "summaryDetail": {"maxAge": 1, "priceHint": 2, "previousClose": 13.75, "open": 13.1, "dayLow": 13.1, "dayHigh": 13.1, "regularMarketPreviousClose": 13.75, "regularMarketOpen": 13.1, "regularMarketDayLow": 13.1, "regularMarketDayHigh": 13.1, "volume": 186, "regularMarketVolume": 186, "averageVolume": 98, "averageVolume10days": 107, "averageDailyVolume10Day": 107, "bid": 13.1, "ask": 14.35, "bidSize": 0, "askSize": 0, "marketCap": 240597232, "fiftyTwoWeekLow": 8.8, "fiftyTwoWeekHigh": 34.85, "fiftyDayAverage": 10.100909, "twoHundredDayAverage": 15.081606, "trailingAnnualDividendRate": 0.25, "trailingAnnualDividendYield": 0.018181818, "currency": "INR", "fromCurrency": null, "lastMarket": null, "algorithm": null, "tradeable": false}, "sectorTrend": {"maxAge": 1, "symbol": null, "estimates": []}, "incomeStatementHistoryQuarterly": {"incomeStatementHistory": [{"maxAge": 1, "endDate": "2020-06-30", "totalRevenue": 33021000, "costOfRevenue": 0, "grossProfit": 33021000, "researchDevelopment": {}, "sellingGeneralAdministrative": 10748000, "nonRecurring": {}, "otherOperatingExpenses": 5298000, "totalOperatingExpenses": 17827000, "operatingIncome": 15194000, "totalOtherIncomeExpenseNet": -5663000, "ebit": 15194000, "interestExpense": -643000, "incomeBeforeTax": 9531000, "incomeTaxExpense": 12749000, "minorityInterest": {}, "netIncomeFromContinuingOps": -3218000, "discontinuedOperations": {}, "extraordinaryItems": {}, "effectOfAccountingCharges": {}, "otherItems": {}, "netIncome": -3218000, "netIncomeApplicableToCommonShares": -3218000}, {"maxAge": 1, "endDate": "2020-03-31", "totalRevenue": -1445000, "costOfRevenue": 0, "grossProfit": -1445000, "researchDevelopment": {}, "sellingGeneralAdministrative": 11883000, "nonRecurring": {}, "otherOperatingExpenses": 16613000, "totalOperatingExpenses": 30416000, "operatingIncome": -31861000, "totalOtherIncomeExpenseNet": -110562000, "ebit": -31861000, "interestExpense": -643000, "incomeBeforeTax": -142423000, "incomeTaxExpense": -66181000, "minorityInterest": {}, "netIncomeFromContinuingOps": -76242000, "discontinuedOperations": {}, "extraordinaryItems": {}, "effectOfAccountingCharges": {}, "otherItems": {}, "netIncome": -76242000, "netIncomeApplicableToCommonShares": -76242000}, {"maxAge": 1, "endDate": "2019-12-31", "totalRevenue": 39729000, "costOfRevenue": 0, "grossProfit": 39729000, "researchDevelopment": {}, "sellingGeneralAdministrative": 12510000, "nonRecurring": {}, "otherOperatingExpenses": 14611000, "totalOperatingExpenses": 27639000, "operatingIncome": 12090000, "totalOtherIncomeExpenseNet": -94357000, "ebit": 12090000, "interestExpense": -35739000, "incomeBeforeTax": -82267000, "incomeTaxExpense": -10392000, "minorityInterest": {}, "netIncomeFromContinuingOps": -71875000, "discontinuedOperations": {}, "extraordinaryItems": {}, "effectOfAccountingCharges": {}, "otherItems": {}, "netIncome": -71875000, "netIncomeApplicableToCommonShares": -71875000}, {"maxAge": 1, "endDate": "2019-09-30", "totalRevenue": 41855000, "costOfRevenue": 0, "grossProfit": 41855000, "researchDevelopment": {}, "sellingGeneralAdministrative": 13335000, "nonRecurring": {}, "otherOperatingExpenses": 12377000, "totalOperatingExpenses": 28811000, "operatingIncome": 13044000, "totalOtherIncomeExpenseNet": -178370000, "ebit": 13044000, "interestExpense": -36619000, "incomeBeforeTax": -165326000, "incomeTaxExpense": 2824000, "minorityInterest": {}, "netIncomeFromContinuingOps": -168150000, "discontinuedOperations": {}, "extraordinaryItems": {}, "effectOfAccountingCharges": {}, "otherItems": {}, "netIncome": -168150000, "netIncomeApplicableToCommonShares": -168150000}], "maxAge": 86400}, "cashflowStatementHistoryQuarterly": {"cashflowStatements": [{"maxAge": 1, "endDate": "2020-06-30", "netIncome": -3218000, "changeToLiabilities": 0}, {"maxAge": 1, "endDate": "2020-03-31", "netIncome": -76242000, "changeToLiabilities": 0}, {"maxAge": 1, "endDate": "2019-12-31", "netIncome": -71875000, "changeToLiabilities": 0}, {"maxAge": 1, "endDate": "2019-09-30", "netIncome": -168150000, "changeToLiabilities": 0}], "maxAge": 86400}, "insiderHolders": {"holders": [{"maxAge": 1, "name": "Goel (Mridula)", "relation": "Promoter", "url": "", "transactionDescription": "Sale", "latestTransDate": "2013-03-21", "positionDirect": 0, "positionDirectDate": "2013-03-21"}, {"maxAge": 1, "name": "Goel (Rajeev)", "relation": "Promoter", "url": "", "transactionDescription": "Sale", "latestTransDate": "2013-03-21", "positionDirect": 0, "positionDirectDate": "2013-03-21"}, {"maxAge": 1, "name": "Goel (Ritika)", "relation": "Promoter", "url": "", "transactionDescription": "Sale", "latestTransDate": "2013-03-23", "positionDirect": 0, "positionDirectDate": "2013-03-23"}, {"maxAge": 1, "name": "Goel (Sanjeev)", "relation": "Managing Director", "url": "", "transactionDescription": "Acquisition", "latestTransDate": "2013-03-23", "positionDirect": 1244464, "positionDirectDate": "2013-03-23"}, {"maxAge": 1, "name": "India Business Excellence Fund I", "relation": "Private Equity", "url": "", "transactionDescription": "Purchase", "latestTransDate": "2014-02-10", "positionDirect": 3646142, "positionDirectDate": "2014-02-10"}, {"maxAge": 1, "name": "Pantec Devices Pvt Ltd", "relation": "Promoter", "url": "", "transactionDescription": "Acquisition", "latestTransDate": "2014-03-12", "positionDirect": 4497264, "positionDirectDate": "2014-03-12"}], "maxAge": 1}, "earnings": {"maxAge": 86400, "earningsChart": {"quarterly": [], "earningsDate": []}, "financialsChart": {"yearly": [{"date": 2017, "revenue": 971913000, "earnings": 3473000}, {"date": 2018, "revenue": 544563000, "earnings": -304307000}, {"date": 2019, "revenue": 259414000, "earnings": -555478000}, {"date": 2020, "revenue": 148568000, "earnings": -373876000}], "quarterly": [{"date": "3Q2019", "revenue": 41855000, "earnings": -168150000}, {"date": "4Q2019", "revenue": 39729000, "earnings": -71875000}, {"date": "1Q2020", "revenue": -1445000, "earnings": -76242000}, {"date": "2Q2020", "revenue": 33021000, "earnings": -3218000}]}, "financialCurrency": "INR"}, "calendarEvents": {"maxAge": 1, "earnings": {"earningsDate": []}}, "upgradeDowngradeHistory": {"history": [], "maxAge": 86400}, "price": {"maxAge": 1, "regularMarketChangePercent": -0.0472727, "regularMarketChange": -0.6499996, "regularMarketTime": "2021-04-30 11:39:17", "priceHint": 2, "regularMarketPrice": 13.1, "regularMarketDayHigh": 13.1, "regularMarketDayLow": 13.1, "regularMarketVolume": 186, "averageDailyVolume10Day": 107, "averageDailyVolume3Month": 98, "regularMarketPreviousClose": 13.75, "regularMarketSource": "FREE_REALTIME", "regularMarketOpen": 13.1, "exchange": "BSE", "exchangeName": "BSE", "exchangeDataDelayedBy": 0, "marketState": "CLOSED", "quoteType": "EQUITY", "symbol": "INTECCAP.BO", "underlyingSymbol": null, "shortName": "INTEC CAPITAL LTD.", "longName": "Intec Capital Limited", "currency": "INR", "quoteSourceName": "Delayed Quote", "currencySymbol": "\u20b9", "fromCurrency": null, "lastMarket": null, "marketCap": 240597232}, "balanceSheetHistory": {"balanceSheetStatements": [{"maxAge": 1, "endDate": "2020-03-31", "cash": 23764000, "netReceivables": 694674000, "otherCurrentAssets": 1590000, "totalCurrentAssets": 720028000, "longTermInvestments": 168094000, "propertyPlantEquipment": 138275000, "intangibleAssets": 3182000, "otherAssets": 358854000, "deferredLongTermAssetCharges": 355657000, "totalAssets": 1388433000, "longTermDebt": 847944000, "otherLiab": 50800000, "totalLiab": 907955000, "commonStock": 183663000, "treasuryStock": 296815000, "otherStockholderEquity": 296815000, "totalStockholderEquity": 480478000, "netTangibleAssets": 477296000}, {"maxAge": 1, "endDate": "2019-03-31", "cash": 32829000, "netReceivables": 2279252000, "otherCurrentAssets": 5923000, "totalCurrentAssets": 2318841000, "longTermInvestments": 684000, "propertyPlantEquipment": 133281000, "intangibleAssets": 3754000, "otherAssets": 868082000, "deferredLongTermAssetCharges": 277945000, "totalAssets": 3324642000, "shortLongTermDebt": 194691000, "otherCurrentLiab": 1195153000, "longTermDebt": 102806000, "otherLiab": 213884000, "deferredLongTermLiab": 1795000, "totalCurrentLiabilities": 2195436000, "totalLiab": 2512126000, "commonStock": 183663000, "retainedEarnings": -255531000, "capitalSurplus": 884384000, "totalStockholderEquity": 812516000, "netTangibleAssets": 808762000}, {"maxAge": 1, "endDate": "2018-03-31", "cash": 130389000, "netReceivables": 2587992000, "otherCurrentAssets": 9385000, "totalCurrentAssets": 2730169000, "longTermInvestments": 914000, "propertyPlantEquipment": 136466000, "intangibleAssets": 4440000, "otherAssets": 1718951000, "deferredLongTermAssetCharges": 134081000, "totalAssets": 4590940000, "shortLongTermDebt": 342141000, "otherCurrentLiab": 629569000, "longTermDebt": 347357000, "otherLiab": 562651000, "deferredLongTermLiab": 1831000, "totalCurrentLiabilities": 2312938000, "totalLiab": 3222946000, "commonStock": 183663000, "retainedEarnings": 299947000, "capitalSurplus": 884384000, "totalStockholderEquity": 1367994000, "netTangibleAssets": 1363554000}, {"maxAge": 1, "endDate": "2017-03-31", "cash": 146941000, "netReceivables": 2409259000, "otherCurrentAssets": 19675000, "totalCurrentAssets": 2580129000, "longTermInvestments": 914000, "propertyPlantEquipment": 106559000, "intangibleAssets": 6570000, "otherAssets": 2911488000, "deferredLongTermAssetCharges": 100062000, "totalAssets": 5605660000, "shortLongTermDebt": 732474000, "otherCurrentLiab": 374280000, "longTermDebt": 793998000, "otherLiab": 127560000, "deferredLongTermLiab": 4543000, "totalCurrentLiabilities": 3043100000, "totalLiab": 3964658000, "commonStock": 183663000, "retainedEarnings": 572955000, "capitalSurplus": 884384000, "totalStockholderEquity": 1641002000, "netTangibleAssets": 1634432000}], "maxAge": 86400}, "earningsTrend": {"trend": [{"maxAge": 1, "period": "0q", "endDate": null, "growth": {}, "earningsEstimate": {"avg": 0.0, "low": 0.0, "high": 0.0, "yearAgoEps": {}, "numberOfAnalysts": 0, "growth": {}}, "revenueEstimate": {"avg": 0, "low": 0, "high": 0, "numberOfAnalysts": 0, "yearAgoRevenue": {}, "growth": {}}, "epsTrend": {"current": 0.0, "7daysAgo": 0.0, "30daysAgo": 0.0, "60daysAgo": 0.0, "90daysAgo": 0.0}, "epsRevisions": {"upLast7days": 0, "upLast30days": 0, "downLast30days": 0, "downLast90days": {}}}, {"maxAge": 1, "period": "+1q", "endDate": null, "growth": {}, "earningsEstimate": {"avg": 0.0, "low": 0.0, "high": 0.0, "yearAgoEps": {}, "numberOfAnalysts": 0, "growth": {}}, "revenueEstimate": {"avg": 0, "low": 0, "high": 0, "numberOfAnalysts": 0, "yearAgoRevenue": {}, "growth": {}}, "epsTrend": {"current": 0.0, "7daysAgo": 0.0, "30daysAgo": 0.0, "60daysAgo": 0.0, "90daysAgo": 0.0}, "epsRevisions": {"upLast7days": 0, "upLast30days": 0, "downLast30days": 0, "downLast90days": {}}}, {"maxAge": 1, "period": "0y", "endDate": null, "growth": {}, "earningsEstimate": {"avg": 0.0, "low": 0.0, "high": 0.0, "yearAgoEps": {}, "numberOfAnalysts": 0, "growth": {}}, "revenueEstimate": {"avg": 0, "low": 0, "high": 0, "numberOfAnalysts": 0, "yearAgoRevenue": {}, "growth": {}}, "epsTrend": {"current": 0.0, "7daysAgo": 0.0, "30daysAgo": 0.0, "60daysAgo": 0.0, "90daysAgo": 0.0}, "epsRevisions": {"upLast7days": 0, "upLast30days": 0, "downLast30days": 0, "downLast90days": {}}}, {"maxAge": 1, "period": "+1y", "endDate": null, "growth": {}, "earningsEstimate": {"avg": 0.0, "low": 0.0, "high": 0.0, "yearAgoEps": {}, "numberOfAnalysts": 0, "growth": {}}, "revenueEstimate": {"avg": 0, "low": 0, "high": 0, "numberOfAnalysts": 0, "yearAgoRevenue": {}, "growth": {}}, "epsTrend": {"current": 0.0, "7daysAgo": 0.0, "30daysAgo": 0.0, "60daysAgo": 0.0, "90daysAgo": 0.0}, "epsRevisions": {"upLast7days": 0, "upLast30days": 0, "downLast30days": 0, "downLast90days": {}}}, {"maxAge": 1, "period": "+5y", "endDate": null, "growth": {}, "earningsEstimate": {"avg": {}, "low": {}, "high": {}, "yearAgoEps": {}, "numberOfAnalysts": {}, "growth": {}}, "revenueEstimate": {"avg": {}, "low": {}, "high": {}, "numberOfAnalysts": {}, "yearAgoRevenue": {}, "growth": {}}, "epsTrend": {"current": {}, "7daysAgo": {}, "30daysAgo": {}, "60daysAgo": {}, "90daysAgo": {}}, "epsRevisions": {"upLast7days": {}, "upLast30days": {}, "downLast30days": {}, "downLast90days": {}}}, {"maxAge": 1, "period": "-5y", "endDate": null, "growth": {}, "earningsEstimate": {"avg": {}, "low": {}, "high": {}, "yearAgoEps": {}, "numberOfAnalysts": {}, "growth": {}}, "revenueEstimate": {"avg": {}, "low": {}, "high": {}, "numberOfAnalysts": {}, "yearAgoRevenue": {}, "growth": {}}, "epsTrend": {"current": {}, "7daysAgo": {}, "30daysAgo": {}, "60daysAgo": {}, "90daysAgo": {}}, "epsRevisions": {"upLast7days": {}, "upLast30days": {}, "downLast30days": {}, "downLast90days": {}}}], "maxAge": 1}, "financialData": {"maxAge": 86400, "currentPrice": 13.1, "targetHighPrice": 114.0, "targetLowPrice": 114.0, "targetMeanPrice": 114.0, "targetMedianPrice": 114.0, "recommendationKey": "none", "numberOfAnalystOpinions": 1, "grossProfits": 148568000, "financialCurrency": "INR"}}}