{"INTEGRAEN.BO": {"recommendationTrend": {"trend": [{"period": "0m", "strongBuy": 0, "buy": 0, "hold": 0, "sell": 0, "strongSell": 0}, {"period": "-1m", "strongBuy": 0, "buy": 0, "hold": 0, "sell": 0, "strongSell": 0}, {"period": "-2m", "strongBuy": 0, "buy": 0, "hold": 0, "sell": 0, "strongSell": 0}, {"period": "-3m", "strongBuy": 0, "buy": 0, "hold": 0, "sell": 0, "strongSell": 0}], "maxAge": 86400}, "cashflowStatementHistory": {"cashflowStatements": [{"maxAge": 1, "endDate": "2020-03-31", "netIncome": 57690000, "depreciation": 12991000, "changeToNetincome": 12140000, "changeToAccountReceivables": -15502000, "changeToLiabilities": -26773000, "changeToInventory": 4039000, "changeToOperatingActivities": 8302000, "totalCashFromOperatingActivities": 53672000, "capitalExpenditures": -61502000, "otherCashflowsFromInvestingActivities": -23125000, "totalCashflowsFromInvestingActivities": -84627000, "otherCashflowsFromFinancingActivities": -2722000, "totalCashFromFinancingActivities": -2722000, "changeInCash": -33678000}, {"maxAge": 1, "endDate": "2019-03-31", "netIncome": 111169000, "depreciation": 10352000, "changeToNetincome": -47974000, "changeToAccountReceivables": 424000, "changeToLiabilities": 2425000, "changeToInventory": -35389000, "changeToOperatingActivities": 8454000, "totalCashFromOperatingActivities": 50336000, "capitalExpenditures": -16079000, "otherCashflowsFromInvestingActivities": 1933000, "totalCashflowsFromInvestingActivities": -13846000, "otherCashflowsFromFinancingActivities": -2017000, "totalCashFromFinancingActivities": -2017000, "changeInCash": 34472000}, {"maxAge": 1, "endDate": "2018-03-31", "netIncome": 34102000, "depreciation": 8139000, "changeToNetincome": 6927000, "changeToAccountReceivables": -83133000, "changeToLiabilities": 39200000, "changeToInventory": -13061000, "changeToOperatingActivities": 11412000, "totalCashFromOperatingActivities": 4534000, "capitalExpenditures": -42804000, "otherCashflowsFromInvestingActivities": 2528000, "totalCashflowsFromInvestingActivities": -40276000, "otherCashflowsFromFinancingActivities": -653000, "totalCashFromFinancingActivities": -653000, "changeInCash": -36396000}, {"maxAge": 1, "endDate": "2017-03-31", "netIncome": 15409000, "depreciation": 7449000, "changeToNetincome": -2496000, "changeToAccountReceivables": -8240000, "changeToLiabilities": 12658000, "changeToInventory": -7492000, "changeToOperatingActivities": -11092000, "totalCashFromOperatingActivities": 6882000, "capitalExpenditures": -16563000, "otherCashflowsFromInvestingActivities": 14077000, "totalCashflowsFromInvestingActivities": 7292000, "otherCashflowsFromFinancingActivities": -131000, "totalCashFromFinancingActivities": -131000, "changeInCash": 14042000}], "maxAge": 86400}, "institutionOwnership": {"maxAge": 1, "ownershipList": []}, "balanceSheetHistoryQuarterly": {"balanceSheetStatements": [{"maxAge": 1, "endDate": "2020-03-31", "cash": 3792000, "netReceivables": 237723000, "inventory": 104570000, "otherCurrentAssets": 60948000, "totalCurrentAssets": 411212000, "longTermInvestments": 538000, "propertyPlantEquipment": 161387000, "intangibleAssets": 1026000, "otherAssets": 59888000, "deferredLongTermAssetCharges": 46973000, "totalAssets": 634051000, "accountsPayable": 54918000, "otherCurrentLiab": 80535000, "longTermDebt": 124000000, "otherLiab": 2758000, "totalCurrentLiabilities": 216812000, "totalLiab": 343570000, "commonStock": 34245000, "retainedEarnings": 220960000, "treasuryStock": 2328000, "capitalSurplus": 32948000, "otherStockholderEquity": 2328000, "totalStockholderEquity": 290481000, "netTangibleAssets": 289455000}, {"maxAge": 1, "endDate": "2019-12-31", "totalStockholderEquity": 270755000, "netTangibleAssets": 269422000}, {"maxAge": 1, "endDate": "2019-09-30", "cash": 52408000, "shortTermInvestments": 3476000, "netReceivables": 225465000, "inventory": 104784000, "otherCurrentAssets": 11339000, "totalCurrentAssets": 397472000, "longTermInvestments": 3103000, "propertyPlantEquipment": 115430000, "intangibleAssets": 1333000, "otherAssets": 86643000, "deferredLongTermAssetCharges": 49620000, "totalAssets": 603981000, "accountsPayable": 59247000, "otherCurrentLiab": 105968000, "longTermDebt": 124000000, "otherLiab": 1580000, "totalCurrentLiabilities": 207646000, "totalLiab": 333226000, "commonStock": 34245000, "treasuryStock": 236510000, "otherStockholderEquity": 236510000, "totalStockholderEquity": 270755000, "netTangibleAssets": 269422000}, {"maxAge": 1, "endDate": "2019-06-30", "totalStockholderEquity": 232681000, "netTangibleAssets": 231193000}], "maxAge": 86400}, "earningsHistory": {"history": [{"maxAge": 1, "epsActual": {}, "epsEstimate": {}, "epsDifference": {}, "surprisePercent": {}, "quarter": {}, "period": "-4q"}, {"maxAge": 1, "epsActual": {}, "epsEstimate": {}, "epsDifference": {}, "surprisePercent": {}, "quarter": {}, "period": "-3q"}, {"maxAge": 1, "epsActual": {}, "epsEstimate": {}, "epsDifference": {}, "surprisePercent": {}, "quarter": {}, "period": "-2q"}, {"maxAge": 1, "epsActual": {}, "epsEstimate": {}, "epsDifference": {}, "surprisePercent": {}, "quarter": {}, "period": "-1q"}], "maxAge": 86400}, "indexTrend": {"maxAge": 1, "symbol": "SP5", "peRatio": 19.7411, "pegRatio": 1.34172, "estimates": [{"period": "0q", "growth": 0.549}, {"period": "+1q", "growth": 0.431}, {"period": "0y", "growth": 0.305}, {"period": "+1y", "growth": 0.109}, {"period": "+5y", "growth": 0.120859005}, {"period": "-5y"}]}, "industryTrend": {"maxAge": 1, "symbol": null, "estimates": []}, "insiderTransactions": {"transactions": [{"maxAge": 1, "shares": 11149841, "filerUrl": "", "transactionText": "", "filerName": "Integra Holdings AG", "filerRelation": "Promoter", "moneyText": "", "startDate": "2011-03-21", "ownership": "D"}], "maxAge": 1}, "quoteType": {"exchange": "BSE", "quoteType": "EQUITY", "symbol": "INTEGRAEN.BO", "underlyingSymbol": "INTEGRAEN.BO", "shortName": "INTEGRA ENGINEERING INDIA LTD.", "longName": "Integra Engineering India Limited", "firstTradeDateEpochUtc": "2001-12-31 09:15:00", "timeZoneFullName": "Asia/Kolkata", "timeZoneShortName": "IST", "uuid": "c62e5bd4-f809-3d0a-86dd-1535657faf4c", "messageBoardId": null, "gmtOffSetMilliseconds": 19800000, "maxAge": 1}, "incomeStatementHistory": {"incomeStatementHistory": [{"maxAge": 1, "endDate": "2020-03-31", "totalRevenue": 629178000, "costOfRevenue": 337209000, "grossProfit": 291969000, "researchDevelopment": {}, "sellingGeneralAdministrative": 86028000, "nonRecurring": {}, "otherOperatingExpenses": 108409000, "totalOperatingExpenses": 545578000, "operatingIncome": 83600000, "totalOtherIncomeExpenseNet": 246000, "ebit": 83600000, "interestExpense": -7682000, "incomeBeforeTax": 83846000, "incomeTaxExpense": 26156000, "minorityInterest": {}, "netIncomeFromContinuingOps": 57690000, "discontinuedOperations": {}, "extraordinaryItems": {}, "effectOfAccountingCharges": {}, "otherItems": {}, "netIncome": 57690000, "netIncomeApplicableToCommonShares": 57690000}, {"maxAge": 1, "endDate": "2019-03-31", "totalRevenue": 626625000, "costOfRevenue": 335779000, "grossProfit": 290846000, "researchDevelopment": {}, "sellingGeneralAdministrative": 76572000, "nonRecurring": {}, "otherOperatingExpenses": 105939000, "totalOperatingExpenses": 530213000, "operatingIncome": 96412000, "totalOtherIncomeExpenseNet": -5844000, "ebit": 96412000, "interestExpense": -7569000, "incomeBeforeTax": 90568000, "incomeTaxExpense": -20601000, "minorityInterest": {}, "netIncomeFromContinuingOps": 111169000, "discontinuedOperations": {}, "extraordinaryItems": {}, "effectOfAccountingCharges": {}, "otherItems": {}, "netIncome": 111169000, "netIncomeApplicableToCommonShares": 111169000}, {"maxAge": 1, "endDate": "2018-03-31", "totalRevenue": 451415000, "costOfRevenue": 246462000, "grossProfit": 204953000, "researchDevelopment": {}, "sellingGeneralAdministrative": 58439000, "nonRecurring": {}, "otherOperatingExpenses": 85827000, "totalOperatingExpenses": 400015000, "operatingIncome": 51400000, "totalOtherIncomeExpenseNet": -3193000, "ebit": 51400000, "interestExpense": -5613000, "incomeBeforeTax": 48207000, "incomeTaxExpense": 14105000, "minorityInterest": {}, "netIncomeFromContinuingOps": 34102000, "discontinuedOperations": {}, "extraordinaryItems": {}, "effectOfAccountingCharges": {}, "otherItems": {}, "netIncome": 34102000, "netIncomeApplicableToCommonShares": 34102000}, {"maxAge": 1, "endDate": "2017-03-31", "totalRevenue": 319368000, "costOfRevenue": 182127000, "grossProfit": 137241000, "researchDevelopment": {}, "sellingGeneralAdministrative": 48858000, "nonRecurring": {}, "otherOperatingExpenses": 59514000, "totalOperatingExpenses": 305284000, "operatingIncome": 14084000, "totalOtherIncomeExpenseNet": 9740000, "ebit": 14084000, "interestExpense": -5091000, "incomeBeforeTax": 23824000, "incomeTaxExpense": 8415000, "minorityInterest": {}, "netIncomeFromContinuingOps": 15409000, "discontinuedOperations": {}, "extraordinaryItems": {}, "effectOfAccountingCharges": {}, "otherItems": {}, "netIncome": 15409000, "netIncomeApplicableToCommonShares": 15409000}], "maxAge": 86400}, "fundOwnership": {"maxAge": 1, "ownershipList": []}, "summaryDetail": {"maxAge": 1, "priceHint": 2, "previousClose": 31.25, "open": 31.5, "dayLow": 30.0, "dayHigh": 31.95, "regularMarketPreviousClose": 31.25, "regularMarketOpen": 31.5, "regularMarketDayLow": 30.0, "regularMarketDayHigh": 31.95, "trailingPE": 18.154762, "volume": 18867, "regularMarketVolume": 18867, "averageVolume": 21917, "averageVolume10days": 11532, "averageDailyVolume10Day": 11532, "bid": 29.6, "ask": 30.9, "bidSize": 0, "askSize": 0, "marketCap": 1044478592, "fiftyTwoWeekLow": 16.0, "fiftyTwoWeekHigh": 38.25, "fiftyDayAverage": 32.55, "twoHundredDayAverage": 27.890877, "currency": "INR", "fromCurrency": null, "toCurrency": null, "lastMarket": null, "algorithm": null, "tradeable": false}, "sectorTrend": {"maxAge": 1, "symbol": null, "estimates": []}, "incomeStatementHistoryQuarterly": {"incomeStatementHistory": [{"maxAge": 1, "endDate": "2020-03-31", "totalRevenue": 152640000, "costOfRevenue": 84042000, "grossProfit": 68598000, "researchDevelopment": {}, "sellingGeneralAdministrative": 22908000, "nonRecurring": {}, "otherOperatingExpenses": 33326000, "totalOperatingExpenses": 144233000, "operatingIncome": 8407000, "totalOtherIncomeExpenseNet": 5822000, "ebit": 8407000, "interestExpense": -2106000, "incomeBeforeTax": 14229000, "incomeTaxExpense": 4722000, "minorityInterest": {}, "netIncomeFromContinuingOps": 9507000, "discontinuedOperations": {}, "extraordinaryItems": {}, "effectOfAccountingCharges": {}, "otherItems": {}, "netIncome": 9507000, "netIncomeApplicableToCommonShares": 9507000}, {"maxAge": 1, "endDate": "2019-12-31", "totalRevenue": 157616000, "costOfRevenue": 84956000, "grossProfit": 72660000, "researchDevelopment": {}, "sellingGeneralAdministrative": 22407000, "nonRecurring": {}, "otherOperatingExpenses": 27750000, "totalOperatingExpenses": 138853000, "operatingIncome": 18763000, "totalOtherIncomeExpenseNet": -2126000, "ebit": 18763000, "interestExpense": -2127000, "incomeBeforeTax": 16637000, "incomeTaxExpense": 6033000, "minorityInterest": {}, "netIncomeFromContinuingOps": 10604000, "discontinuedOperations": {}, "extraordinaryItems": {}, "effectOfAccountingCharges": {}, "otherItems": {}, "netIncome": 10604000, "netIncomeApplicableToCommonShares": 10604000}, {"maxAge": 1, "endDate": "2019-09-30", "totalRevenue": 162055000, "costOfRevenue": 83887000, "grossProfit": 78168000, "researchDevelopment": {}, "sellingGeneralAdministrative": 21627000, "nonRecurring": {}, "otherOperatingExpenses": 23782000, "totalOperatingExpenses": 131686000, "operatingIncome": 30369000, "totalOtherIncomeExpenseNet": -1393000, "ebit": 30369000, "interestExpense": -1393000, "incomeBeforeTax": 28976000, "incomeTaxExpense": 8393000, "minorityInterest": {}, "netIncomeFromContinuingOps": 20583000, "discontinuedOperations": {}, "extraordinaryItems": {}, "effectOfAccountingCharges": {}, "otherItems": {}, "netIncome": 20583000, "netIncomeApplicableToCommonShares": 20583000}, {"maxAge": 1, "endDate": "2019-06-30", "totalRevenue": 156867000, "costOfRevenue": 84324000, "grossProfit": 72543000, "researchDevelopment": {}, "sellingGeneralAdministrative": 19087000, "nonRecurring": {}, "otherOperatingExpenses": 23552000, "totalOperatingExpenses": 130808000, "operatingIncome": 26059000, "totalOtherIncomeExpenseNet": -2055000, "ebit": 26059000, "interestExpense": -2055000, "incomeBeforeTax": 24004000, "incomeTaxExpense": 7009000, "minorityInterest": {}, "netIncomeFromContinuingOps": 16995000, "discontinuedOperations": {}, "extraordinaryItems": {}, "effectOfAccountingCharges": {}, "otherItems": {}, "netIncome": 16995000, "netIncomeApplicableToCommonShares": 16995000}], "maxAge": 86400}, "cashflowStatementHistoryQuarterly": {"cashflowStatements": [{"maxAge": 1, "endDate": "2020-03-31", "netIncome": 9507000, "changeToLiabilities": 0}, {"maxAge": 1, "endDate": "2019-12-31", "netIncome": 10604000, "changeToLiabilities": 0}, {"maxAge": 1, "endDate": "2019-09-30", "netIncome": 20583000, "changeToLiabilities": 0}, {"maxAge": 1, "endDate": "2019-06-30", "netIncome": 16995000, "changeToLiabilities": 0}], "maxAge": 86400}, "insiderHolders": {"holders": [{"maxAge": 1, "name": "Integra Holdings AG", "relation": "Promoter", "url": "", "transactionDescription": "Acquisition", "latestTransDate": "2011-03-21", "positionDirect": 11149841, "positionDirectDate": "2011-03-21"}], "maxAge": 1}, "earnings": {"maxAge": 86400, "earningsChart": {"quarterly": [], "earningsDate": []}, "financialsChart": {"yearly": [{"date": 2017, "revenue": 319368000, "earnings": 15409000}, {"date": 2018, "revenue": 451415000, "earnings": 34102000}, {"date": 2019, "revenue": 626625000, "earnings": 111169000}, {"date": 2020, "revenue": 629178000, "earnings": 57690000}], "quarterly": [{"date": "2Q2019", "revenue": 156867000, "earnings": 16995000}, {"date": "3Q2019", "revenue": 162055000, "earnings": 20583000}, {"date": "4Q2019", "revenue": 157616000, "earnings": 10604000}, {"date": "1Q2020", "revenue": 152640000, "earnings": 9507000}]}, "financialCurrency": "INR"}, "calendarEvents": {"maxAge": 1, "earnings": {"earningsDate": []}}, "price": {"maxAge": 1, "regularMarketChangePercent": -0.024, "regularMarketChange": -0.75, "regularMarketTime": "2021-04-30 15:30:01", "priceHint": 2, "regularMarketPrice": 30.5, "regularMarketDayHigh": 31.95, "regularMarketDayLow": 30.0, "regularMarketVolume": 18867, "averageDailyVolume10Day": 11532, "averageDailyVolume3Month": 21917, "regularMarketPreviousClose": 31.25, "regularMarketSource": "FREE_REALTIME", "regularMarketOpen": 31.5, "exchange": "BSE", "exchangeName": "BSE", "exchangeDataDelayedBy": 0, "marketState": "CLOSED", "quoteType": "EQUITY", "symbol": "INTEGRAEN.BO", "underlyingSymbol": null, "shortName": "INTEGRA ENGINEERING INDIA LTD.", "longName": "Integra Engineering India Limited", "currency": "INR", "quoteSourceName": "Delayed Quote", "currencySymbol": "\u20b9", "fromCurrency": null, "toCurrency": null, "lastMarket": null, "marketCap": 1044478592}, "balanceSheetHistory": {"balanceSheetStatements": [{"maxAge": 1, "endDate": "2020-03-31", "cash": 3792000, "netReceivables": 237723000, "inventory": 104570000, "otherCurrentAssets": 60948000, "totalCurrentAssets": 411212000, "longTermInvestments": 538000, "propertyPlantEquipment": 161387000, "intangibleAssets": 1026000, "otherAssets": 59888000, "deferredLongTermAssetCharges": 46973000, "totalAssets": 634051000, "accountsPayable": 54918000, "otherCurrentLiab": 80535000, "longTermDebt": 124000000, "otherLiab": 2758000, "totalCurrentLiabilities": 216812000, "totalLiab": 343570000, "commonStock": 34245000, "retainedEarnings": 220960000, "treasuryStock": 2328000, "capitalSurplus": 32948000, "otherStockholderEquity": 2328000, "totalStockholderEquity": 290481000, "netTangibleAssets": 289455000}, {"maxAge": 1, "endDate": "2019-03-31", "cash": 37470000, "shortTermInvestments": 1747000, "netReceivables": 185742000, "inventory": 108609000, "otherCurrentAssets": 38051000, "totalCurrentAssets": 371344000, "longTermInvestments": 610000, "propertyPlantEquipment": 114009000, "intangibleAssets": 1488000, "otherAssets": 65115000, "deferredLongTermAssetCharges": 53631000, "totalAssets": 552566000, "accountsPayable": 81918000, "otherCurrentLiab": 74469000, "longTermDebt": 124000000, "otherLiab": 380000, "totalCurrentLiabilities": 195506000, "totalLiab": 319886000, "commonStock": 34245000, "retainedEarnings": 164006000, "treasuryStock": 1481000, "capitalSurplus": 32948000, "otherStockholderEquity": 1481000, "totalStockholderEquity": 232680000, "netTangibleAssets": 231192000}, {"maxAge": 1, "endDate": "2018-03-31", "cash": 14542000, "netReceivables": 158992000, "inventory": 73220000, "otherCurrentAssets": 32884000, "totalCurrentAssets": 282152000, "longTermInvestments": 4611000, "propertyPlantEquipment": 109886000, "intangibleAssets": 2045000, "otherAssets": 27772000, "deferredLongTermAssetCharges": 13059000, "totalAssets": 426466000, "accountsPayable": 79587000, "otherCurrentLiab": 78234000, "longTermDebt": 124000000, "otherLiab": 1697000, "totalCurrentLiabilities": 180239000, "totalLiab": 305936000, "commonStock": 34245000, "retainedEarnings": 52701000, "treasuryStock": 636000, "capitalSurplus": 32948000, "otherStockholderEquity": 636000, "totalStockholderEquity": 120530000, "netTangibleAssets": 118485000}, {"maxAge": 1, "endDate": "2017-03-31", "cash": 39393000, "netReceivables": 76744000, "inventory": 60159000, "otherCurrentAssets": 29574000, "totalCurrentAssets": 207568000, "longTermInvestments": 9704000, "propertyPlantEquipment": 82687000, "intangibleAssets": 1602000, "otherAssets": 29408000, "deferredLongTermAssetCharges": 16182000, "totalAssets": 330969000, "accountsPayable": 40589000, "otherCurrentLiab": 68367000, "longTermDebt": 124000000, "otherLiab": 397000, "totalCurrentLiabilities": 119800000, "totalLiab": 244197000, "commonStock": 34245000, "retainedEarnings": 19579000, "capitalSurplus": 32948000, "totalStockholderEquity": 86772000, "netTangibleAssets": 85170000}], "maxAge": 86400}, "earningsTrend": {"trend": [{"maxAge": 1, "period": "0q", "endDate": null, "growth": {}, "earningsEstimate": {"avg": 0.0, "low": 0.0, "high": 0.0, "yearAgoEps": {}, "numberOfAnalysts": 0, "growth": {}}, "revenueEstimate": {"avg": 0, "low": 0, "high": 0, "numberOfAnalysts": 0, "yearAgoRevenue": {}, "growth": {}}, "epsTrend": {"current": 0.0, "7daysAgo": 0.0, "30daysAgo": 0.0, "60daysAgo": 0.0, "90daysAgo": 0.0}, "epsRevisions": {"upLast7days": 0, "upLast30days": 0, "downLast30days": 0, "downLast90days": {}}}, {"maxAge": 1, "period": "+1q", "endDate": null, "growth": {}, "earningsEstimate": {"avg": 0.0, "low": 0.0, "high": 0.0, "yearAgoEps": {}, "numberOfAnalysts": 0, "growth": {}}, "revenueEstimate": {"avg": 0, "low": 0, "high": 0, "numberOfAnalysts": 0, "yearAgoRevenue": {}, "growth": {}}, "epsTrend": {"current": 0.0, "7daysAgo": 0.0, "30daysAgo": 0.0, "60daysAgo": 0.0, "90daysAgo": 0.0}, "epsRevisions": {"upLast7days": 0, "upLast30days": 0, "downLast30days": 0, "downLast90days": {}}}, {"maxAge": 1, "period": "0y", "endDate": null, "growth": {}, "earningsEstimate": {"avg": 0.0, "low": 0.0, "high": 0.0, "yearAgoEps": {}, "numberOfAnalysts": 0, "growth": {}}, "revenueEstimate": {"avg": 0, "low": 0, "high": 0, "numberOfAnalysts": 0, "yearAgoRevenue": {}, "growth": {}}, "epsTrend": {"current": 0.0, "7daysAgo": 0.0, "30daysAgo": 0.0, "60daysAgo": 0.0, "90daysAgo": 0.0}, "epsRevisions": {"upLast7days": 0, "upLast30days": 0, "downLast30days": 0, "downLast90days": {}}}, {"maxAge": 1, "period": "+1y", "endDate": null, "growth": {}, "earningsEstimate": {"avg": 0.0, "low": 0.0, "high": 0.0, "yearAgoEps": {}, "numberOfAnalysts": 0, "growth": {}}, "revenueEstimate": {"avg": 0, "low": 0, "high": 0, "numberOfAnalysts": 0, "yearAgoRevenue": {}, "growth": {}}, "epsTrend": {"current": 0.0, "7daysAgo": 0.0, "30daysAgo": 0.0, "60daysAgo": 0.0, "90daysAgo": 0.0}, "epsRevisions": {"upLast7days": 0, "upLast30days": 0, "downLast30days": 0, "downLast90days": {}}}, {"maxAge": 1, "period": "+5y", "endDate": null, "growth": {}, "earningsEstimate": {"avg": {}, "low": {}, "high": {}, "yearAgoEps": {}, "numberOfAnalysts": {}, "growth": {}}, "revenueEstimate": {"avg": {}, "low": {}, "high": {}, "numberOfAnalysts": {}, "yearAgoRevenue": {}, "growth": {}}, "epsTrend": {"current": {}, "7daysAgo": {}, "30daysAgo": {}, "60daysAgo": {}, "90daysAgo": {}}, "epsRevisions": {"upLast7days": {}, "upLast30days": {}, "downLast30days": {}, "downLast90days": {}}}, {"maxAge": 1, "period": "-5y", "endDate": null, "growth": {}, "earningsEstimate": {"avg": {}, "low": {}, "high": {}, "yearAgoEps": {}, "numberOfAnalysts": {}, "growth": {}}, "revenueEstimate": {"avg": {}, "low": {}, "high": {}, "numberOfAnalysts": {}, "yearAgoRevenue": {}, "growth": {}}, "epsTrend": {"current": {}, "7daysAgo": {}, "30daysAgo": {}, "60daysAgo": {}, "90daysAgo": {}}, "epsRevisions": {"upLast7days": {}, "upLast30days": {}, "downLast30days": {}, "downLast90days": {}}}], "maxAge": 1}, "financialData": {"maxAge": 86400, "currentPrice": 30.5, "targetHighPrice": 30.0, "targetLowPrice": 30.0, "targetMeanPrice": 30.0, "targetMedianPrice": 30.0, "recommendationKey": "none", "numberOfAnalystOpinions": 1, "grossProfits": 291969000, "financialCurrency": "INR"}}}