{"INTLCOMBQ.BO": {"recommendationTrend": {"trend": [{"period": "0m", "strongBuy": 0, "buy": 0, "hold": 0, "sell": 0, "strongSell": 0}, {"period": "-1m", "strongBuy": 0, "buy": 0, "hold": 0, "sell": 0, "strongSell": 0}, {"period": "-2m", "strongBuy": 0, "buy": 0, "hold": 0, "sell": 0, "strongSell": 0}, {"period": "-3m", "strongBuy": 0, "buy": 0, "hold": 0, "sell": 0, "strongSell": 0}], "maxAge": 86400}, "cashflowStatementHistory": {"cashflowStatements": [{"maxAge": 1, "endDate": "2020-03-31", "netIncome": -18520000, "depreciation": 48345000, "changeToNetincome": -11955000, "changeToAccountReceivables": 17245000, "changeToLiabilities": -9817000, "changeToInventory": -59701000, "changeToOperatingActivities": -6300000, "totalCashFromOperatingActivities": -40212000, "capitalExpenditures": -61844000, "investments": 47608000, "otherCashflowsFromInvestingActivities": 67099000, "totalCashflowsFromInvestingActivities": 52863000, "dividendsPaid": -3064000, "netBorrowings": 29682000, "otherCashflowsFromFinancingActivities": -28585000, "totalCashFromFinancingActivities": -1967000, "changeInCash": 10684000}, {"maxAge": 1, "endDate": "2019-03-31", "netIncome": 35259000, "depreciation": 50827000, "changeToNetincome": 17718000, "changeToAccountReceivables": -23957000, "changeToLiabilities": 38990000, "changeToInventory": -54389000, "changeToOperatingActivities": -10946000, "totalCashFromOperatingActivities": 54052000, "capitalExpenditures": -16618000, "investments": 43545000, "otherCashflowsFromInvestingActivities": 288000, "totalCashflowsFromInvestingActivities": 27215000, "dividendsPaid": -175000, "netBorrowings": -49872000, "otherCashflowsFromFinancingActivities": -32227000, "totalCashFromFinancingActivities": -82274000, "changeInCash": -1007000}, {"maxAge": 1, "endDate": "2018-03-31", "netIncome": -25110000, "depreciation": 51857000, "changeToNetincome": 3457000, "changeToAccountReceivables": -9157000, "changeToLiabilities": 75938000, "changeToInventory": -36619000, "changeToOperatingActivities": 8660000, "totalCashFromOperatingActivities": 69576000, "capitalExpenditures": -41583000, "investments": 80240000, "otherCashflowsFromInvestingActivities": 1244000, "totalCashflowsFromInvestingActivities": 39901000, "dividendsPaid": -232000, "netBorrowings": -70028000, "otherCashflowsFromFinancingActivities": -39997000, "totalCashFromFinancingActivities": -110257000, "changeInCash": -780000}, {"maxAge": 1, "endDate": "2017-03-31", "netIncome": 23347000, "depreciation": 50161000, "changeToNetincome": -28276000, "changeToAccountReceivables": 15666000, "changeToLiabilities": 66117000, "changeToInventory": -7427000, "changeToOperatingActivities": -7553000, "totalCashFromOperatingActivities": 112569000, "capitalExpenditures": -99731000, "investments": 20525000, "otherCashflowsFromInvestingActivities": 1522000, "totalCashflowsFromInvestingActivities": -77684000, "dividendsPaid": -234000, "netBorrowings": 1237000, "otherCashflowsFromFinancingActivities": -40037000, "totalCashFromFinancingActivities": -39034000, "changeInCash": -4149000}], "maxAge": 86400}, "institutionOwnership": {"maxAge": 1, "ownershipList": []}, "balanceSheetHistoryQuarterly": {"balanceSheetStatements": [{"maxAge": 1, "endDate": "2020-06-30", "totalStockholderEquity": 942479000, "netTangibleAssets": 937466000}, {"maxAge": 1, "endDate": "2020-03-31", "cash": 22291000, "netReceivables": 387074000, "inventory": 464581000, "otherCurrentAssets": 54064000, "totalCurrentAssets": 1013330000, "longTermInvestments": 93717000, "propertyPlantEquipment": 448472000, "intangibleAssets": 5013000, "otherAssets": 31012000, "deferredLongTermAssetCharges": 15935000, "totalAssets": 1591544000, "accountsPayable": 241750000, "shortLongTermDebt": 30000000, "otherCurrentLiab": 81259000, "longTermDebt": 2852000, "otherLiab": 21947000, "totalCurrentLiabilities": 621677000, "totalLiab": 649065000, "commonStock": 23903000, "retainedEarnings": 786295000, "treasuryStock": 43240000, "capitalSurplus": 89041000, "otherStockholderEquity": 43240000, "totalStockholderEquity": 942479000, "netTangibleAssets": 937466000}, {"maxAge": 1, "endDate": "2019-12-31", "totalStockholderEquity": 949093000, "netTangibleAssets": 943193000}, {"maxAge": 1, "endDate": "2019-09-30", "cash": 36702000, "shortTermInvestments": 6107000, "netReceivables": 359233000, "inventory": 418589000, "otherCurrentAssets": 56289000, "totalCurrentAssets": 876920000, "longTermInvestments": 177480000, "propertyPlantEquipment": 455053000, "intangibleAssets": 5900000, "otherAssets": 250000, "deferredLongTermAssetCharges": 250000, "totalAssets": 1515603000, "accountsPayable": 242380000, "shortLongTermDebt": 35694000, "otherCurrentLiab": 129848000, "longTermDebt": 20747000, "otherLiab": 19416000, "totalCurrentLiabilities": 526347000, "totalLiab": 566510000, "commonStock": 23903000, "treasuryStock": 925190000, "otherStockholderEquity": 925190000, "totalStockholderEquity": 949093000, "netTangibleAssets": 943193000}], "maxAge": 86400}, "earningsHistory": {"history": [{"maxAge": 1, "epsActual": {}, "epsEstimate": {}, "epsDifference": {}, "surprisePercent": {}, "quarter": {}, "period": "-4q"}, {"maxAge": 1, "epsActual": {}, "epsEstimate": {}, "epsDifference": {}, "surprisePercent": {}, "quarter": {}, "period": "-3q"}, {"maxAge": 1, "epsActual": {}, "epsEstimate": {}, "epsDifference": {}, "surprisePercent": {}, "quarter": {}, "period": "-2q"}, {"maxAge": 1, "epsActual": {}, "epsEstimate": {}, "epsDifference": {}, "surprisePercent": {}, "quarter": {}, "period": "-1q"}], "maxAge": 86400}, "indexTrend": {"maxAge": 1, "symbol": "SP5", "peRatio": 19.7411, "pegRatio": 1.34172, "estimates": [{"period": "0q", "growth": 0.549}, {"period": "+1q", "growth": 0.431}, {"period": "0y", "growth": 0.305}, {"period": "+1y", "growth": 0.109}, {"period": "+5y", "growth": 0.120859005}, {"period": "-5y"}]}, "industryTrend": {"maxAge": 1, "symbol": null, "estimates": []}, "insiderTransactions": {"transactions": [{"maxAge": 1, "shares": 5000, "filerUrl": "", "transactionText": "", "filerName": "Mahadeo Jute & Industries Ltd", "filerRelation": "Promoter", "moneyText": "", "startDate": "2017-07-06", "ownership": "D"}], "maxAge": 1}, "quoteType": {"exchange": "BSE", "quoteType": "EQUITY", "symbol": "INTLCOMBQ.BO", "underlyingSymbol": "INTLCOMBQ.BO", "shortName": "INTERNATIONAL COMBUSTION (INDI", "longName": "International Combustion (India) Limited", "firstTradeDateEpochUtc": "2001-01-17 09:15:00", "timeZoneFullName": "Asia/Kolkata", "timeZoneShortName": "IST", "uuid": "ea27677a-ded1-3228-8619-396befcca7b5", "messageBoardId": null, "gmtOffSetMilliseconds": 19800000, "maxAge": 1}, "incomeStatementHistory": {"incomeStatementHistory": [{"maxAge": 1, "endDate": "2020-03-31", "totalRevenue": 1239503000, "costOfRevenue": 562715000, "grossProfit": 676788000, "researchDevelopment": {}, "sellingGeneralAdministrative": 392849000, "nonRecurring": {}, "otherOperatingExpenses": 257598000, "totalOperatingExpenses": 1261994000, "operatingIncome": -22491000, "totalOtherIncomeExpenseNet": -9016000, "ebit": -22491000, "interestExpense": -8792000, "incomeBeforeTax": -31507000, "incomeTaxExpense": -12987000, "minorityInterest": {}, "netIncomeFromContinuingOps": -18520000, "discontinuedOperations": {}, "extraordinaryItems": {}, "effectOfAccountingCharges": {}, "otherItems": {}, "netIncome": -18520000, "netIncomeApplicableToCommonShares": -18520000}, {"maxAge": 1, "endDate": "2019-03-31", "totalRevenue": 1341571000, "costOfRevenue": 641782000, "grossProfit": 699789000, "researchDevelopment": {}, "sellingGeneralAdministrative": 343495000, "nonRecurring": {}, "otherOperatingExpenses": 256203000, "totalOperatingExpenses": 1292852000, "operatingIncome": 48719000, "totalOtherIncomeExpenseNet": -7869000, "ebit": 48719000, "interestExpense": -18793000, "incomeBeforeTax": 40850000, "incomeTaxExpense": 5591000, "minorityInterest": {}, "netIncomeFromContinuingOps": 35259000, "discontinuedOperations": {}, "extraordinaryItems": {}, "effectOfAccountingCharges": {}, "otherItems": {}, "netIncome": 35259000, "netIncomeApplicableToCommonShares": 35259000}, {"maxAge": 1, "endDate": "2018-03-31", "totalRevenue": 1066009000, "costOfRevenue": 488752000, "grossProfit": 577257000, "researchDevelopment": {}, "sellingGeneralAdministrative": 330495000, "nonRecurring": {}, "otherOperatingExpenses": 219879000, "totalOperatingExpenses": 1091528000, "operatingIncome": -25519000, "totalOtherIncomeExpenseNet": -12071000, "ebit": -25519000, "interestExpense": -34498000, "incomeBeforeTax": -37590000, "incomeTaxExpense": -12480000, "minorityInterest": {}, "netIncomeFromContinuingOps": -25110000, "discontinuedOperations": {}, "extraordinaryItems": {}, "effectOfAccountingCharges": {}, "otherItems": {}, "netIncome": -25110000, "netIncomeApplicableToCommonShares": -25110000}, {"maxAge": 1, "endDate": "2017-03-31", "totalRevenue": 984215000, "costOfRevenue": 338695000, "grossProfit": 645520000, "researchDevelopment": {}, "sellingGeneralAdministrative": 309152000, "nonRecurring": {}, "otherOperatingExpenses": 303054000, "totalOperatingExpenses": 1001596000, "operatingIncome": -17381000, "totalOtherIncomeExpenseNet": 46477000, "ebit": -17381000, "interestExpense": -38664000, "incomeBeforeTax": 29096000, "incomeTaxExpense": 5749000, "minorityInterest": {}, "netIncomeFromContinuingOps": 23347000, "discontinuedOperations": {}, "extraordinaryItems": {}, "effectOfAccountingCharges": {}, "otherItems": {}, "netIncome": 23347000, "netIncomeApplicableToCommonShares": 23347000}], "maxAge": 86400}, "fundOwnership": {"maxAge": 1, "ownershipList": []}, "summaryDetail": {"maxAge": 1, "priceHint": 2, "previousClose": 172.75, "open": 180.0, "dayLow": 172.65, "dayHigh": 184.0, "regularMarketPreviousClose": 172.75, "regularMarketOpen": 180.0, "regularMarketDayLow": 172.65, "regularMarketDayHigh": 184.0, "volume": 249, "regularMarketVolume": 249, "averageVolume": 1540, "averageVolume10days": 1676, "averageDailyVolume10Day": 1676, "bid": 176.0, "ask": 182.9, "bidSize": 0, "askSize": 0, "marketCap": 430369920, "fiftyTwoWeekLow": 91.25, "fiftyTwoWeekHigh": 199.0, "fiftyDayAverage": 174.05571, "twoHundredDayAverage": 151.7124, "trailingAnnualDividendRate": 1.0, "trailingAnnualDividendYield": 0.005788712, "currency": "INR", "fromCurrency": null, "toCurrency": null, "lastMarket": null, "algorithm": null, "tradeable": false}, "sectorTrend": {"maxAge": 1, "symbol": null, "estimates": []}, "incomeStatementHistoryQuarterly": {"incomeStatementHistory": [{"maxAge": 1, "endDate": "2020-06-30", "totalRevenue": 69612000, "costOfRevenue": 27970000, "grossProfit": 41642000, "researchDevelopment": {}, "sellingGeneralAdministrative": 61727000, "nonRecurring": {}, "otherOperatingExpenses": 26119000, "totalOperatingExpenses": 126496000, "operatingIncome": -56884000, "totalOtherIncomeExpenseNet": -3206000, "ebit": -56884000, "interestExpense": -7859000, "incomeBeforeTax": -60090000, "incomeTaxExpense": -3156000, "minorityInterest": {}, "netIncomeFromContinuingOps": -56934000, "discontinuedOperations": {}, "extraordinaryItems": {}, "effectOfAccountingCharges": {}, "otherItems": {}, "netIncome": -56934000, "netIncomeApplicableToCommonShares": -56934000}, {"maxAge": 1, "endDate": "2020-03-31", "totalRevenue": 334649000, "costOfRevenue": 153030000, "grossProfit": 181619000, "researchDevelopment": {}, "sellingGeneralAdministrative": 107593000, "nonRecurring": {}, "otherOperatingExpenses": 47366000, "totalOperatingExpenses": 320761000, "operatingIncome": 13888000, "totalOtherIncomeExpenseNet": -2786000, "ebit": 13888000, "interestExpense": -7859000, "incomeBeforeTax": 11102000, "incomeTaxExpense": -14439000, "minorityInterest": {}, "netIncomeFromContinuingOps": 25541000, "discontinuedOperations": {}, "extraordinaryItems": {}, "effectOfAccountingCharges": {}, "otherItems": {}, "netIncome": 25541000, "netIncomeApplicableToCommonShares": 25541000}, {"maxAge": 1, "endDate": "2019-12-31", "totalRevenue": 289833000, "costOfRevenue": 137410000, "grossProfit": 152423000, "researchDevelopment": {}, "sellingGeneralAdministrative": 96543000, "nonRecurring": {}, "otherOperatingExpenses": 69038000, "totalOperatingExpenses": 315856000, "operatingIncome": -26023000, "totalOtherIncomeExpenseNet": -475000, "ebit": -26023000, "interestExpense": -6230000, "incomeBeforeTax": -26498000, "incomeTaxExpense": 893000, "minorityInterest": {}, "netIncomeFromContinuingOps": -27391000, "discontinuedOperations": {}, "extraordinaryItems": {}, "effectOfAccountingCharges": {}, "otherItems": {}, "netIncome": -27391000, "netIncomeApplicableToCommonShares": -27391000}, {"maxAge": 1, "endDate": "2019-09-30", "totalRevenue": 348609000, "costOfRevenue": 153282000, "grossProfit": 195327000, "researchDevelopment": {}, "sellingGeneralAdministrative": 102824000, "nonRecurring": {}, "otherOperatingExpenses": 78957000, "totalOperatingExpenses": 347095000, "operatingIncome": 1514000, "totalOtherIncomeExpenseNet": 2139000, "ebit": 1514000, "interestExpense": -7626000, "incomeBeforeTax": 3653000, "incomeTaxExpense": 2062000, "minorityInterest": {}, "netIncomeFromContinuingOps": 1591000, "discontinuedOperations": {}, "extraordinaryItems": {}, "effectOfAccountingCharges": {}, "otherItems": {}, "netIncome": 1591000, "netIncomeApplicableToCommonShares": 1591000}], "maxAge": 86400}, "cashflowStatementHistoryQuarterly": {"cashflowStatements": [{"maxAge": 1, "endDate": "2020-06-30", "netIncome": -56934000, "changeToLiabilities": 0}, {"maxAge": 1, "endDate": "2020-03-31", "netIncome": 25541000, "changeToLiabilities": 0}, {"maxAge": 1, "endDate": "2019-12-31", "netIncome": -27391000, "changeToLiabilities": 0}, {"maxAge": 1, "endDate": "2019-09-30", "netIncome": 1591000, "changeToLiabilities": 0}], "maxAge": 86400}, "insiderHolders": {"holders": [{"maxAge": 1, "name": "Mahadeo Jute & Industries Ltd", "relation": "Promoter", "url": "", "transactionDescription": "Sale", "latestTransDate": "2017-07-06", "positionDirect": 85696, "positionDirectDate": "2017-07-06"}], "maxAge": 1}, "earnings": {"maxAge": 86400, "earningsChart": {"quarterly": [], "earningsDate": []}, "financialsChart": {"yearly": [{"date": 2017, "revenue": 984215000, "earnings": 23347000}, {"date": 2018, "revenue": 1066009000, "earnings": -25110000}, {"date": 2019, "revenue": 1341571000, "earnings": 35259000}, {"date": 2020, "revenue": 1239503000, "earnings": -18520000}], "quarterly": [{"date": "3Q2019", "revenue": 348609000, "earnings": 1591000}, {"date": "4Q2019", "revenue": 289833000, "earnings": -27391000}, {"date": "1Q2020", "revenue": 334649000, "earnings": 25541000}, {"date": "2Q2020", "revenue": 69612000, "earnings": -56934000}]}, "financialCurrency": "INR"}, "calendarEvents": {"maxAge": 1, "earnings": {"earningsDate": []}}, "price": {"maxAge": 1, "regularMarketChangePercent": 0.042257614, "regularMarketChange": 7.300003, "regularMarketTime": "2021-04-30 15:29:28", "priceHint": 2, "regularMarketPrice": 180.05, "regularMarketDayHigh": 184.0, "regularMarketDayLow": 172.65, "regularMarketVolume": 249, "averageDailyVolume10Day": 1676, "averageDailyVolume3Month": 1540, "regularMarketPreviousClose": 172.75, "regularMarketSource": "FREE_REALTIME", "regularMarketOpen": 180.0, "exchange": "BSE", "exchangeName": "BSE", "exchangeDataDelayedBy": 0, "marketState": "CLOSED", "quoteType": "EQUITY", "symbol": "INTLCOMBQ.BO", "underlyingSymbol": null, "shortName": "INTERNATIONAL COMBUSTION (INDI", "longName": "International Combustion (India) Limited", "currency": "INR", "quoteSourceName": "Delayed Quote", "currencySymbol": "\u20b9", "fromCurrency": null, "toCurrency": null, "lastMarket": null, "marketCap": 430369920}, "balanceSheetHistory": {"balanceSheetStatements": [{"maxAge": 1, "endDate": "2020-03-31", "cash": 22291000, "netReceivables": 387074000, "inventory": 464581000, "otherCurrentAssets": 54064000, "totalCurrentAssets": 1013330000, "longTermInvestments": 93717000, "propertyPlantEquipment": 448472000, "intangibleAssets": 5013000, "otherAssets": 31012000, "deferredLongTermAssetCharges": 15935000, "totalAssets": 1591544000, "accountsPayable": 241750000, "shortLongTermDebt": 30000000, "otherCurrentLiab": 81259000, "longTermDebt": 2852000, "otherLiab": 21947000, "totalCurrentLiabilities": 621677000, "totalLiab": 649065000, "commonStock": 23903000, "retainedEarnings": 786295000, "treasuryStock": 43240000, "capitalSurplus": 89041000, "otherStockholderEquity": 43240000, "totalStockholderEquity": 942479000, "netTangibleAssets": 937466000}, {"maxAge": 1, "endDate": "2019-03-31", "cash": 11607000, "shortTermInvestments": 1303000, "netReceivables": 412560000, "inventory": 398967000, "otherCurrentAssets": 54688000, "totalCurrentAssets": 924355000, "longTermInvestments": 170253000, "propertyPlantEquipment": 436746000, "intangibleAssets": 6785000, "otherAssets": 69647000, "deferredLongTermAssetCharges": 808000, "totalAssets": 1607786000, "accountsPayable": 256824000, "shortLongTermDebt": 64066000, "otherCurrentLiab": 72721000, "longTermDebt": 67714000, "otherLiab": 14932000, "totalCurrentLiabilities": 552144000, "totalLiab": 637876000, "commonStock": 23903000, "retainedEarnings": 807634000, "treasuryStock": 49332000, "capitalSurplus": 89041000, "otherStockholderEquity": 49332000, "totalStockholderEquity": 969910000, "netTangibleAssets": 963125000}, {"maxAge": 1, "endDate": "2018-03-31", "cash": 12614000, "shortTermInvestments": 1583000, "netReceivables": 392624000, "inventory": 345793000, "otherCurrentAssets": 32002000, "totalCurrentAssets": 940218000, "longTermInvestments": 88386000, "propertyPlantEquipment": 465466000, "intangibleAssets": 8616000, "otherAssets": 73007000, "totalAssets": 1575693000, "accountsPayable": 223023000, "shortLongTermDebt": 63968000, "otherCurrentLiab": 68727000, "longTermDebt": 131697000, "otherLiab": 17294000, "totalCurrentLiabilities": 490009000, "totalLiab": 639121000, "commonStock": 23903000, "retainedEarnings": 772375000, "treasuryStock": 51253000, "capitalSurplus": 89041000, "otherStockholderEquity": 51253000, "totalStockholderEquity": 936572000, "netTangibleAssets": 927956000}, {"maxAge": 1, "endDate": "2017-03-31", "cash": 13394000, "shortTermInvestments": 257000, "netReceivables": 388237000, "inventory": 305949000, "otherCurrentAssets": 54510000, "totalCurrentAssets": 889958000, "longTermInvestments": 179498000, "propertyPlantEquipment": 505019000, "intangibleAssets": 6041000, "otherAssets": 59621000, "totalAssets": 1640137000, "accountsPayable": 174584000, "shortLongTermDebt": 60094000, "otherCurrentLiab": 85796000, "longTermDebt": 195725000, "otherLiab": 27671000, "totalCurrentLiabilities": 453195000, "totalLiab": 677067000, "commonStock": 23903000, "retainedEarnings": 797485000, "treasuryStock": 52641000, "capitalSurplus": 89041000, "otherStockholderEquity": 52641000, "totalStockholderEquity": 963070000, "netTangibleAssets": 957029000}], "maxAge": 86400}, "earningsTrend": {"trend": [{"maxAge": 1, "period": "0q", "endDate": null, "growth": {}, "earningsEstimate": {"avg": 0.0, "low": 0.0, "high": 0.0, "yearAgoEps": {}, "numberOfAnalysts": 0, "growth": {}}, "revenueEstimate": {"avg": 0, "low": 0, "high": 0, "numberOfAnalysts": 0, "yearAgoRevenue": {}, "growth": {}}, "epsTrend": {"current": 0.0, "7daysAgo": 0.0, "30daysAgo": 0.0, "60daysAgo": 0.0, "90daysAgo": 0.0}, "epsRevisions": {"upLast7days": 0, "upLast30days": 0, "downLast30days": 0, "downLast90days": {}}}, {"maxAge": 1, "period": "+1q", "endDate": null, "growth": {}, "earningsEstimate": {"avg": 0.0, "low": 0.0, "high": 0.0, "yearAgoEps": {}, "numberOfAnalysts": 0, "growth": {}}, "revenueEstimate": {"avg": 0, "low": 0, "high": 0, "numberOfAnalysts": 0, "yearAgoRevenue": {}, "growth": {}}, "epsTrend": {"current": 0.0, "7daysAgo": 0.0, "30daysAgo": 0.0, "60daysAgo": 0.0, "90daysAgo": 0.0}, "epsRevisions": {"upLast7days": 0, "upLast30days": 0, "downLast30days": 0, "downLast90days": {}}}, {"maxAge": 1, "period": "0y", "endDate": null, "growth": {}, "earningsEstimate": {"avg": 0.0, "low": 0.0, "high": 0.0, "yearAgoEps": {}, "numberOfAnalysts": 0, "growth": {}}, "revenueEstimate": {"avg": 0, "low": 0, "high": 0, "numberOfAnalysts": 0, "yearAgoRevenue": {}, "growth": {}}, "epsTrend": {"current": 0.0, "7daysAgo": 0.0, "30daysAgo": 0.0, "60daysAgo": 0.0, "90daysAgo": 0.0}, "epsRevisions": {"upLast7days": 0, "upLast30days": 0, "downLast30days": 0, "downLast90days": {}}}, {"maxAge": 1, "period": "+1y", "endDate": null, "growth": {}, "earningsEstimate": {"avg": 0.0, "low": 0.0, "high": 0.0, "yearAgoEps": {}, "numberOfAnalysts": 0, "growth": {}}, "revenueEstimate": {"avg": 0, "low": 0, "high": 0, "numberOfAnalysts": 0, "yearAgoRevenue": {}, "growth": {}}, "epsTrend": {"current": 0.0, "7daysAgo": 0.0, "30daysAgo": 0.0, "60daysAgo": 0.0, "90daysAgo": 0.0}, "epsRevisions": {"upLast7days": 0, "upLast30days": 0, "downLast30days": 0, "downLast90days": {}}}, {"maxAge": 1, "period": "+5y", "endDate": null, "growth": {}, "earningsEstimate": {"avg": {}, "low": {}, "high": {}, "yearAgoEps": {}, "numberOfAnalysts": {}, "growth": {}}, "revenueEstimate": {"avg": {}, "low": {}, "high": {}, "numberOfAnalysts": {}, "yearAgoRevenue": {}, "growth": {}}, "epsTrend": {"current": {}, "7daysAgo": {}, "30daysAgo": {}, "60daysAgo": {}, "90daysAgo": {}}, "epsRevisions": {"upLast7days": {}, "upLast30days": {}, "downLast30days": {}, "downLast90days": {}}}, {"maxAge": 1, "period": "-5y", "endDate": null, "growth": {}, "earningsEstimate": {"avg": {}, "low": {}, "high": {}, "yearAgoEps": {}, "numberOfAnalysts": {}, "growth": {}}, "revenueEstimate": {"avg": {}, "low": {}, "high": {}, "numberOfAnalysts": {}, "yearAgoRevenue": {}, "growth": {}}, "epsTrend": {"current": {}, "7daysAgo": {}, "30daysAgo": {}, "60daysAgo": {}, "90daysAgo": {}}, "epsRevisions": {"upLast7days": {}, "upLast30days": {}, "downLast30days": {}, "downLast90days": {}}}], "maxAge": 1}, "financialData": {"maxAge": 86400, "currentPrice": 180.05, "recommendationMean": 2.0, "recommendationKey": "buy", "grossProfits": 676788000, "financialCurrency": "INR"}}}