{"INTLCONV.BO": {"cashflowStatementHistory": {"cashflowStatements": [{"maxAge": 1, "endDate": "2020-03-31", "netIncome": 63672000, "depreciation": 17674000, "changeToNetincome": 16765000, "changeToAccountReceivables": -32233000, "changeToLiabilities": 17021000, "changeToInventory": -168668000, "changeToOperatingActivities": 118323000, "totalCashFromOperatingActivities": 32675000, "capitalExpenditures": -3825000, "investments": 356478000, "otherCashflowsFromInvestingActivities": 38465000, "totalCashflowsFromInvestingActivities": 462273000, "dividendsPaid": -3375000, "netBorrowings": -388630000, "otherCashflowsFromFinancingActivities": -99241000, "totalCashFromFinancingActivities": -491246000, "changeInCash": 3702000}, {"maxAge": 1, "endDate": "2019-03-31", "netIncome": -57163000, "depreciation": 20503000, "changeToNetincome": 45139000, "changeToAccountReceivables": -40381000, "changeToLiabilities": -1312000, "changeToInventory": 18866000, "changeToOperatingActivities": 60673000, "totalCashFromOperatingActivities": 46825000, "capitalExpenditures": -132918000, "investments": -245873000, "otherCashflowsFromInvestingActivities": 75004000, "totalCashflowsFromInvestingActivities": -316205000, "dividendsPaid": -3375000, "netBorrowings": 367917000, "otherCashflowsFromFinancingActivities": -104165000, "totalCashFromFinancingActivities": 260377000, "changeInCash": -9003000}, {"maxAge": 1, "endDate": "2018-03-31", "netIncome": -74354000, "depreciation": 24622000, "changeToNetincome": 34474000, "changeToAccountReceivables": -135165000, "changeToLiabilities": 59456000, "changeToInventory": 32283000, "changeToOperatingActivities": -77372000, "totalCashFromOperatingActivities": -135545000, "capitalExpenditures": -1511000, "investments": -146559000, "otherCashflowsFromInvestingActivities": 61445000, "totalCashflowsFromInvestingActivities": -40539000, "dividendsPaid": -3416000, "netBorrowings": 247754000, "otherCashflowsFromFinancingActivities": -67156000, "totalCashFromFinancingActivities": 177182000, "changeInCash": 1098000}, {"maxAge": 1, "endDate": "2017-03-31", "netIncome": 33005000, "depreciation": 28884000, "changeToNetincome": 8265000, "changeToAccountReceivables": 80996000, "changeToLiabilities": -21739000, "changeToInventory": 27303000, "changeToOperatingActivities": -697000, "totalCashFromOperatingActivities": 156510000, "capitalExpenditures": -2604000, "investments": -10796000, "otherCashflowsFromInvestingActivities": 64732000, "totalCashflowsFromInvestingActivities": 73168000, "dividendsPaid": -3408000, "netBorrowings": -175843000, "otherCashflowsFromFinancingActivities": -60790000, "totalCashFromFinancingActivities": -240041000, "changeInCash": -10363000}], "maxAge": 86400}, "institutionOwnership": {"maxAge": 1, "ownershipList": []}, "balanceSheetHistoryQuarterly": {"balanceSheetStatements": [{"maxAge": 1, "endDate": "2020-06-30", "totalStockholderEquity": 1223058000, "netTangibleAssets": 1212890000}, {"maxAge": 1, "endDate": "2020-03-31", "cash": 16740000, "shortTermInvestments": 1472000, "netReceivables": 359297000, "inventory": 280177000, "otherCurrentAssets": 47165000, "totalCurrentAssets": 705157000, "longTermInvestments": 1063939000, "propertyPlantEquipment": 154198000, "goodWill": 10114000, "intangibleAssets": 54000, "otherAssets": 135709000, "deferredLongTermAssetCharges": 34043000, "totalAssets": 2069171000, "accountsPayable": 137235000, "shortLongTermDebt": 417000, "otherCurrentLiab": 58259000, "longTermDebt": 898000, "otherLiab": 3393000, "totalCurrentLiabilities": 841822000, "totalLiab": 846113000, "commonStock": 67500000, "retainedEarnings": 360687000, "treasuryStock": 543321000, "capitalSurplus": 251550000, "otherStockholderEquity": 543321000, "totalStockholderEquity": 1223058000, "netTangibleAssets": 1212890000}, {"maxAge": 1, "endDate": "2019-12-31", "totalStockholderEquity": 1579000000, "netTangibleAssets": 1568800000}, {"maxAge": 1, "endDate": "2019-09-30", "cash": 38600000, "shortTermInvestments": 15100000, "netReceivables": 349300000, "inventory": 240100000, "otherCurrentAssets": 41500000, "totalCurrentAssets": 684600000, "longTermInvestments": 1520500000, "propertyPlantEquipment": 161900000, "goodWill": 10100000, "intangibleAssets": 100000, "otherAssets": 121500000, "totalAssets": 2498700000, "accountsPayable": 162300000, "otherCurrentLiab": 62300000, "longTermDebt": 300000, "otherLiab": 43900000, "totalCurrentLiabilities": 875500000, "totalLiab": 919700000, "commonStock": 67500000, "treasuryStock": 1511500000, "otherStockholderEquity": 1511500000, "totalStockholderEquity": 1579000000, "netTangibleAssets": 1568800000}], "maxAge": 86400}, "indexTrend": {"maxAge": 1, "symbol": "SP5", "peRatio": 19.7411, "pegRatio": 1.34172, "estimates": [{"period": "0q", "growth": 0.549}, {"period": "+1q", "growth": 0.431}, {"period": "0y", "growth": 0.305}, {"period": "+1y", "growth": 0.109}, {"period": "+5y", "growth": 0.120859005}, {"period": "-5y"}]}, "insiderTransactions": {"transactions": [{"maxAge": 1, "shares": 10000, "filerUrl": "", "transactionText": "", "filerName": "IGE India Ltd", "filerRelation": "Promoter", "moneyText": "", "startDate": "2020-03-20", "ownership": "D"}, {"maxAge": 1, "shares": 20000, "filerUrl": "", "transactionText": "", "filerName": "IGE India Ltd", "filerRelation": "Promoter", "moneyText": "", "startDate": "2020-03-18", "ownership": "D"}, {"maxAge": 1, "shares": 225000, "filerUrl": "", "transactionText": "", "filerName": "IGE India Ltd", "filerRelation": "Promoter", "moneyText": "", "startDate": "2019-11-26", "ownership": "D"}, {"maxAge": 1, "shares": 338898, "filerUrl": "", "transactionText": "", "filerName": "IGE India Ltd", "filerRelation": "Promoter", "moneyText": "", "startDate": "2019-11-25", "ownership": "D"}, {"maxAge": 1, "shares": 325000, "filerUrl": "", "transactionText": "", "filerName": "IGE India Ltd", "filerRelation": "Promoter", "moneyText": "", "startDate": "2019-11-22", "ownership": "D"}, {"maxAge": 1, "shares": 735000, "filerUrl": "", "transactionText": "", "filerName": "IGE India Ltd", "filerRelation": "Promoter", "moneyText": "", "startDate": "2019-11-21", "ownership": "D"}, {"maxAge": 1, "shares": 2637405, "filerUrl": "", "transactionText": "", "filerName": "Dabriwala (Yamini)", "filerRelation": "UNREPORTED", "moneyText": "", "startDate": "2019-11-14", "ownership": "D"}, {"maxAge": 1, "shares": 235000, "filerUrl": "", "transactionText": "", "filerName": "Elpro International Ltd", "filerRelation": "Institution- Corporation", "moneyText": "", "startDate": "2019-09-26", "ownership": "D"}, {"maxAge": 1, "shares": 350000, "filerUrl": "", "transactionText": "", "filerName": "Elpro International Ltd", "filerRelation": "Institution- Corporation", "moneyText": "", "startDate": "2019-09-18", "ownership": "D"}, {"maxAge": 1, "shares": 120000, "filerUrl": "", "transactionText": "", "filerName": "Elpro International Ltd", "filerRelation": "Institution- Corporation", "moneyText": "", "startDate": "2019-09-17", "ownership": "D"}, {"maxAge": 1, "shares": 120000, "filerUrl": "", "transactionText": "", "filerName": "Elpro International Ltd", "filerRelation": "UNREPORTED", "moneyText": "", "startDate": "2019-09-16", "ownership": "D"}, {"maxAge": 1, "shares": 190000, "filerUrl": "", "transactionText": "", "filerName": "Elpro International Ltd", "filerRelation": "Institution- Corporation", "moneyText": "", "startDate": "2019-09-11", "ownership": "D"}, {"maxAge": 1, "shares": 400000, "filerUrl": "", "transactionText": "", "filerName": "Elpro International Ltd", "filerRelation": "Institution- Corporation", "moneyText": "", "startDate": "2019-09-07", "ownership": "D"}], "maxAge": 1}, "quoteType": {"exchange": "BSE", "quoteType": "EQUITY", "symbol": "INTLCONV.BO", "underlyingSymbol": "INTLCONV.BO", "shortName": "INTERNATIONAL CONVEYORS LTD.", "longName": "International Conveyors Limited", "firstTradeDateEpochUtc": "2008-01-01 09:15:00", "timeZoneFullName": "Asia/Kolkata", "timeZoneShortName": "IST", "uuid": "9b0e97c2-1518-31de-bc7a-40204fade134", "messageBoardId": null, "gmtOffSetMilliseconds": 19800000, "maxAge": 1}, "incomeStatementHistory": {"incomeStatementHistory": [{"maxAge": 1, "endDate": "2020-03-31", "totalRevenue": 986657000, "costOfRevenue": 483341000, "grossProfit": 503316000, "researchDevelopment": {}, "sellingGeneralAdministrative": 120934000, "nonRecurring": {}, "otherOperatingExpenses": 273239000, "totalOperatingExpenses": 895309000, "operatingIncome": 91348000, "totalOtherIncomeExpenseNet": -59122000, "ebit": 91348000, "interestExpense": -93481000, "incomeBeforeTax": 32226000, "incomeTaxExpense": -31446000, "minorityInterest": {}, "netIncomeFromContinuingOps": 63672000, "discontinuedOperations": {}, "extraordinaryItems": {}, "effectOfAccountingCharges": {}, "otherItems": {}, "netIncome": 63672000, "netIncomeApplicableToCommonShares": 63672000}, {"maxAge": 1, "endDate": "2019-03-31", "totalRevenue": 855640000, "costOfRevenue": 561396000, "grossProfit": 294244000, "researchDevelopment": {}, "sellingGeneralAdministrative": 118340000, "nonRecurring": {}, "otherOperatingExpenses": 177995000, "totalOperatingExpenses": 878734000, "operatingIncome": -23094000, "totalOtherIncomeExpenseNet": -17371000, "ebit": -23094000, "interestExpense": -98405000, "incomeBeforeTax": -40465000, "incomeTaxExpense": 16698000, "minorityInterest": {}, "netIncomeFromContinuingOps": -57163000, "discontinuedOperations": {}, "extraordinaryItems": {}, "effectOfAccountingCharges": {}, "otherItems": {}, "netIncome": -57163000, "netIncomeApplicableToCommonShares": -57163000}, {"maxAge": 1, "endDate": "2018-03-31", "totalRevenue": 562392000, "costOfRevenue": 353870000, "grossProfit": 208522000, "researchDevelopment": {}, "sellingGeneralAdministrative": 112286000, "nonRecurring": {}, "otherOperatingExpenses": 121795000, "totalOperatingExpenses": 613084000, "operatingIncome": -50692000, "totalOtherIncomeExpenseNet": -5431000, "ebit": -50692000, "interestExpense": -62305000, "incomeBeforeTax": -56123000, "incomeTaxExpense": 18231000, "minorityInterest": {}, "netIncomeFromContinuingOps": -74354000, "discontinuedOperations": {}, "extraordinaryItems": {}, "effectOfAccountingCharges": {}, "otherItems": {}, "netIncome": -74354000, "netIncomeApplicableToCommonShares": -74354000}, {"maxAge": 1, "endDate": "2017-03-31", "totalRevenue": 599152000, "costOfRevenue": 309765000, "grossProfit": 289387000, "researchDevelopment": {}, "sellingGeneralAdministrative": 111778000, "nonRecurring": {}, "otherOperatingExpenses": 118892000, "totalOperatingExpenses": 569812000, "operatingIncome": 29340000, "totalOtherIncomeExpenseNet": 20348000, "ebit": 29340000, "interestExpense": -58040000, "incomeBeforeTax": 49688000, "incomeTaxExpense": 16683000, "minorityInterest": {}, "netIncomeFromContinuingOps": 33005000, "discontinuedOperations": {}, "extraordinaryItems": {}, "effectOfAccountingCharges": {}, "otherItems": {}, "netIncome": 33005000, "netIncomeApplicableToCommonShares": 33005000}], "maxAge": 86400}, "fundOwnership": {"maxAge": 1, "ownershipList": []}, "summaryDetail": {"maxAge": 1, "priceHint": 2, "previousClose": 45.85, "open": 46.0, "dayLow": 45.35, "dayHigh": 47.85, "regularMarketPreviousClose": 45.85, "regularMarketOpen": 46.0, "regularMarketDayLow": 45.35, "regularMarketDayHigh": 47.85, "trailingPE": 45.6905, "volume": 102504, "regularMarketVolume": 102504, "averageVolume": 36381, "averageVolume10days": 77779, "averageDailyVolume10Day": 77779, "bid": 45.35, "ask": 45.5, "bidSize": 0, "askSize": 0, "marketCap": 3148875008, "fiftyTwoWeekLow": 15.0, "fiftyTwoWeekHigh": 52.05, "fiftyDayAverage": 33.734287, "twoHundredDayAverage": 30.478468, "trailingAnnualDividendRate": 0.2, "trailingAnnualDividendYield": 0.0043620504, "currency": "INR", "fromCurrency": null, "toCurrency": null, "lastMarket": null, "algorithm": null, "tradeable": false}, "incomeStatementHistoryQuarterly": {"incomeStatementHistory": [{"maxAge": 1, "endDate": "2020-06-30", "totalRevenue": 334000000, "costOfRevenue": 217200000, "grossProfit": 116800000, "researchDevelopment": {}, "sellingGeneralAdministrative": 28000000, "nonRecurring": {}, "otherOperatingExpenses": 64600000, "totalOperatingExpenses": 313600000, "operatingIncome": 20400000, "totalOtherIncomeExpenseNet": 3600000, "ebit": 20400000, "interestExpense": -16700000, "incomeBeforeTax": 24000000, "incomeTaxExpense": 6700000, "minorityInterest": {}, "netIncomeFromContinuingOps": 17300000, "discontinuedOperations": {}, "extraordinaryItems": {}, "effectOfAccountingCharges": {}, "otherItems": {}, "netIncome": 17300000, "netIncomeApplicableToCommonShares": 17300000}, {"maxAge": 1, "endDate": "2020-03-31", "totalRevenue": 264657000, "costOfRevenue": 149241000, "grossProfit": 115416000, "researchDevelopment": {}, "sellingGeneralAdministrative": 35834000, "nonRecurring": {}, "otherOperatingExpenses": 106039000, "totalOperatingExpenses": 295409000, "operatingIncome": -30752000, "totalOtherIncomeExpenseNet": -41922000, "ebit": -30752000, "interestExpense": -11281000, "incomeBeforeTax": -72674000, "incomeTaxExpense": -41646000, "minorityInterest": {}, "netIncomeFromContinuingOps": -31028000, "discontinuedOperations": {}, "extraordinaryItems": {}, "effectOfAccountingCharges": {}, "otherItems": {}, "netIncome": -31028000, "netIncomeApplicableToCommonShares": -31028000}, {"maxAge": 1, "endDate": "2019-12-31", "totalRevenue": 294200000, "costOfRevenue": 126900000, "grossProfit": 167300000, "researchDevelopment": {}, "sellingGeneralAdministrative": 31100000, "nonRecurring": {}, "otherOperatingExpenses": 67100000, "totalOperatingExpenses": 229600000, "operatingIncome": 64600000, "totalOtherIncomeExpenseNet": -12800000, "ebit": 64600000, "interestExpense": -24900000, "incomeBeforeTax": 51800000, "incomeTaxExpense": 11800000, "minorityInterest": {}, "netIncomeFromContinuingOps": 40000000, "discontinuedOperations": {}, "extraordinaryItems": {}, "effectOfAccountingCharges": {}, "otherItems": {}, "netIncome": 40000000, "netIncomeApplicableToCommonShares": 40000000}, {"maxAge": 1, "endDate": "2019-09-30", "totalRevenue": 248900000, "costOfRevenue": 108800000, "grossProfit": 140100000, "researchDevelopment": {}, "sellingGeneralAdministrative": 28200000, "nonRecurring": {}, "otherOperatingExpenses": 56500000, "totalOperatingExpenses": 198100000, "operatingIncome": 50800000, "totalOtherIncomeExpenseNet": -9900000, "ebit": 50800000, "interestExpense": -22100000, "incomeBeforeTax": 40900000, "incomeTaxExpense": -1500000, "minorityInterest": {}, "netIncomeFromContinuingOps": 42400000, "discontinuedOperations": {}, "extraordinaryItems": {}, "effectOfAccountingCharges": {}, "otherItems": {}, "netIncome": 42400000, "netIncomeApplicableToCommonShares": 42400000}], "maxAge": 86400}, "cashflowStatementHistoryQuarterly": {"cashflowStatements": [{"maxAge": 1, "endDate": "2020-06-30", "netIncome": 17300000, "changeToLiabilities": 0}, {"maxAge": 1, "endDate": "2020-03-31", "netIncome": -31028000, "changeToLiabilities": 0}, {"maxAge": 1, "endDate": "2019-12-31", "netIncome": 40000000, "changeToLiabilities": 0}, {"maxAge": 1, "endDate": "2019-09-30", "netIncome": 42400000, "changeToLiabilities": 0}], "maxAge": 86400}, "insiderHolders": {"holders": [{"maxAge": 1, "name": "Dabriwala (Yamini)", "relation": "UNREPORTED", "url": "", "transactionDescription": "Acquisition", "latestTransDate": "2019-11-14", "positionDirect": 2957900, "positionDirectDate": "2019-11-14"}, {"maxAge": 1, "name": "Elpro International Ltd", "relation": "Institution- Corporation", "url": "", "transactionDescription": "Acquisition", "latestTransDate": "2019-09-26", "positionDirect": 24870160, "positionDirectDate": "2019-09-26"}, {"maxAge": 1, "name": "IGE India Ltd", "relation": "Promoter", "url": "", "transactionDescription": "Acquisition", "latestTransDate": "2020-03-20", "positionDirect": 10488608, "positionDirectDate": "2020-03-20"}], "maxAge": 1}, "calendarEvents": {"maxAge": 1, "earnings": {"earningsDate": []}}, "price": {"maxAge": 1, "regularMarketChangePercent": 0.017448267, "regularMarketChange": 0.80000305, "regularMarketTime": "2021-04-30 15:25:47", "priceHint": 2, "regularMarketPrice": 46.65, "regularMarketDayHigh": 47.85, "regularMarketDayLow": 45.35, "regularMarketVolume": 102504, "averageDailyVolume10Day": 77779, "averageDailyVolume3Month": 36381, "regularMarketPreviousClose": 45.85, "regularMarketSource": "FREE_REALTIME", "regularMarketOpen": 46.0, "exchange": "BSE", "exchangeName": "BSE", "exchangeDataDelayedBy": 0, "marketState": "CLOSED", "quoteType": "EQUITY", "symbol": "INTLCONV.BO", "underlyingSymbol": null, "shortName": "INTERNATIONAL CONVEYORS LTD.", "longName": "International Conveyors Limited", "currency": "INR", "quoteSourceName": "Delayed Quote", "currencySymbol": "\u20b9", "fromCurrency": null, "toCurrency": null, "lastMarket": null, "marketCap": 3148875008}, "balanceSheetHistory": {"balanceSheetStatements": [{"maxAge": 1, "endDate": "2020-03-31", "cash": 16740000, "shortTermInvestments": 1472000, "netReceivables": 359297000, "inventory": 280177000, "otherCurrentAssets": 47165000, "totalCurrentAssets": 705157000, "longTermInvestments": 1063939000, "propertyPlantEquipment": 154198000, "goodWill": 10114000, "intangibleAssets": 54000, "otherAssets": 135709000, "deferredLongTermAssetCharges": 34043000, "totalAssets": 2069171000, "accountsPayable": 137235000, "shortLongTermDebt": 417000, "otherCurrentLiab": 58259000, "longTermDebt": 898000, "otherLiab": 3393000, "totalCurrentLiabilities": 841822000, "totalLiab": 846113000, "commonStock": 67500000, "retainedEarnings": 360687000, "treasuryStock": 543321000, "capitalSurplus": 251550000, "otherStockholderEquity": 543321000, "totalStockholderEquity": 1223058000, "netTangibleAssets": 1212890000}, {"maxAge": 1, "endDate": "2019-03-31", "cash": 13038000, "shortTermInvestments": 4792000, "netReceivables": 396862000, "inventory": 111509000, "otherCurrentAssets": 47881000, "totalCurrentAssets": 574984000, "longTermInvestments": 1758073000, "propertyPlantEquipment": 168088000, "goodWill": 10114000, "intangibleAssets": 175000, "otherAssets": 148903000, "totalAssets": 2660337000, "accountsPayable": 120213000, "shortLongTermDebt": 25000, "otherCurrentLiab": 1318000, "otherLiab": 40875000, "totalCurrentLiabilities": 1152589000, "totalLiab": 1193464000, "commonStock": 67500000, "retainedEarnings": 293829000, "treasuryStock": 853994000, "capitalSurplus": 251550000, "otherStockholderEquity": 853994000, "totalStockholderEquity": 1466873000, "netTangibleAssets": 1456584000}, {"maxAge": 1, "endDate": "2018-03-31", "cash": 22041000, "shortTermInvestments": 2136000, "netReceivables": 350259000, "inventory": 130375000, "otherCurrentAssets": 102338000, "totalCurrentAssets": 607508000, "longTermInvestments": 1477300000, "propertyPlantEquipment": 188673000, "goodWill": 10114000, "intangibleAssets": 675000, "otherAssets": 13966000, "totalAssets": 2298236000, "accountsPayable": 121230000, "shortLongTermDebt": 511000, "otherCurrentLiab": 443000, "longTermDebt": 25000, "otherLiab": 17601000, "totalCurrentLiabilities": 785114000, "totalLiab": 802740000, "commonStock": 67500000, "retainedEarnings": 318446000, "treasuryStock": 858000000, "capitalSurplus": 251550000, "otherStockholderEquity": 858000000, "totalStockholderEquity": 1495496000, "netTangibleAssets": 1484707000}, {"maxAge": 1, "endDate": "2017-03-31", "cash": 20943000, "shortTermInvestments": 3572000, "netReceivables": 261007000, "inventory": 162658000, "otherCurrentAssets": 26069000, "totalCurrentAssets": 474583000, "longTermInvestments": 1046915000, "propertyPlantEquipment": 208704000, "goodWill": 10114000, "intangibleAssets": 912000, "otherAssets": 15633000, "totalAssets": 1756861000, "accountsPayable": 61773000, "shortLongTermDebt": 1031000, "otherCurrentLiab": 511000, "longTermDebt": 454000, "otherLiab": 35909000, "totalCurrentLiabilities": 480564000, "totalLiab": 516927000, "commonStock": 67500000, "retainedEarnings": 396215000, "treasuryStock": 524669000, "capitalSurplus": 251550000, "otherStockholderEquity": 524669000, "totalStockholderEquity": 1239934000, "netTangibleAssets": 1228908000}], "maxAge": 86400}, "financialData": {"maxAge": 86400, "currentPrice": 46.65, "recommendationKey": "none", "grossProfits": 503316000, "financialCurrency": "INR"}}}