{"INTRGLB.BO": {"cashflowStatementHistory": {"cashflowStatements": [{"maxAge": 1, "endDate": "2020-03-31", "netIncome": -32603350, "depreciation": 2112680, "changeToNetincome": -1385388, "changeToAccountReceivables": 1580, "changeToLiabilities": 4676913, "changeToInventory": 30229304, "changeToOperatingActivities": -4583821, "totalCashFromOperatingActivities": -1552082, "investments": 5100917, "totalCashflowsFromInvestingActivities": 5350929, "netBorrowings": -338336, "otherCashflowsFromFinancingActivities": 1218450, "totalCashFromFinancingActivities": 880114, "changeInCash": 4678962}, {"maxAge": 1, "endDate": "2019-03-31", "netIncome": 2974639, "depreciation": 2459621, "changeToNetincome": -2182408, "changeToAccountReceivables": 3279, "changeToLiabilities": -1311699, "changeToInventory": 10601423, "changeToOperatingActivities": -13747499, "totalCashFromOperatingActivities": -1202644, "capitalExpenditures": -2760060, "investments": -6360, "totalCashflowsFromInvestingActivities": -1394138, "netBorrowings": -309075, "otherCashflowsFromFinancingActivities": 1857190, "totalCashFromFinancingActivities": 1548115, "changeInCash": -1048667}, {"maxAge": 1, "endDate": "2018-03-31", "netIncome": -14418220, "depreciation": 3152641, "changeToNetincome": -7466571, "changeToAccountReceivables": 918510, "changeToLiabilities": 777961, "changeToInventory": -71476339, "changeToOperatingActivities": 71145180, "totalCashFromOperatingActivities": -17366838, "capitalExpenditures": -3201817, "investments": 16060728, "totalCashflowsFromInvestingActivities": 13073879, "netBorrowings": 482091, "otherCashflowsFromFinancingActivities": 5774293, "totalCashFromFinancingActivities": 6256384, "changeInCash": 1963426}, {"maxAge": 1, "endDate": "2017-03-31", "netIncome": 18672900, "depreciation": 3846072, "changeToNetincome": -7715011, "changeToAccountReceivables": -108852, "changeToLiabilities": -7386846, "changeToInventory": 136861250, "changeToOperatingActivities": -145471299, "totalCashFromOperatingActivities": -1301786, "capitalExpenditures": -6147683, "investments": 5188213, "otherCashflowsFromInvestingActivities": 1034393, "totalCashflowsFromInvestingActivities": 74923, "dividendsPaid": -3411148, "netBorrowings": -414166, "otherCashflowsFromFinancingActivities": 2268994, "totalCashFromFinancingActivities": -1556320, "changeInCash": -2783183}], "maxAge": 86400}, "institutionOwnership": {"maxAge": 1, "ownershipList": []}, "balanceSheetHistoryQuarterly": {"balanceSheetStatements": [{"maxAge": 1, "endDate": "2020-06-30", "totalStockholderEquity": 893231907, "netTangibleAssets": 893231907}, {"maxAge": 1, "endDate": "2020-03-31", "cash": 11148980, "netReceivables": 835855845, "otherCurrentAssets": 33223611, "totalCurrentAssets": 1002273912, "longTermInvestments": 2963925, "propertyPlantEquipment": 6450789, "otherAssets": 1361737, "deferredLongTermAssetCharges": 1361736, "totalAssets": 1013050363, "accountsPayable": 4704840, "otherCurrentLiab": 86676208, "longTermDebt": 316641, "totalCurrentLiabilities": 119501815, "totalLiab": 119818456, "commonStock": 68222950, "retainedEarnings": -9093893, "capitalSurplus": 834102850, "totalStockholderEquity": 893231907, "netTangibleAssets": 893231907}, {"maxAge": 1, "endDate": "2019-12-31", "totalStockholderEquity": 910282600, "netTangibleAssets": 910282600}, {"maxAge": 1, "endDate": "2019-09-30", "cash": 6116100, "netReceivables": 844545800, "totalCurrentAssets": 850661900, "longTermInvestments": 154015800, "propertyPlantEquipment": 7334400, "otherAssets": 968800, "totalAssets": 1012980900, "otherCurrentLiab": 4950000, "longTermDebt": 17043500, "otherLiab": 80704800, "totalCurrentLiabilities": 4950000, "totalLiab": 102698300, "commonStock": 68222900, "treasuryStock": 842059700, "otherStockholderEquity": 842059700, "totalStockholderEquity": 910282600, "netTangibleAssets": 910282600}], "maxAge": 86400}, "indexTrend": {"maxAge": 1, "symbol": "SP5", "peRatio": 19.7411, "pegRatio": 1.34172, "estimates": [{"period": "0q", "growth": 0.549}, {"period": "+1q", "growth": 0.431}, {"period": "0y", "growth": 0.305}, {"period": "+1y", "growth": 0.109}, {"period": "+5y", "growth": 0.120859005}, {"period": "-5y"}]}, "insiderTransactions": {"transactions": [{"maxAge": 1, "shares": 301700, "filerUrl": "", "transactionText": "", "filerName": "Angel Consultants Pvt Ltd", "filerRelation": "Institution- Corporation", "moneyText": "", "startDate": "2010-06-07", "ownership": "D"}, {"maxAge": 1, "shares": 317900, "filerUrl": "", "transactionText": "", "filerName": "Mayank Media Vision Pvt Ltd", "filerRelation": "Institution- Corporation", "moneyText": "", "startDate": "2010-06-07", "ownership": "D"}, {"maxAge": 1, "shares": 380000, "filerUrl": "", "transactionText": "", "filerName": "Poddar Moneycare Pvt Ltd", "filerRelation": "Institution- Corporation", "moneyText": "", "startDate": "2010-06-07", "ownership": "D"}], "maxAge": 1}, "quoteType": {"exchange": "BSE", "quoteType": "EQUITY", "symbol": "INTRGLB.BO", "underlyingSymbol": "INTRGLB.BO", "shortName": "INTER GLOBE FINANCE LTD.", "longName": "Inter Globe Finance Limited", "firstTradeDateEpochUtc": "2010-04-20 09:15:00", "timeZoneFullName": "Asia/Kolkata", "timeZoneShortName": "IST", "uuid": "9b9b560d-e1ce-3c4a-955a-f7dbdac3b341", "messageBoardId": null, "gmtOffSetMilliseconds": 19800000, "maxAge": 1}, "incomeStatementHistory": {"incomeStatementHistory": [{"maxAge": 1, "endDate": "2020-03-31", "totalRevenue": 88823013, "costOfRevenue": 36495890, "grossProfit": 52327123, "researchDevelopment": {}, "sellingGeneralAdministrative": 14028214, "nonRecurring": {}, "otherOperatingExpenses": 8836842, "totalOperatingExpenses": 61473626, "operatingIncome": 27349387, "totalOtherIncomeExpenseNet": -58036542, "ebit": 27349387, "interestExpense": -1451375, "incomeBeforeTax": -30687155, "incomeTaxExpense": 1916195, "minorityInterest": {}, "netIncomeFromContinuingOps": -32603350, "discontinuedOperations": {}, "extraordinaryItems": {}, "effectOfAccountingCharges": {}, "otherItems": {}, "netIncome": -32603350, "netIncomeApplicableToCommonShares": -32603350}, {"maxAge": 1, "endDate": "2019-03-31", "totalRevenue": 137923518, "costOfRevenue": 72514301, "grossProfit": 65409217, "researchDevelopment": {}, "sellingGeneralAdministrative": 14633702, "nonRecurring": {}, "otherOperatingExpenses": 10107649, "totalOperatingExpenses": 99715273, "operatingIncome": 38208245, "totalOtherIncomeExpenseNet": -33554599, "ebit": 38208245, "interestExpense": -1910944, "incomeBeforeTax": 4653646, "incomeTaxExpense": 1679007, "minorityInterest": {}, "netIncomeFromContinuingOps": 2974639, "discontinuedOperations": {}, "extraordinaryItems": {}, "effectOfAccountingCharges": {}, "otherItems": {}, "netIncome": 2974639, "netIncomeApplicableToCommonShares": 2974639}, {"maxAge": 1, "endDate": "2018-03-31", "totalRevenue": 189251148, "costOfRevenue": 106189494, "grossProfit": 83061654, "researchDevelopment": {}, "sellingGeneralAdministrative": 17501014, "nonRecurring": {}, "otherOperatingExpenses": 18651045, "totalOperatingExpenses": 145494194, "operatingIncome": 43756954, "totalOtherIncomeExpenseNet": -57406391, "ebit": 43756954, "interestExpense": -5331979, "incomeBeforeTax": -13649437, "incomeTaxExpense": 768783, "minorityInterest": {}, "netIncomeFromContinuingOps": -14418220, "discontinuedOperations": {}, "extraordinaryItems": {}, "effectOfAccountingCharges": {}, "otherItems": {}, "netIncome": -14418220, "netIncomeApplicableToCommonShares": -14418220}, {"maxAge": 1, "endDate": "2017-03-31", "totalRevenue": 778304521, "costOfRevenue": 712224575, "grossProfit": 66079946, "researchDevelopment": {}, "sellingGeneralAdministrative": 9990973, "nonRecurring": {}, "otherOperatingExpenses": 16026016, "totalOperatingExpenses": 742087636, "operatingIncome": 36216885, "totalOtherIncomeExpenseNet": -11727592, "ebit": 36216885, "interestExpense": -3534483, "incomeBeforeTax": 24489293, "incomeTaxExpense": 5816393, "minorityInterest": {}, "netIncomeFromContinuingOps": 18672900, "discontinuedOperations": {}, "extraordinaryItems": {}, "effectOfAccountingCharges": {}, "otherItems": {}, "netIncome": 18672900, "netIncomeApplicableToCommonShares": 18672900}], "maxAge": 86400}, "fundOwnership": {"maxAge": 1, "ownershipList": []}, "summaryDetail": {"maxAge": 1, "priceHint": 2, "previousClose": 12.02, "open": 10.88, "dayLow": 10.88, "dayHigh": 12.02, "regularMarketPreviousClose": 12.02, "regularMarketOpen": 10.88, "regularMarketDayLow": 10.88, "regularMarketDayHigh": 12.02, "volume": 26, "regularMarketVolume": 26, "averageVolume": 741, "averageVolume10days": 195, "averageDailyVolume10Day": 195, "bid": 0.0, "ask": 12.62, "bidSize": 0, "askSize": 0, "marketCap": 82004048, "fiftyTwoWeekLow": 4.02, "fiftyTwoWeekHigh": 12.02, "fiftyDayAverage": 8.884, "twoHundredDayAverage": 5.847226, "currency": "INR", "fromCurrency": null, "toCurrency": null, "lastMarket": null, "algorithm": null, "tradeable": false}, "incomeStatementHistoryQuarterly": {"incomeStatementHistory": [{"maxAge": 1, "endDate": "2020-06-30", "totalRevenue": 17586000, "costOfRevenue": -10088000, "grossProfit": 27674000, "researchDevelopment": {}, "sellingGeneralAdministrative": 3256000, "nonRecurring": {}, "otherOperatingExpenses": 777000, "totalOperatingExpenses": -5575000, "operatingIncome": 23161000, "totalOtherIncomeExpenseNet": -13241000, "ebit": 23161000, "interestExpense": -3903000, "incomeBeforeTax": 9920000, "incomeTaxExpense": 4800000, "minorityInterest": {}, "netIncomeFromContinuingOps": 5120000, "discontinuedOperations": {}, "extraordinaryItems": {}, "effectOfAccountingCharges": {}, "otherItems": {}, "netIncome": 5120000, "netIncomeApplicableToCommonShares": 5120000}, {"maxAge": 1, "endDate": "2020-03-31", "totalRevenue": 21831013, "costOfRevenue": 18149890, "grossProfit": 3681123, "researchDevelopment": {}, "sellingGeneralAdministrative": 3486214, "nonRecurring": {}, "otherOperatingExpenses": -394158, "totalOperatingExpenses": 21583626, "operatingIncome": 247387, "totalOtherIncomeExpenseNet": -8319542, "ebit": 247387, "interestExpense": -3903000, "incomeBeforeTax": -8072155, "incomeTaxExpense": -1983805, "minorityInterest": {}, "netIncomeFromContinuingOps": -6088350, "discontinuedOperations": {}, "extraordinaryItems": {}, "effectOfAccountingCharges": {}, "otherItems": {}, "netIncome": -6088350, "netIncomeApplicableToCommonShares": -6088350}, {"maxAge": 1, "endDate": "2019-12-31", "totalRevenue": 18298000, "costOfRevenue": 12313000, "grossProfit": 5985000, "researchDevelopment": {}, "sellingGeneralAdministrative": 3541000, "nonRecurring": {}, "otherOperatingExpenses": 2387000, "totalOperatingExpenses": 18783000, "operatingIncome": -485000, "totalOtherIncomeExpenseNet": -37929000, "ebit": -485000, "interestExpense": -3255000, "incomeBeforeTax": -38414000, "incomeTaxExpense": 0, "minorityInterest": {}, "netIncomeFromContinuingOps": -38414000, "discontinuedOperations": {}, "extraordinaryItems": {}, "effectOfAccountingCharges": {}, "otherItems": {}, "netIncome": -38414000, "netIncomeApplicableToCommonShares": -38414000}, {"maxAge": 1, "endDate": "2019-09-30", "totalRevenue": 21179000, "costOfRevenue": 6866000, "grossProfit": 14313000, "researchDevelopment": {}, "sellingGeneralAdministrative": 3813000, "nonRecurring": {}, "otherOperatingExpenses": 9806000, "totalOperatingExpenses": 21073000, "operatingIncome": 106000, "totalOtherIncomeExpenseNet": -4365000, "ebit": 106000, "interestExpense": -4365000, "incomeBeforeTax": -4259000, "incomeTaxExpense": 0, "minorityInterest": {}, "netIncomeFromContinuingOps": -4259000, "discontinuedOperations": {}, "extraordinaryItems": {}, "effectOfAccountingCharges": {}, "otherItems": {}, "netIncome": -4259000, "netIncomeApplicableToCommonShares": -4259000}], "maxAge": 86400}, "cashflowStatementHistoryQuarterly": {"cashflowStatements": [{"maxAge": 1, "endDate": "2020-06-30", "netIncome": 5120000, "changeToLiabilities": 0}, {"maxAge": 1, "endDate": "2020-03-31", "netIncome": -6088350, "changeToLiabilities": 0}, {"maxAge": 1, "endDate": "2019-12-31", "netIncome": -38414000, "changeToLiabilities": 0}, {"maxAge": 1, "endDate": "2019-09-30", "netIncome": -4259000, "changeToLiabilities": 0}], "maxAge": 86400}, "insiderHolders": {"holders": [{"maxAge": 1, "name": "Angel Consultants Pvt Ltd", "relation": "Institution- Corporation", "url": "", "transactionDescription": "Sale", "latestTransDate": "2010-06-07", "positionDirect": 0, "positionDirectDate": "2010-06-07"}, {"maxAge": 1, "name": "Mayank Media Vision Pvt Ltd", "relation": "Institution- Corporation", "url": "", "transactionDescription": "Sale", "latestTransDate": "2010-06-07", "positionDirect": 0, "positionDirectDate": "2010-06-07"}, {"maxAge": 1, "name": "Poddar Moneycare Pvt Ltd", "relation": "Institution- Corporation", "url": "", "transactionDescription": "Sale", "latestTransDate": "2010-06-07", "positionDirect": 0, "positionDirectDate": "2010-06-07"}], "maxAge": 1}, "calendarEvents": {"maxAge": 1, "earnings": {"earningsDate": ["2020-06-29 05:30:S"]}}, "price": {"maxAge": 1, "regularMarketChangePercent": 0.0, "regularMarketChange": 0.0, "regularMarketTime": "2021-04-23 14:33:26", "priceHint": 2, "regularMarketPrice": 12.02, "regularMarketDayHigh": 12.02, "regularMarketDayLow": 10.88, "regularMarketVolume": 26, "averageDailyVolume10Day": 195, "averageDailyVolume3Month": 741, "regularMarketPreviousClose": 12.02, "regularMarketSource": "FREE_REALTIME", "regularMarketOpen": 10.88, "exchange": "BSE", "exchangeName": "BSE", "exchangeDataDelayedBy": 0, "marketState": "CLOSED", "quoteType": "EQUITY", "symbol": "INTRGLB.BO", "underlyingSymbol": null, "shortName": "INTER GLOBE FINANCE LTD.", "longName": "Inter Globe Finance Limited", "currency": "INR", "quoteSourceName": "Delayed Quote", "currencySymbol": "\u20b9", "fromCurrency": null, "toCurrency": null, "lastMarket": null, "marketCap": 82004048}, "balanceSheetHistory": {"balanceSheetStatements": [{"maxAge": 1, "endDate": "2020-03-31", "cash": 11148980, "netReceivables": 835855845, "otherCurrentAssets": 33223611, "totalCurrentAssets": 1002273912, "longTermInvestments": 2963925, "propertyPlantEquipment": 6450789, "otherAssets": 1361737, "deferredLongTermAssetCharges": 1361736, "totalAssets": 1013050363, "accountsPayable": 4704840, "otherCurrentLiab": 86676208, "longTermDebt": 316641, "totalCurrentLiabilities": 119501815, "totalLiab": 119818456, "commonStock": 68222950, "retainedEarnings": -9093893, "capitalSurplus": 834102850, "totalStockholderEquity": 893231907, "netTangibleAssets": 893231907}, {"maxAge": 1, "endDate": "2019-03-31", "cash": 6470018, "netReceivables": 774284147, "otherCurrentAssets": 25983874, "totalCurrentAssets": 959012819, "longTermInvestments": 8064842, "propertyPlantEquipment": 8816642, "otherAssets": 1437931, "deferredLongTermAssetCharges": 1437931, "totalAssets": 977332234, "accountsPayable": 27927, "otherCurrentLiab": 46076378, "longTermDebt": 654977, "otherLiab": -1, "totalCurrentLiabilities": 50595708, "totalLiab": 51250684, "commonStock": 68222950, "retainedEarnings": 23755750, "capitalSurplus": 834102850, "totalStockholderEquity": 926081550, "netTangibleAssets": 926081550}, {"maxAge": 1, "endDate": "2018-03-31", "cash": 7518686, "netReceivables": 759481616, "otherCurrentAssets": 26866051, "totalCurrentAssets": 956742556, "longTermInvestments": 8058482, "propertyPlantEquipment": 9967490, "otherAssets": 1102833, "deferredLongTermAssetCharges": 1102833, "totalAssets": 975871361, "accountsPayable": 1339626, "otherCurrentLiab": 37781691, "longTermDebt": 964052, "totalCurrentLiabilities": 51731273, "totalLiab": 52695325, "commonStock": 68222950, "retainedEarnings": 20850236, "capitalSurplus": 834102850, "totalStockholderEquity": 923176036, "netTangibleAssets": 923176036}, {"maxAge": 1, "endDate": "2017-03-31", "cash": 5555260, "netReceivables": 861927255, "otherCurrentAssets": 32752829, "totalCurrentAssets": 991635208, "longTermInvestments": 24119210, "propertyPlantEquipment": 10039206, "otherAssets": 2, "totalAssets": 1025793626, "accountsPayable": 561665, "otherCurrentLiab": 18838093, "longTermDebt": 481961, "otherLiab": 796486, "totalCurrentLiabilities": 87222039, "totalLiab": 88500486, "commonStock": 68222950, "retainedEarnings": 34967340, "capitalSurplus": 834102850, "totalStockholderEquity": 937293140, "netTangibleAssets": 937293140}], "maxAge": 86400}, "financialData": {"maxAge": 86400, "currentPrice": 12.02, "recommendationKey": "none", "grossProfits": 52327123, "financialCurrency": "INR"}}}