{"INVPRECQ.BO": {"recommendationTrend": {"trend": [{"period": "0m", "strongBuy": 0, "buy": 0, "hold": 0, "sell": 0, "strongSell": 0}, {"period": "-1m", "strongBuy": 0, "buy": 0, "hold": 0, "sell": 0, "strongSell": 0}, {"period": "-2m", "strongBuy": 0, "buy": 0, "hold": 0, "sell": 0, "strongSell": 0}, {"period": "-3m", "strongBuy": 0, "buy": 0, "hold": 0, "sell": 0, "strongSell": 0}], "maxAge": 86400}, "cashflowStatementHistory": {"cashflowStatements": [{"maxAge": 1, "endDate": "2020-03-31", "netIncome": -7239000, "depreciation": 65067000, "changeToNetincome": 41196000, "changeToAccountReceivables": 30107000, "changeToLiabilities": -13795000, "changeToInventory": 4056000, "changeToOperatingActivities": -15974000, "totalCashFromOperatingActivities": 104282000, "capitalExpenditures": -61219000, "otherCashflowsFromInvestingActivities": 2259000, "totalCashflowsFromInvestingActivities": -58960000, "dividendsPaid": -9977000, "netBorrowings": 19872000, "otherCashflowsFromFinancingActivities": -55010000, "totalCashFromFinancingActivities": -45115000, "changeInCash": 207000}, {"maxAge": 1, "endDate": "2019-03-31", "netIncome": 99302000, "depreciation": 61711000, "changeToNetincome": 20175000, "changeToAccountReceivables": 30427000, "changeToLiabilities": 37666000, "changeToInventory": -117606000, "changeToOperatingActivities": -11946000, "totalCashFromOperatingActivities": 119729000, "capitalExpenditures": -230414000, "otherCashflowsFromInvestingActivities": 2991000, "totalCashflowsFromInvestingActivities": -224421000, "dividendsPaid": -12391000, "netBorrowings": 156630000, "otherCashflowsFromFinancingActivities": -44402000, "totalCashFromFinancingActivities": 99837000, "changeInCash": -4855000}, {"maxAge": 1, "endDate": "2018-03-31", "netIncome": 79368000, "depreciation": 51398000, "changeToNetincome": 45171000, "changeToAccountReceivables": -51001000, "changeToLiabilities": 59105000, "changeToInventory": -31778000, "changeToOperatingActivities": -11946000, "totalCashFromOperatingActivities": 152263000, "capitalExpenditures": -205669000, "otherCashflowsFromInvestingActivities": 2004000, "totalCashflowsFromInvestingActivities": -202858000, "dividendsPaid": -6229000, "netBorrowings": 94590000, "otherCashflowsFromFinancingActivities": -36739000, "totalCashFromFinancingActivities": 51622000, "changeInCash": 1027000}, {"maxAge": 1, "endDate": "2017-03-31", "netIncome": 41717556, "depreciation": 49877522, "changeToNetincome": 32441794, "changeToAccountReceivables": -7872569, "changeToLiabilities": -10012855, "changeToInventory": -6984696, "changeToOperatingActivities": -11946000, "totalCashFromOperatingActivities": 99166752, "capitalExpenditures": -53643057, "otherCashflowsFromInvestingActivities": 1649353, "totalCashflowsFromInvestingActivities": -50172704, "dividendsPaid": -3454911, "netBorrowings": -11219274, "otherCashflowsFromFinancingActivities": -33977409, "totalCashFromFinancingActivities": -48651594, "changeInCash": 342454}], "maxAge": 86400}, "institutionOwnership": {"maxAge": 1, "ownershipList": []}, "balanceSheetHistoryQuarterly": {"balanceSheetStatements": [{"maxAge": 1, "endDate": "2020-06-30", "totalStockholderEquity": 729859000, "netTangibleAssets": 726456000}, {"maxAge": 1, "endDate": "2020-03-31", "cash": 2075000, "netReceivables": 270288000, "inventory": 317044000, "otherCurrentAssets": 48552000, "totalCurrentAssets": 643432000, "longTermInvestments": 637000, "propertyPlantEquipment": 838922000, "intangibleAssets": 4831000, "otherAssets": 128628000, "totalAssets": 1616450000, "accountsPayable": 174743000, "shortLongTermDebt": 35178000, "otherCurrentLiab": 74434000, "longTermDebt": 159537000, "otherLiab": 38443000, "totalCurrentLiabilities": 688610000, "totalLiab": 886590000, "commonStock": 50000000, "treasuryStock": 679860000, "otherStockholderEquity": 679860000, "totalStockholderEquity": 729860000, "netTangibleAssets": 725029000}, {"maxAge": 1, "endDate": "2019-12-31", "totalStockholderEquity": 730117000, "netTangibleAssets": 726221000}, {"maxAge": 1, "endDate": "2019-09-30", "cash": 18011000, "netReceivables": 216358000, "inventory": 311549000, "otherCurrentAssets": 111403000, "totalCurrentAssets": 657321000, "longTermInvestments": 385000, "propertyPlantEquipment": 836386000, "intangibleAssets": 3896000, "otherAssets": 85026000, "totalAssets": 1583014000, "accountsPayable": 155450000, "shortLongTermDebt": 56580000, "otherCurrentLiab": 75016000, "longTermDebt": 145906000, "otherLiab": 40121000, "totalCurrentLiabilities": 666870000, "totalLiab": 852897000, "commonStock": 50000000, "treasuryStock": 680117000, "otherStockholderEquity": 680117000, "totalStockholderEquity": 730117000, "netTangibleAssets": 726221000}], "maxAge": 86400}, "earningsHistory": {"history": [{"maxAge": 1, "epsActual": {}, "epsEstimate": {}, "epsDifference": {}, "surprisePercent": {}, "quarter": {}, "period": "-4q"}, {"maxAge": 1, "epsActual": {}, "epsEstimate": {}, "epsDifference": {}, "surprisePercent": {}, "quarter": {}, "period": "-3q"}, {"maxAge": 1, "epsActual": {}, "epsEstimate": {}, "epsDifference": {}, "surprisePercent": {}, "quarter": {}, "period": "-2q"}, {"maxAge": 1, "epsActual": 5.34, "epsEstimate": 2.74, "epsDifference": 2.6, "surprisePercent": 0.949, "quarter": "2017-09-30", "period": "-1q"}], "maxAge": 86400}, "indexTrend": {"maxAge": 1, "symbol": "SP5", "peRatio": 19.7411, "pegRatio": 1.34172, "estimates": [{"period": "0q", "growth": 0.549}, {"period": "+1q", "growth": 0.431}, {"period": "0y", "growth": 0.305}, {"period": "+1y", "growth": 0.109}, {"period": "+5y", "growth": 0.120859005}, {"period": "-5y"}]}, "industryTrend": {"maxAge": 1, "symbol": null, "estimates": []}, "insiderTransactions": {"transactions": [{"maxAge": 1, "shares": 12500, "filerUrl": "", "transactionText": "", "filerName": "Tamboli (Piyush Indulal)", "filerRelation": "Executive Chairman", "moneyText": "", "startDate": "2019-12-24", "ownership": "D"}, {"maxAge": 1, "shares": 10000, "filerUrl": "", "transactionText": "", "filerName": "Tamboli (Vishakha Piyush)", "filerRelation": "Additonal Director", "moneyText": "", "startDate": "2019-05-06", "ownership": "D"}, {"maxAge": 1, "shares": 1000, "filerUrl": "", "transactionText": "", "filerName": "Tamboli (Kavya Piyushbhai)", "filerRelation": "Promoter", "moneyText": "", "startDate": "2018-11-22", "ownership": "D"}], "maxAge": 1}, "quoteType": {"exchange": "BSE", "quoteType": "EQUITY", "symbol": "INVPRECQ.BO", "underlyingSymbol": "INVPRECQ.BO", "shortName": "INVESTMENT & PRECISION CASTING", "longName": "Investment & Precision Castings Limited", "firstTradeDateEpochUtc": "2002-01-07 09:15:00", "timeZoneFullName": "Asia/Kolkata", "timeZoneShortName": "IST", "uuid": "0687f16c-4527-3ca0-8eee-87f230f3188c", "messageBoardId": null, "gmtOffSetMilliseconds": 19800000, "maxAge": 1}, "incomeStatementHistory": {"incomeStatementHistory": [{"maxAge": 1, "endDate": "2020-03-31", "totalRevenue": 951853000, "costOfRevenue": 102774000, "grossProfit": 849079000, "researchDevelopment": {}, "sellingGeneralAdministrative": 73854000, "nonRecurring": {}, "otherOperatingExpenses": 658806000, "totalOperatingExpenses": 901365000, "operatingIncome": 50488000, "totalOtherIncomeExpenseNet": -61322000, "ebit": 50488000, "interestExpense": -55009000, "incomeBeforeTax": -10834000, "incomeTaxExpense": -3595000, "minorityInterest": {}, "netIncomeFromContinuingOps": -7239000, "discontinuedOperations": {}, "extraordinaryItems": {}, "effectOfAccountingCharges": {}, "otherItems": {}, "netIncome": -7239000, "netIncomeApplicableToCommonShares": -7239000}, {"maxAge": 1, "endDate": "2019-03-31", "totalRevenue": 1186847000, "costOfRevenue": 31557000, "grossProfit": 1155290000, "researchDevelopment": {}, "sellingGeneralAdministrative": 79462000, "nonRecurring": {}, "otherOperatingExpenses": 873417000, "totalOperatingExpenses": 1046146000, "operatingIncome": 140701000, "totalOtherIncomeExpenseNet": -45103000, "ebit": 140701000, "interestExpense": -44402000, "incomeBeforeTax": 95598000, "incomeTaxExpense": -3704000, "minorityInterest": {}, "netIncomeFromContinuingOps": 99302000, "discontinuedOperations": {}, "extraordinaryItems": {}, "effectOfAccountingCharges": {}, "otherItems": {}, "netIncome": 99302000, "netIncomeApplicableToCommonShares": 99302000}, {"maxAge": 1, "endDate": "2018-03-31", "totalRevenue": 1075720000, "costOfRevenue": 86140000, "grossProfit": 989580000, "researchDevelopment": {}, "sellingGeneralAdministrative": 82291000, "nonRecurring": {}, "otherOperatingExpenses": 699567000, "totalOperatingExpenses": 919340000, "operatingIncome": 156380000, "totalOtherIncomeExpenseNet": -36652000, "ebit": 156380000, "interestExpense": -36739000, "incomeBeforeTax": 119728000, "incomeTaxExpense": 40360000, "minorityInterest": {}, "netIncomeFromContinuingOps": 79368000, "discontinuedOperations": {}, "extraordinaryItems": {}, "effectOfAccountingCharges": {}, "otherItems": {}, "netIncome": 79368000, "netIncomeApplicableToCommonShares": 79368000}, {"maxAge": 1, "endDate": "2017-03-31", "totalRevenue": 920379731, "costOfRevenue": 85368683, "grossProfit": 835011048, "researchDevelopment": {}, "sellingGeneralAdministrative": 79688101, "nonRecurring": {}, "otherOperatingExpenses": 606738185, "totalOperatingExpenses": 821616302, "operatingIncome": 98763429, "totalOtherIncomeExpenseNet": -36654251, "ebit": 98763429, "interestExpense": -33977409, "incomeBeforeTax": 62109178, "incomeTaxExpense": 20391622, "minorityInterest": {}, "netIncomeFromContinuingOps": 41717556, "discontinuedOperations": {}, "extraordinaryItems": {}, "effectOfAccountingCharges": {}, "otherItems": {}, "netIncome": 41717556, "netIncomeApplicableToCommonShares": 41717556}], "maxAge": 86400}, "fundOwnership": {"maxAge": 1, "ownershipList": []}, "summaryDetail": {"maxAge": 1, "priceHint": 2, "previousClose": 202.0, "open": 204.95, "dayLow": 202.0, "dayHigh": 226.0, "regularMarketPreviousClose": 202.0, "regularMarketOpen": 204.95, "regularMarketDayLow": 202.0, "regularMarketDayHigh": 226.0, "forwardPE": 9.508811, "volume": 13769, "regularMarketVolume": 13769, "averageVolume": 4052, "averageVolume10days": 1475, "averageDailyVolume10Day": 1475, "bid": 213.05, "ask": 217.75, "bidSize": 0, "askSize": 0, "marketCap": 1079250048, "fiftyTwoWeekLow": 120.0, "fiftyTwoWeekHigh": 226.0, "fiftyDayAverage": 204.65286, "twoHundredDayAverage": 171.31131, "trailingAnnualDividendRate": 0.1, "trailingAnnualDividendYield": 0.0004950495, "currency": "INR", "fromCurrency": null, "toCurrency": null, "lastMarket": null, "algorithm": null, "tradeable": false}, "sectorTrend": {"maxAge": 1, "symbol": null, "estimates": []}, "incomeStatementHistoryQuarterly": {"incomeStatementHistory": [{"maxAge": 1, "endDate": "2020-06-30", "totalRevenue": 76351000, "costOfRevenue": 79657000, "grossProfit": -3306000, "researchDevelopment": {}, "sellingGeneralAdministrative": 9845000, "nonRecurring": {}, "otherOperatingExpenses": 12369000, "totalOperatingExpenses": 117751000, "operatingIncome": -41400000, "totalOtherIncomeExpenseNet": -12445000, "ebit": -41400000, "interestExpense": -13268000, "incomeBeforeTax": -53845000, "incomeTaxExpense": -15280000, "minorityInterest": {}, "netIncomeFromContinuingOps": -38565000, "discontinuedOperations": {}, "extraordinaryItems": {}, "effectOfAccountingCharges": {}, "otherItems": {}, "netIncome": -38565000, "netIncomeApplicableToCommonShares": -38565000}, {"maxAge": 1, "endDate": "2020-03-31", "totalRevenue": 235591000, "costOfRevenue": -400087000, "grossProfit": 635678000, "researchDevelopment": {}, "sellingGeneralAdministrative": 14071000, "nonRecurring": {}, "otherOperatingExpenses": 585111000, "totalOperatingExpenses": 213797000, "operatingIncome": 21794000, "totalOtherIncomeExpenseNet": -18866000, "ebit": 21794000, "interestExpense": -10005000, "incomeBeforeTax": 2928000, "incomeTaxExpense": 687000, "minorityInterest": {}, "netIncomeFromContinuingOps": 2241000, "discontinuedOperations": {}, "extraordinaryItems": {}, "effectOfAccountingCharges": {}, "otherItems": {}, "netIncome": 2241000, "netIncomeApplicableToCommonShares": 2241000}, {"maxAge": 1, "endDate": "2019-12-31", "totalRevenue": 716149000, "costOfRevenue": 502861000, "grossProfit": 213288000, "researchDevelopment": {}, "sellingGeneralAdministrative": 59783000, "nonRecurring": {}, "otherOperatingExpenses": 73625000, "totalOperatingExpenses": 687498000, "operatingIncome": 28651000, "totalOtherIncomeExpenseNet": -42456000, "ebit": 28651000, "interestExpense": -45219000, "incomeBeforeTax": -13805000, "incomeTaxExpense": -1281000, "minorityInterest": {}, "netIncomeFromContinuingOps": -12524000, "discontinuedOperations": {}, "extraordinaryItems": {}, "effectOfAccountingCharges": {}, "otherItems": {}, "netIncome": -12524000, "netIncomeApplicableToCommonShares": -12524000}, {"maxAge": 1, "endDate": "2019-09-30", "totalRevenue": 232006000, "costOfRevenue": 152557000, "grossProfit": 79449000, "researchDevelopment": {}, "sellingGeneralAdministrative": 21551000, "nonRecurring": {}, "otherOperatingExpenses": 25707000, "totalOperatingExpenses": 216447000, "operatingIncome": 15559000, "totalOtherIncomeExpenseNet": -14915000, "ebit": 15559000, "interestExpense": -15931000, "incomeBeforeTax": 644000, "incomeTaxExpense": -8000, "minorityInterest": {}, "netIncomeFromContinuingOps": 652000, "discontinuedOperations": {}, "extraordinaryItems": {}, "effectOfAccountingCharges": {}, "otherItems": {}, "netIncome": 652000, "netIncomeApplicableToCommonShares": 652000}], "maxAge": 86400}, "cashflowStatementHistoryQuarterly": {"cashflowStatements": [{"maxAge": 1, "endDate": "2020-06-30", "netIncome": -38565000, "changeToLiabilities": 0}, {"maxAge": 1, "endDate": "2020-03-31", "netIncome": 2241000, "changeToLiabilities": 0}, {"maxAge": 1, "endDate": "2019-12-31", "netIncome": -12524000, "changeToLiabilities": 0}, {"maxAge": 1, "endDate": "2019-09-30", "netIncome": 652000, "changeToLiabilities": 0}], "maxAge": 86400}, "insiderHolders": {"holders": [{"maxAge": 1, "name": "Tamboli (Kavya Piyushbhai)", "relation": "Promoter", "url": "", "transactionDescription": "Acquisition", "latestTransDate": "2018-11-22", "positionDirect": 9400, "positionDirectDate": "2018-11-22"}, {"maxAge": 1, "name": "Tamboli (Piyush Indulal)", "relation": "Executive Chairman", "url": "", "transactionDescription": "Acquisition", "latestTransDate": "2019-12-24", "positionDirect": 1072829, "positionDirectDate": "2019-12-24"}, {"maxAge": 1, "name": "Tamboli (Vishakha Piyush)", "relation": "Additonal Director", "url": "", "transactionDescription": "Acquisition", "latestTransDate": "2019-05-06", "positionDirect": 323200, "positionDirectDate": "2019-05-06"}], "maxAge": 1}, "earnings": {"maxAge": 86400, "earningsChart": {"quarterly": [{"date": "3Q2017", "actual": 5.34, "estimate": 2.74}], "currentQuarterEstimateDate": "4Q", "currentQuarterEstimateYear": 2017, "earningsDate": []}, "financialsChart": {"yearly": [{"date": 2017, "revenue": 920379731, "earnings": 41717556}, {"date": 2018, "revenue": 1075720000, "earnings": 79368000}, {"date": 2019, "revenue": 1186847000, "earnings": 99302000}, {"date": 2020, "revenue": 951853000, "earnings": -7239000}], "quarterly": [{"date": "3Q2019", "revenue": 232006000, "earnings": 652000}, {"date": "4Q2019", "revenue": 716149000, "earnings": -12524000}, {"date": "1Q2020", "revenue": 235591000, "earnings": 2241000}, {"date": "2Q2020", "revenue": 76351000, "earnings": -38565000}]}, "financialCurrency": "INR"}, "calendarEvents": {"maxAge": 1, "earnings": {"earningsDate": []}}, "price": {"maxAge": 1, "regularMarketChangePercent": 0.068564385, "regularMarketChange": 13.850006, "regularMarketTime": "2021-04-30 15:29:37", "priceHint": 2, "regularMarketPrice": 215.85, "regularMarketDayHigh": 226.0, "regularMarketDayLow": 202.0, "regularMarketVolume": 13769, "averageDailyVolume10Day": 1475, "averageDailyVolume3Month": 4052, "regularMarketPreviousClose": 202.0, "regularMarketSource": "FREE_REALTIME", "regularMarketOpen": 204.95, "exchange": "BSE", "exchangeName": "BSE", "exchangeDataDelayedBy": 0, "marketState": "CLOSED", "quoteType": "EQUITY", "symbol": "INVPRECQ.BO", "underlyingSymbol": null, "shortName": "INVESTMENT & PRECISION CASTING", "longName": "Investment & Precision Castings Limited", "currency": "INR", "quoteSourceName": "Delayed Quote", "currencySymbol": "\u20b9", "fromCurrency": null, "toCurrency": null, "lastMarket": null, "marketCap": 1079250048}, "balanceSheetHistory": {"balanceSheetStatements": [{"maxAge": 1, "endDate": "2020-03-31", "cash": 2075000, "netReceivables": 270288000, "inventory": 317044000, "otherCurrentAssets": 48552000, "totalCurrentAssets": 643432000, "longTermInvestments": 637000, "propertyPlantEquipment": 838922000, "intangibleAssets": 4831000, "otherAssets": 128628000, "totalAssets": 1616450000, "accountsPayable": 174743000, "shortLongTermDebt": 35178000, "otherCurrentLiab": 74434000, "longTermDebt": 159537000, "otherLiab": 38443000, "totalCurrentLiabilities": 688610000, "totalLiab": 886590000, "commonStock": 50000000, "treasuryStock": 679860000, "otherStockholderEquity": 679860000, "totalStockholderEquity": 729860000, "netTangibleAssets": 725029000}, {"maxAge": 1, "endDate": "2019-03-31", "cash": 1868000, "netReceivables": 291122000, "inventory": 321100000, "otherCurrentAssets": 83327000, "totalCurrentAssets": 704476000, "longTermInvestments": 385000, "propertyPlantEquipment": 843672000, "intangibleAssets": 4632000, "otherAssets": 82115000, "totalAssets": 1635280000, "accountsPayable": 181501000, "shortLongTermDebt": 43584000, "otherCurrentLiab": 72283000, "longTermDebt": 167536000, "otherLiab": 42667000, "totalCurrentLiabilities": 675228000, "totalLiab": 885431000, "commonStock": 50000000, "treasuryStock": 699849000, "otherStockholderEquity": 699849000, "totalStockholderEquity": 749849000, "netTangibleAssets": 745217000}, {"maxAge": 1, "endDate": "2018-03-31", "cash": 6775000, "netReceivables": 243020000, "inventory": 203494000, "otherCurrentAssets": 101454000, "totalCurrentAssets": 560546000, "longTermInvestments": 60000, "propertyPlantEquipment": 682097000, "intangibleAssets": 3456000, "otherAssets": 54727000, "totalAssets": 1300886000, "accountsPayable": 134893000, "shortLongTermDebt": 28104000, "otherCurrentLiab": 36056000, "longTermDebt": 116334000, "otherLiab": 50963000, "totalCurrentLiabilities": 467797000, "totalLiab": 635094000, "commonStock": 50000000, "retainedEarnings": 613446000, "treasuryStock": -174000, "capitalSurplus": 2520000, "otherStockholderEquity": -174000, "totalStockholderEquity": 665792000, "netTangibleAssets": 662336000}, {"maxAge": 1, "endDate": "2017-03-31", "cash": 5748351, "shortTermInvestments": 6715500, "netReceivables": 191754114, "inventory": 171715807, "otherCurrentAssets": 101665347, "totalCurrentAssets": 485186581, "propertyPlantEquipment": 528724154, "intangibleAssets": 2742186, "otherAssets": 44965465, "totalAssets": 1061618386, "accountsPayable": 93341807, "shortLongTermDebt": 31817167, "otherCurrentLiab": 9410530, "longTermDebt": 64198578, "otherLiab": 37489347, "totalCurrentLiabilities": 366173591, "totalLiab": 467861516, "commonStock": 50000000, "retainedEarnings": 541600863, "treasuryStock": -363993, "capitalSurplus": 2520000, "otherStockholderEquity": -363993, "totalStockholderEquity": 593756870, "netTangibleAssets": 591014684}], "maxAge": 86400}, "earningsTrend": {"trend": [{"maxAge": 1, "period": "0q", "endDate": "2017-12-31", "growth": {}, "earningsEstimate": {"avg": 0.0, "low": 0.0, "high": 0.0, "yearAgoEps": {}, "numberOfAnalysts": 0, "growth": {}}, "revenueEstimate": {"avg": 0, "low": 0, "high": 0, "numberOfAnalysts": 0, "yearAgoRevenue": {}, "growth": {}}, "epsTrend": {"current": 0.0, "7daysAgo": 0.0, "30daysAgo": 0.0, "60daysAgo": 0.0, "90daysAgo": 0.0}, "epsRevisions": {"upLast7days": 0, "upLast30days": 0, "downLast30days": 0, "downLast90days": {}}}, {"maxAge": 1, "period": "+1q", "endDate": "2018-03-31", "growth": {}, "earningsEstimate": {"avg": 0.0, "low": 0.0, "high": 0.0, "yearAgoEps": {}, "numberOfAnalysts": 0, "growth": {}}, "revenueEstimate": {"avg": 0, "low": 0, "high": 0, "numberOfAnalysts": 0, "yearAgoRevenue": {}, "growth": {}}, "epsTrend": {"current": 0.0, "7daysAgo": 0.0, "30daysAgo": 0.0, "60daysAgo": 0.0, "90daysAgo": 0.0}, "epsRevisions": {"upLast7days": 0, "upLast30days": 0, "downLast30days": 0, "downLast90days": {}}}, {"maxAge": 1, "period": "0y", "endDate": "2018-03-31", "growth": {}, "earningsEstimate": {"avg": 0.0, "low": 0.0, "high": 0.0, "yearAgoEps": {}, "numberOfAnalysts": 0, "growth": {}}, "revenueEstimate": {"avg": 1075720000, "low": 1093580000, "high": 1093580000, "numberOfAnalysts": 1, "yearAgoRevenue": {}, "growth": {}}, "epsTrend": {"current": 0.0, "7daysAgo": 18.0, "30daysAgo": 18.0, "60daysAgo": 18.0, "90daysAgo": 18.0}, "epsRevisions": {"upLast7days": 0, "upLast30days": 0, "downLast30days": 0, "downLast90days": {}}}, {"maxAge": 1, "period": "+1y", "endDate": "2019-03-31", "growth": {}, "earningsEstimate": {"avg": 0.0, "low": 0.0, "high": 0.0, "yearAgoEps": {}, "numberOfAnalysts": 0, "growth": {}}, "revenueEstimate": {"avg": 1274000000, "low": 1274000000, "high": 1274000000, "numberOfAnalysts": 1, "yearAgoRevenue": 1075720000, "growth": 0.184}, "epsTrend": {"current": 0.0, "7daysAgo": 22.7, "30daysAgo": 22.7, "60daysAgo": 22.7, "90daysAgo": 22.7}, "epsRevisions": {"upLast7days": 0, "upLast30days": 0, "downLast30days": 0, "downLast90days": {}}}, {"maxAge": 1, "period": "+5y", "endDate": null, "growth": {}, "earningsEstimate": {"avg": {}, "low": {}, "high": {}, "yearAgoEps": {}, "numberOfAnalysts": {}, "growth": {}}, "revenueEstimate": {"avg": {}, "low": {}, "high": {}, "numberOfAnalysts": {}, "yearAgoRevenue": {}, "growth": {}}, "epsTrend": {"current": {}, "7daysAgo": {}, "30daysAgo": {}, "60daysAgo": {}, "90daysAgo": {}}, "epsRevisions": {"upLast7days": {}, "upLast30days": {}, "downLast30days": {}, "downLast90days": {}}}, {"maxAge": 1, "period": "-5y", "endDate": null, "growth": {}, "earningsEstimate": {"avg": {}, "low": {}, "high": {}, "yearAgoEps": {}, "numberOfAnalysts": {}, "growth": {}}, "revenueEstimate": {"avg": {}, "low": {}, "high": {}, "numberOfAnalysts": {}, "yearAgoRevenue": {}, "growth": {}}, "epsTrend": {"current": {}, "7daysAgo": {}, "30daysAgo": {}, "60daysAgo": {}, "90daysAgo": {}}, "epsRevisions": {"upLast7days": {}, "upLast30days": {}, "downLast30days": {}, "downLast90days": {}}}], "maxAge": 1}, "financialData": {"maxAge": 86400, "currentPrice": 215.85, "targetHighPrice": 138.0, "targetLowPrice": 138.0, "targetMeanPrice": 138.0, "targetMedianPrice": 138.0, "recommendationKey": "none", "numberOfAnalystOpinions": 1, "grossProfits": 849079000, "financialCurrency": "INR"}}}