{"IOB.NS": {"assetProfile": {"address1": "763 Anna Salai", "city": "Chennai", "zip": "600002", "country": "India", "phone": "91 44 2852 4212", "website": "http://www.iob.in", "industry": "Banks\u2014Regional", "sector": "Financial Services", "longBusinessSummary": "Indian Overseas Bank provides various banking products and services. The company operates through Treasury, Corporate/Wholesale Banking, Retail Banking, and Other Banking Operations segments. It offers saving bank and current accounts, term deposits, retail loans, debit and credit cards, NRI accounts, agricultural and rural banking products, MSME loans, and merchant banking services. The company operates through 3270 branches and 3032 ATMs in India. It also operates through branches located in Singapore, Hong Kong, Bangkok, and Sri Lanka. Indian Overseas Bank was founded in 1937 and is based in Chennai, India.", "fullTimeEmployees": 24880, "companyOfficers": [{"maxAge": 1, "name": "Mr. Partha Pratim Sengupta", "age": 57, "title": "MD, CEO & Director", "yearBorn": 1963, "exercisedValue": 0, "unexercisedValue": 0}, {"maxAge": 1, "name": "Mr. Bhuwan  Chandra", "age": 59, "title": "CFO & GM", "yearBorn": 1961, "exercisedValue": 0, "unexercisedValue": 0}, {"maxAge": 1, "name": "Mr. S.  Nandakumaran A.C.S., CAIIB", "title": "Company Sec., Compliance Officer & Deputy GM", "exercisedValue": 0, "unexercisedValue": 0}, {"maxAge": 1, "name": "Mr. M. S. Ramani", "title": "Principal of Staff Training College", "exercisedValue": 0, "unexercisedValue": 0}, {"maxAge": 1, "name": "Mr. Eapen  Joseph", "title": "Chief Regional Mang. of Kochi Operations", "exercisedValue": 0, "unexercisedValue": 0}, {"maxAge": 1, "name": "Mr. M. S. Venkatesan", "title": "Chief Mang.", "exercisedValue": 0, "unexercisedValue": 0}, {"maxAge": 1, "name": "Mr. A.  Chandramohan", "title": "Chief Mang.", "exercisedValue": 0, "unexercisedValue": 0}, {"maxAge": 1, "name": "C. M. Sukumaran", "title": "Chief Mang.", "exercisedValue": 0, "unexercisedValue": 0}, {"maxAge": 1, "name": "Mr. K. Venkateswara Rao", "title": "Chief Mang.", "exercisedValue": 0, "unexercisedValue": 0}, {"maxAge": 1, "name": "Mr. S.  Prakash", "title": "Chief Mang.", "exercisedValue": 0, "unexercisedValue": 0}], "maxAge": 86400}, "recommendationTrend": {"trend": [{"period": "0m", "strongBuy": 0, "buy": 0, "hold": 0, "sell": 0, "strongSell": 0}, {"period": "-1m", "strongBuy": 0, "buy": 0, "hold": 0, "sell": 1, "strongSell": 0}, {"period": "-2m", "strongBuy": 0, "buy": 0, "hold": 0, "sell": 1, "strongSell": 0}, {"period": "-3m", "strongBuy": 0, "buy": 0, "hold": 0, "sell": 1, "strongSell": 0}], "maxAge": 86400}, "cashflowStatementHistory": {"cashflowStatements": [{"maxAge": 1, "endDate": "2020-03-31", "netIncome": -85274035000, "depreciation": 3006083000, "changeToNetincome": 120969367000, "changeToLiabilities": 0, "changeToOperatingActivities": -183104552000, "totalCashFromOperatingActivities": -144403137000, "capitalExpenditures": -1290292000, "totalCashflowsFromInvestingActivities": -854137000, "netBorrowings": -6000000000, "otherCashflowsFromFinancingActivities": -738751147000, "totalCashFromFinancingActivities": 76948853000, "changeInCash": -68308421000, "issuanceOfStock": 821700000000}, {"maxAge": 1, "endDate": "2019-03-31", "netIncome": -37378810000, "depreciation": 3042445000, "changeToNetincome": 87068983000, "changeToLiabilities": 0, "changeToOperatingActivities": -117613866000, "totalCashFromOperatingActivities": -64881248000, "capitalExpenditures": -8478824000, "totalCashflowsFromInvestingActivities": -6471370000, "netBorrowings": -6000000000, "otherCashflowsFromFinancingActivities": 52583015000, "totalCashFromFinancingActivities": 114817687000, "changeInCash": 43465070000, "issuanceOfStock": 62234672000}, {"maxAge": 1, "endDate": "2018-03-31", "netIncome": -62994905000, "depreciation": 2724703000, "changeToNetincome": 91915013000, "changeToLiabilities": 0, "changeToOperatingActivities": -106522235000, "totalCashFromOperatingActivities": -74877424000, "capitalExpenditures": -1164597000, "totalCashflowsFromInvestingActivities": -1097781000, "netBorrowings": -6000000000, "otherCashflowsFromFinancingActivities": 51254787000, "totalCashFromFinancingActivities": 109194787000, "changeInCash": 33219582000, "issuanceOfStock": 57940000000}, {"maxAge": 1, "endDate": "2017-03-31", "netIncome": -34167386000, "depreciation": 2148649000, "changeToNetincome": 71099502000, "changeToLiabilities": 0, "changeToOperatingActivities": 87585864000, "totalCashFromOperatingActivities": 126666629000, "capitalExpenditures": -1418370000, "totalCashflowsFromInvestingActivities": -1348576000, "netBorrowings": -7300000000, "otherCashflowsFromFinancingActivities": -137379503000, "totalCashFromFinancingActivities": -115550085000, "changeInCash": 9767968000, "issuanceOfStock": 29129418000}], "maxAge": 86400}, "indexTrend": {"maxAge": 1, "symbol": "SP5", "peRatio": 19.7411, "pegRatio": 1.34172, "estimates": [{"period": "0q", "growth": 0.549}, {"period": "+1q", "growth": 0.431}, {"period": "0y", "growth": 0.305}, {"period": "+1y", "growth": 0.109}, {"period": "+5y", "growth": 0.120865}, {"period": "-5y"}]}, "defaultKeyStatistics": {"maxAge": 1, "priceHint": 2, "enterpriseValue": 228518346752, "profitMargins": 0.10646, "floatShares": 681511492, "sharesOutstanding": 16437000192, "heldPercentInsiders": 0.95838, "heldPercentInstitutions": 0.01474, "beta": 1.100045, "category": null, "bookValue": 10.174, "priceToBook": 1.5431492, "fundFamily": null, "legalType": null, "lastFiscalYearEnd": "2020-03-31 05:30:00", "nextFiscalYearEnd": "2022-03-31 05:30:00", "mostRecentQuarter": "2020-12-31 05:30:00", "netIncomeToCommon": 6255065088, "trailingEps": 0.2, "forwardEps": -10.68, "lastSplitFactor": null, "enterpriseToRevenue": 3.889, "52WeekChange": 1.1073825, "SandP52WeekChange": 0.48148263, "lastDividendValue": 0.5, "lastDividendDate": 1403136000}, "industryTrend": {"maxAge": 1, "symbol": null, "estimates": []}, "quoteType": {"exchange": "NSI", "quoteType": "EQUITY", "symbol": "IOB.NS", "underlyingSymbol": "IOB.NS", "shortName": "INDIAN OVERSEAS BK", "longName": "Indian Overseas Bank", "firstTradeDateEpochUtc": "2002-07-01 09:15:00", "timeZoneFullName": "Asia/Kolkata", "timeZoneShortName": "IST", "uuid": "c7c30984-47e8-30d6-a074-7d2a84ae24b4", "messageBoardId": "finmb_8789430", "gmtOffSetMilliseconds": 19800000, "maxAge": 1}, "incomeStatementHistory": {"incomeStatementHistory": [{"maxAge": 1, "endDate": "2020-03-31", "totalRevenue": -32689593000, "costOfRevenue": 0, "grossProfit": -32689593000, "researchDevelopment": {}, "sellingGeneralAdministrative": 44265741000, "nonRecurring": {}, "otherOperatingExpenses": 7022601000, "totalOperatingExpenses": 51288342000, "operatingIncome": -83977935000, "totalOtherIncomeExpenseNet": 533100000, "ebit": 0, "interestExpense": {}, "incomeBeforeTax": -83444835000, "incomeTaxExpense": 1829200000, "minorityInterest": {}, "netIncomeFromContinuingOps": -85274035000, "discontinuedOperations": {}, "extraordinaryItems": {}, "effectOfAccountingCharges": {}, "otherItems": {}, "netIncome": -85274035000, "netIncomeApplicableToCommonShares": -85274035000}, {"maxAge": 1, "endDate": "2019-03-31", "totalRevenue": -15089594000, "costOfRevenue": 0, "grossProfit": -15089594000, "researchDevelopment": {}, "sellingGeneralAdministrative": 37967815000, "nonRecurring": {}, "otherOperatingExpenses": 6548001000, "totalOperatingExpenses": 44515816000, "operatingIncome": -59605410000, "totalOtherIncomeExpenseNet": 0, "ebit": 0, "interestExpense": {}, "incomeBeforeTax": -59605410000, "incomeTaxExpense": -22226600000, "minorityInterest": {}, "netIncomeFromContinuingOps": -37378810000, "discontinuedOperations": {}, "extraordinaryItems": {}, "effectOfAccountingCharges": {}, "otherItems": {}, "netIncome": -37378810000, "netIncomeApplicableToCommonShares": -37378810000}, {"maxAge": 1, "endDate": "2018-03-31", "totalRevenue": -30467751000, "costOfRevenue": 0, "grossProfit": -30467751000, "researchDevelopment": {}, "sellingGeneralAdministrative": 40890210000, "nonRecurring": {}, "otherOperatingExpenses": 14959044000, "totalOperatingExpenses": 55849254000, "operatingIncome": -86317005000, "totalOtherIncomeExpenseNet": 0, "ebit": 0, "interestExpense": {}, "incomeBeforeTax": -86317005000, "incomeTaxExpense": -23322100000, "minorityInterest": {}, "netIncomeFromContinuingOps": -62994905000, "discontinuedOperations": {}, "extraordinaryItems": {}, "effectOfAccountingCharges": {}, "otherItems": {}, "netIncome": -62994905000, "netIncomeApplicableToCommonShares": -62994905000}, {"maxAge": 1, "endDate": "2017-03-31", "totalRevenue": 15310837000, "costOfRevenue": 0, "grossProfit": 15310837000, "researchDevelopment": {}, "sellingGeneralAdministrative": 41283052000, "nonRecurring": {}, "otherOperatingExpenses": 7837071000, "totalOperatingExpenses": 49120123000, "operatingIncome": -33809286000, "totalOtherIncomeExpenseNet": 0, "ebit": 0, "interestExpense": {}, "incomeBeforeTax": -33809286000, "incomeTaxExpense": 358100000, "minorityInterest": {}, "netIncomeFromContinuingOps": -34167386000, "discontinuedOperations": {}, "extraordinaryItems": {}, "effectOfAccountingCharges": {}, "otherItems": {}, "netIncome": -34167386000, "netIncomeApplicableToCommonShares": -34167386000}], "maxAge": 86400}, "fundOwnership": {"maxAge": 1, "ownershipList": [{"maxAge": 1, "reportDate": "2021-01-31", "organization": "DFA Emerging Markets Core Equity Portfolio", "pctHeld": 0.0002, "position": 3449194, "value": 36906375}, {"maxAge": 1, "reportDate": "2021-01-31", "organization": "DFA Emerging Markets Small Cap Series", "pctHeld": 0.0002, "position": 3261175, "value": 34894572}]}, "summaryDetail": {"maxAge": 1, "priceHint": 2, "previousClose": 15.85, "open": 15.75, "dayLow": 15.5, "dayHigh": 15.85, "regularMarketPreviousClose": 15.85, "regularMarketOpen": 15.75, "regularMarketDayLow": 15.5, "regularMarketDayHigh": 15.85, "exDividendDate": "2014-06-19 05:30:00", "payoutRatio": 0.0, "beta": 1.100045, "trailingPE": 78.5, "forwardPE": -1.4700373, "volume": 5288511, "regularMarketVolume": 5288511, "averageVolume": 22543401, "averageVolume10days": 8377647, "averageDailyVolume10Day": 8377647, "bid": 0.0, "ask": 0.0, "bidSize": 0, "askSize": 0, "marketCap": 258874163200, "fiftyTwoWeekLow": 7.05, "fiftyTwoWeekHigh": 20.65, "priceToSalesTrailing12Months": 4.4059033, "fiftyDayAverage": 16.372223, "twoHundredDayAverage": 12.731724, "currency": "INR", "fromCurrency": null, "toCurrency": null, "lastMarket": null, "algorithm": null, "tradeable": false}, "insiderHolders": {"holders": [{"maxAge": 1, "name": "LIC of India Market Plus", "relation": "Institution- Corporation", "url": "", "transactionDescription": "Acquisition", "latestTransDate": "2010-03-09", "positionDirect": 65202526, "positionDirectDate": "2010-03-09"}, {"maxAge": 1, "name": "Life Insurance Corporation of India", "relation": "Institution- Corporation", "url": "", "transactionDescription": "Other", "latestTransDate": "2014-03-25", "positionDirect": 182510014, "positionDirectDate": "2014-03-25"}, {"maxAge": 1, "name": "President of India", "relation": "Promoter", "url": "", "transactionDescription": "Other", "latestTransDate": "2020-02-27", "positionDirect": 15752902638, "positionDirectDate": "2020-02-27"}], "maxAge": 1}, "calendarEvents": {"maxAge": 1, "earnings": {"earningsDate": []}, "exDividendDate": "2014-06-19 05:30:00"}, "price": {"maxAge": 1, "regularMarketChangePercent": -0.009463758, "regularMarketChange": -0.15000057, "regularMarketTime": "2021-04-30 15:29:58", "priceHint": 2, "regularMarketPrice": 15.7, "regularMarketDayHigh": 15.85, "regularMarketDayLow": 15.5, "regularMarketVolume": 5288511, "averageDailyVolume10Day": 8377647, "averageDailyVolume3Month": 22543401, "regularMarketPreviousClose": 15.85, "regularMarketSource": "FREE_REALTIME", "regularMarketOpen": 15.75, "exchange": "NSI", "exchangeName": "NSE", "exchangeDataDelayedBy": 15, "marketState": "CLOSED", "quoteType": "EQUITY", "symbol": "IOB.NS", "underlyingSymbol": null, "shortName": "INDIAN OVERSEAS BK", "longName": "Indian Overseas Bank", "currency": "INR", "quoteSourceName": "Delayed Quote", "currencySymbol": "\u20b9", "fromCurrency": null, "toCurrency": null, "lastMarket": null, "marketCap": 258874163200}, "balanceSheetHistory": {"balanceSheetStatements": [{"maxAge": 1, "endDate": "2020-03-31", "cash": 223531261000, "inventory": 2100151000, "otherCurrentAssets": 82180699000, "totalCurrentAssets": 307812111000, "longTermInvestments": 794160799000, "propertyPlantEquipment": 31273428000, "otherAssets": 1474021968000, "totalAssets": 2607268306000, "accountsPayable": 2229518800000, "shortLongTermDebt": 14789600000, "otherCurrentLiab": 5473019000, "longTermDebt": 39407708000, "otherLiab": 155968115000, "totalCurrentLiabilities": 2250342733000, "totalLiab": 2445718556000, "commonStock": 164369883000, "retainedEarnings": -125838736000, "treasuryStock": 53785353000, "capitalSurplus": 69233250000, "otherStockholderEquity": 53785353000, "totalStockholderEquity": 161549750000, "netTangibleAssets": 161549750000}, {"maxAge": 1, "endDate": "2019-03-31", "cash": 216274984000, "inventory": 2100151000, "otherCurrentAssets": 146338210000, "totalCurrentAssets": 364713345000, "longTermInvestments": 669322734000, "propertyPlantEquipment": 33369047000, "otherAssets": 1432678451000, "totalAssets": 2500083577000, "accountsPayable": 2225340772000, "shortLongTermDebt": 16274100000, "otherCurrentLiab": 5479392000, "longTermDebt": 45186279000, "otherLiab": 43472758000, "totalCurrentLiabilities": 2247825759000, "totalLiab": 2336484796000, "commonStock": 91416482000, "retainedEarnings": -40150517000, "treasuryStock": 52316164000, "capitalSurplus": 60016652000, "otherStockholderEquity": 52316164000, "totalStockholderEquity": 163598781000, "netTangibleAssets": 163598781000}, {"maxAge": 1, "endDate": "2018-03-31", "cash": 164146239000, "inventory": 2100151000, "otherCurrentAssets": 145025494000, "totalCurrentAssets": 311271884000, "longTermInvestments": 686459365000, "propertyPlantEquipment": 28934338000, "otherAssets": 1453014715000, "totalAssets": 2479680302000, "accountsPayable": 2168318111000, "shortLongTermDebt": 43610800000, "otherCurrentLiab": 6028738000, "longTermDebt": 48670011000, "otherLiab": 79919950000, "totalCurrentLiabilities": 2218350512000, "totalLiab": 2346940473000, "commonStock": 48907699000, "retainedEarnings": -2336436000, "treasuryStock": 45877804000, "capitalSurplus": 40290762000, "otherStockholderEquity": 45877804000, "totalStockholderEquity": 132739829000, "netTangibleAssets": 132739829000}, {"maxAge": 1, "endDate": "2017-03-31", "cash": 128788557000, "inventory": 2115539000, "otherCurrentAssets": 134127466000, "totalCurrentAssets": 265031562000, "longTermInvestments": 716541215000, "propertyPlantEquipment": 30543321000, "otherAssets": 1459558776000, "totalAssets": 2471674874000, "accountsPayable": 2113426267000, "shortLongTermDebt": 48384200000, "otherCurrentLiab": 6243884000, "longTermDebt": 112592518000, "otherLiab": 53168965000, "totalCurrentLiabilities": 2168467914000, "totalLiab": 2334229397000, "commonStock": 24547289000, "retainedEarnings": -8146596000, "treasuryStock": 44544162000, "capitalSurplus": 76500622000, "otherStockholderEquity": 44544162000, "totalStockholderEquity": 137445477000, "netTangibleAssets": 137445477000}], "maxAge": 86400}, "earningsTrend": {"trend": [{"maxAge": 1, "period": "0q", "endDate": null, "growth": {}, "earningsEstimate": {"avg": 0.0, "low": 0.0, "high": 0.0, "yearAgoEps": {}, "numberOfAnalysts": 0, "growth": {}}, "revenueEstimate": {"avg": 0, "low": 0, "high": 0, "numberOfAnalysts": 0, "yearAgoRevenue": {}, "growth": {}}, "epsTrend": {"current": 0.0, "7daysAgo": 0.0, "30daysAgo": 0.0, "60daysAgo": 0.0, "90daysAgo": 0.0}, "epsRevisions": {"upLast7days": 0, "upLast30days": 0, "downLast30days": 0, "downLast90days": {}}}, {"maxAge": 1, "period": "+1q", "endDate": null, "growth": {}, "earningsEstimate": {"avg": 0.0, "low": 0.0, "high": 0.0, "yearAgoEps": {}, "numberOfAnalysts": 0, "growth": {}}, "revenueEstimate": {"avg": 0, "low": 0, "high": 0, "numberOfAnalysts": 0, "yearAgoRevenue": {}, "growth": {}}, "epsTrend": {"current": 0.0, "7daysAgo": 0.0, "30daysAgo": 0.0, "60daysAgo": 0.0, "90daysAgo": 0.0}, "epsRevisions": {"upLast7days": 0, "upLast30days": 0, "downLast30days": 0, "downLast90days": {}}}, {"maxAge": 1, "period": "0y", "endDate": null, "growth": {}, "earningsEstimate": {"avg": 0.0, "low": 0.0, "high": 0.0, "yearAgoEps": {}, "numberOfAnalysts": 0, "growth": {}}, "revenueEstimate": {"avg": 0, "low": 0, "high": 0, "numberOfAnalysts": 0, "yearAgoRevenue": {}, "growth": {}}, "epsTrend": {"current": 0.0, "7daysAgo": 0.0, "30daysAgo": 0.0, "60daysAgo": 0.0, "90daysAgo": 0.0}, "epsRevisions": {"upLast7days": 0, "upLast30days": 0, "downLast30days": 0, "downLast90days": {}}}, {"maxAge": 1, "period": "+1y", "endDate": null, "growth": {}, "earningsEstimate": {"avg": 0.0, "low": 0.0, "high": 0.0, "yearAgoEps": {}, "numberOfAnalysts": 0, "growth": {}}, "revenueEstimate": {"avg": 0, "low": 0, "high": 0, "numberOfAnalysts": 0, "yearAgoRevenue": {}, "growth": {}}, "epsTrend": {"current": 0.0, "7daysAgo": 0.0, "30daysAgo": 0.0, "60daysAgo": 0.0, "90daysAgo": 0.0}, "epsRevisions": {"upLast7days": 0, "upLast30days": 0, "downLast30days": 0, "downLast90days": {}}}, {"maxAge": 1, "period": "+5y", "endDate": null, "growth": 0.449, "earningsEstimate": {"avg": {}, "low": {}, "high": {}, "yearAgoEps": {}, "numberOfAnalysts": {}, "growth": {}}, "revenueEstimate": {"avg": {}, "low": {}, "high": {}, "numberOfAnalysts": {}, "yearAgoRevenue": {}, "growth": {}}, "epsTrend": {"current": {}, "7daysAgo": {}, "30daysAgo": {}, "60daysAgo": {}, "90daysAgo": {}}, "epsRevisions": {"upLast7days": {}, "upLast30days": {}, "downLast30days": {}, "downLast90days": {}}}, {"maxAge": 1, "period": "-5y", "endDate": null, "growth": -0.40221, "earningsEstimate": {"avg": {}, "low": {}, "high": {}, "yearAgoEps": {}, "numberOfAnalysts": {}, "growth": {}}, "revenueEstimate": {"avg": {}, "low": {}, "high": {}, "numberOfAnalysts": {}, "yearAgoRevenue": {}, "growth": {}}, "epsTrend": {"current": {}, "7daysAgo": {}, "30daysAgo": {}, "60daysAgo": {}, "90daysAgo": {}}, "epsRevisions": {"upLast7days": {}, "upLast30days": {}, "downLast30days": {}, "downLast90days": {}}}], "maxAge": 1}, "institutionOwnership": {"maxAge": 1, "ownershipList": []}, "majorHoldersBreakdown": {"maxAge": 1, "insidersPercentHeld": 0.95838, "institutionsPercentHeld": 0.01474, "institutionsFloatPercentHeld": 0.35406, "institutionsCount": 8}, "balanceSheetHistoryQuarterly": {"balanceSheetStatements": [{"maxAge": 1, "endDate": "2020-12-31", "cash": 77680100000, "netReceivables": 253605800000, "totalCurrentAssets": 331285900000, "longTermInvestments": 838244400000, "propertyPlantEquipment": 29934100000, "otherAssets": 1424443300000, "totalAssets": 2623907700000, "accountsPayable": 2341163500000, "longTermDebt": 46660800000, "otherLiab": 69494700000, "totalCurrentLiabilities": 2341163500000, "totalLiab": 2457319000000, "commonStock": 164369900000, "treasuryStock": 2218800000, "otherStockholderEquity": 2218800000, "totalStockholderEquity": 166588700000, "netTangibleAssets": 166588700000}, {"maxAge": 1, "endDate": "2020-09-30", "cash": 217719700000, "totalCurrentAssets": 217719700000, "longTermInvestments": 918630800000, "propertyPlantEquipment": 30364100000, "otherAssets": 1982330700000, "totalAssets": 3149045300000, "accountsPayable": 2296074200000, "longTermDebt": 53256400000, "otherLiab": 635620800000, "totalCurrentLiabilities": 2296074200000, "totalLiab": 2984951400000, "commonStock": 164369900000, "treasuryStock": -276000000, "otherStockholderEquity": -276000000, "totalStockholderEquity": 164093900000, "netTangibleAssets": 164093900000}, {"maxAge": 1, "endDate": "2020-06-30", "cash": 183186100000, "netReceivables": 196819300000, "totalCurrentAssets": 380005400000, "longTermInvestments": 834981700000, "propertyPlantEquipment": 30949300000, "otherAssets": 1427754400000, "totalAssets": 2673690800000, "accountsPayable": 2255456300000, "longTermDebt": 60509800000, "otherLiab": 194144400000, "totalCurrentLiabilities": 2255456300000, "totalLiab": 2510110500000, "commonStock": 164369900000, "treasuryStock": -789600000, "otherStockholderEquity": -789600000, "totalStockholderEquity": 163580300000, "netTangibleAssets": 163580300000}, {"maxAge": 1, "endDate": "2020-03-31", "cash": 223531261000, "inventory": 2100151000, "otherCurrentAssets": 82180699000, "totalCurrentAssets": 307812111000, "longTermInvestments": 794160799000, "propertyPlantEquipment": 31273428000, "otherAssets": 1474021968000, "totalAssets": 2607268306000, "accountsPayable": 2229518800000, "shortLongTermDebt": 14789600000, "otherCurrentLiab": 5473019000, "longTermDebt": 39407708000, "otherLiab": 155968115000, "totalCurrentLiabilities": 2250342733000, "totalLiab": 2445718556000, "commonStock": 164369883000, "retainedEarnings": -125838736000, "treasuryStock": 53785353000, "capitalSurplus": 69233250000, "otherStockholderEquity": 53785353000, "totalStockholderEquity": 161549750000, "netTangibleAssets": 161549750000}], "maxAge": 86400}, "earningsHistory": {"history": [{"maxAge": 1, "epsActual": {}, "epsEstimate": {}, "epsDifference": {}, "surprisePercent": {}, "quarter": {}, "period": "-4q"}, {"maxAge": 1, "epsActual": {}, "epsEstimate": {}, "epsDifference": {}, "surprisePercent": {}, "quarter": {}, "period": "-3q"}, {"maxAge": 1, "epsActual": {}, "epsEstimate": {}, "epsDifference": {}, "surprisePercent": {}, "quarter": {}, "period": "-2q"}, {"maxAge": 1, "epsActual": {}, "epsEstimate": {}, "epsDifference": {}, "surprisePercent": {}, "quarter": {}, "period": "-1q"}], "maxAge": 86400}, "summaryProfile": {"address1": "763 Anna Salai", "city": "Chennai", "zip": "600002", "country": "India", "phone": "91 44 2852 4212", "website": "http://www.iob.in", "industry": "Banks\u2014Regional", "sector": "Financial Services", "longBusinessSummary": "Indian Overseas Bank provides various banking products and services. The company operates through Treasury, Corporate/Wholesale Banking, Retail Banking, and Other Banking Operations segments. It offers saving bank and current accounts, term deposits, retail loans, debit and credit cards, NRI accounts, agricultural and rural banking products, MSME loans, and merchant banking services. The company operates through 3270 branches and 3032 ATMs in India. It also operates through branches located in Singapore, Hong Kong, Bangkok, and Sri Lanka. Indian Overseas Bank was founded in 1937 and is based in Chennai, India.", "fullTimeEmployees": 24880, "companyOfficers": [], "maxAge": 86400}, "netSharePurchaseActivity": {"maxAge": 1, "period": "6m", "buyInfoCount": 0, "buyInfoShares": 0, "sellInfoCount": 0, "netInfoCount": 0, "netInfoShares": 0, "netPercentInsiderShares": 0.0, "totalInsiderShares": 15693103104}, "insiderTransactions": {"transactions": [{"maxAge": 1, "shares": 3851590106, "filerUrl": "", "transactionText": "", "filerName": "President of India", "filerRelation": "Promoter", "moneyText": "", "startDate": "2020-02-27", "ownership": "D"}, {"maxAge": 1, "shares": 3443750000, "filerUrl": "", "transactionText": "", "filerName": "President of India", "filerRelation": "Promoter", "moneyText": "", "startDate": "2019-11-28", "ownership": "D"}, {"maxAge": 1, "shares": 2695467422, "filerUrl": "", "transactionText": "", "filerName": "President of India", "filerRelation": "Promoter", "moneyText": "", "startDate": "2019-03-28", "ownership": "D"}, {"maxAge": 1, "shares": 1373010821, "filerUrl": "", "transactionText": "", "filerName": "President of India", "filerRelation": "Promoter", "moneyText": "", "startDate": "2018-11-12", "ownership": "D"}, {"maxAge": 1, "shares": 2038211029, "filerUrl": "", "transactionText": "", "filerName": "President of India", "filerRelation": "Promoter", "moneyText": "", "startDate": "2018-03-28", "ownership": "D"}, {"maxAge": 1, "shares": 117307488, "filerUrl": "", "transactionText": "", "filerName": "Life Insurance Corporation of India", "filerRelation": "Institution- Corporation", "moneyText": "", "startDate": "2014-03-25", "ownership": "D"}, {"maxAge": 1, "shares": 10941158, "filerUrl": "", "transactionText": "", "filerName": "LIC of India Market Plus", "filerRelation": "Institution- Corporation", "moneyText": "", "startDate": "2010-03-09", "ownership": "D"}], "maxAge": 1}, "sectorTrend": {"maxAge": 1, "symbol": null, "estimates": []}, "incomeStatementHistoryQuarterly": {"incomeStatementHistory": [{"maxAge": 1, "endDate": "2020-12-31", "totalRevenue": 15509300000, "costOfRevenue": 0, "grossProfit": 15509300000, "researchDevelopment": {}, "sellingGeneralAdministrative": 8496200000, "nonRecurring": {}, "otherOperatingExpenses": 4835500000, "totalOperatingExpenses": 13331700000, "operatingIncome": 2177600000, "totalOtherIncomeExpenseNet": 0, "ebit": 0, "interestExpense": {}, "incomeBeforeTax": 2177600000, "incomeTaxExpense": 48900000, "minorityInterest": {}, "netIncomeFromContinuingOps": 2128700000, "discontinuedOperations": {}, "extraordinaryItems": {}, "effectOfAccountingCharges": {}, "otherItems": {}, "netIncome": 2128700000, "netIncomeApplicableToCommonShares": 2128700000}, {"maxAge": 1, "endDate": "2020-09-30", "totalRevenue": 14367900000, "costOfRevenue": 0, "grossProfit": 14367900000, "researchDevelopment": {}, "sellingGeneralAdministrative": 8031900000, "nonRecurring": {}, "otherOperatingExpenses": 4799300000, "totalOperatingExpenses": 12831200000, "operatingIncome": 1536700000, "totalOtherIncomeExpenseNet": 0, "ebit": 0, "interestExpense": {}, "incomeBeforeTax": 1536700000, "incomeTaxExpense": 55300000, "minorityInterest": {}, "netIncomeFromContinuingOps": 1481400000, "discontinuedOperations": {}, "extraordinaryItems": {}, "effectOfAccountingCharges": {}, "otherItems": {}, "netIncome": 1481400000, "netIncomeApplicableToCommonShares": 1481400000}, {"maxAge": 1, "endDate": "2020-06-30", "totalRevenue": 13745900000, "costOfRevenue": 0, "grossProfit": 13745900000, "researchDevelopment": {}, "sellingGeneralAdministrative": 8839800000, "nonRecurring": {}, "otherOperatingExpenses": 3659800000, "totalOperatingExpenses": 12499600000, "operatingIncome": 1246300000, "totalOtherIncomeExpenseNet": 0, "ebit": 0, "interestExpense": {}, "incomeBeforeTax": 1246300000, "incomeTaxExpense": 39400000, "minorityInterest": {}, "netIncomeFromContinuingOps": 1206900000, "discontinuedOperations": {}, "extraordinaryItems": {}, "effectOfAccountingCharges": {}, "otherItems": {}, "netIncome": 1206900000, "netIncomeApplicableToCommonShares": 1206900000}, {"maxAge": 1, "endDate": "2020-03-31", "totalRevenue": 15133007000, "costOfRevenue": 0, "grossProfit": 15133007000, "researchDevelopment": {}, "sellingGeneralAdministrative": 20603141000, "nonRecurring": {}, "otherOperatingExpenses": -6305099000, "totalOperatingExpenses": 14298042000, "operatingIncome": 834965000, "totalOtherIncomeExpenseNet": 533100000, "ebit": 0, "interestExpense": {}, "incomeBeforeTax": 1368065000, "incomeTaxExpense": -70000000, "minorityInterest": {}, "netIncomeFromContinuingOps": 1438065000, "discontinuedOperations": {}, "extraordinaryItems": {}, "effectOfAccountingCharges": {}, "otherItems": {}, "netIncome": 1438065000, "netIncomeApplicableToCommonShares": 1438065000}], "maxAge": 86400}, "cashflowStatementHistoryQuarterly": {"cashflowStatements": [{"maxAge": 1, "endDate": "2020-12-31", "netIncome": 2128700000, "changeToLiabilities": 0}, {"maxAge": 1, "endDate": "2020-09-30", "netIncome": 1481400000, "changeToLiabilities": 0}, {"maxAge": 1, "endDate": "2020-06-30", "netIncome": 1206900000, "changeToLiabilities": 0}, {"maxAge": 1, "endDate": "2020-03-31", "netIncome": 1438065000, "changeToLiabilities": 0}], "maxAge": 86400}, "earnings": {"maxAge": 86400, "earningsChart": {"quarterly": [], "earningsDate": []}, "financialsChart": {"yearly": [{"date": 2017, "revenue": 15310837000, "earnings": -34167386000}, {"date": 2018, "revenue": -30467751000, "earnings": -62994905000}, {"date": 2019, "revenue": -15089594000, "earnings": -37378810000}, {"date": 2020, "revenue": -32689593000, "earnings": -85274035000}], "quarterly": [{"date": "1Q2020", "revenue": 15133007000, "earnings": 1438065000}, {"date": "2Q2020", "revenue": 13745900000, "earnings": 1206900000}, {"date": "3Q2020", "revenue": 14367900000, "earnings": 1481400000}, {"date": "4Q2020", "revenue": 15509300000, "earnings": 2128700000}]}, "financialCurrency": "INR"}, "financialData": {"maxAge": 86400, "currentPrice": 15.7, "targetHighPrice": 15.0, "targetLowPrice": 10.0, "targetMeanPrice": 12.5, "targetMedianPrice": 12.5, "recommendationMean": 4.5, "recommendationKey": "underperform", "numberOfAnalystOpinions": 2, "totalCash": 77680099328, "totalCashPerShare": 4.744, "totalDebt": 46660800512, "totalRevenue": 58756206592, "revenuePerShare": 1.878, "returnOnEquity": 0.04106, "grossProfits": -32689593000, "grossMargins": 0.0, "ebitdaMargins": 0.0, "operatingMargins": 0.09864, "profitMargins": 0.10646, "financialCurrency": "INR"}}}