{"IOLCP.NS": {"assetProfile": {"address1": "85, Industrial Area 'A'", "city": "Ludhiana", "zip": "141003", "country": "India", "phone": "91 16 1222 5531", "fax": "91 16 1222 6929", "website": "http://www.iolcp.com", "industry": "Drug Manufacturers\u2014Specialty & Generic", "sector": "Healthcare", "longBusinessSummary": "IOL Chemicals and Pharmaceuticals Limited manufactures and sells bulk drugs, and organic and inorganic chemical compounds in India and internationally. It operates through Chemicals and Drugs segments. The company offers active pharmaceutical ingredients, such as ibuprofen, metformin hydrochloride, lamotrigine, fenofibrate, and clopidogrel bi sulphate for use in various therapeutic categories, including pain management, anti-diabetic, anti-hypertensive, anti-convulsants, anti-cholesterol, anti-platelet, etc. It also provides specialty industrial chemicals, which include ethyl acetate, iso butyl benzene, acetyl chloride, and mono chloro acetic acid for use in flexible packaging, pharmaceutical, textile, food processing, pesticide, and paint industries. IOL Chemicals and Pharmaceuticals Limited was founded in 1986 and is headquartered in Ludhiana, India.", "fullTimeEmployees": 1751, "companyOfficers": [{"maxAge": 1, "name": "Mr. Pardeep Kumar Khanna", "age": 50, "title": "Chief Financial Officer", "yearBorn": 1970, "fiscalYear": 2020, "totalPay": 8600000, "exercisedValue": 0, "unexercisedValue": 0}, {"maxAge": 1, "name": "Mr. Abhay Raj Singh", "title": "Assistant VP, Company Sec. & Compliance Officer", "fiscalYear": 2020, "totalPay": 6044400, "exercisedValue": 0, "unexercisedValue": 0}, {"maxAge": 1, "name": "Mr. Varinder  Gupta", "age": 58, "title": "MD & Whole Time Director", "yearBorn": 1962, "fiscalYear": 2020, "totalPay": 50400000, "exercisedValue": 0, "unexercisedValue": 0}, {"maxAge": 1, "name": "Mr. Vikas  Gupta", "age": 28, "title": "Exec. Director", "yearBorn": 1992, "fiscalYear": 2020, "totalPay": 12600000, "exercisedValue": 0, "unexercisedValue": 0}, {"maxAge": 1, "name": "Dr. Sanjay  Chaturvedi", "age": 50, "title": "Chief Exec. Officer", "yearBorn": 1970, "exercisedValue": 0, "unexercisedValue": 0}, {"maxAge": 1, "name": "Dr. Gurupur Ganesh Pai", "age": 68, "title": "Chief Technology Officer", "yearBorn": 1952, "exercisedValue": 0, "unexercisedValue": 0}, {"maxAge": 1, "name": "Mr. Damandeep  Singh", "age": 46, "title": "Pres of Project", "yearBorn": 1974, "exercisedValue": 0, "unexercisedValue": 0}, {"maxAge": 1, "name": "Mr. Vijay Kumar Singla", "age": 45, "title": "Pres of Chemicals", "yearBorn": 1975, "fiscalYear": 2018, "exercisedValue": 0, "unexercisedValue": 0}, {"maxAge": 1, "name": "Mr. Jagdish  Goel", "age": 50, "title": "Pres of API Bus.", "yearBorn": 1970, "exercisedValue": 0, "unexercisedValue": 0}, {"maxAge": 1, "name": "Mr. Kamlesh Jayantilal Ranbhan", "age": 55, "title": "Pres of R&D", "yearBorn": 1965, "exercisedValue": 0, "unexercisedValue": 0}], "compensationAsOfEpochDate": "2020-12-31 05:30:00", "maxAge": 86400}, "recommendationTrend": {"trend": [{"period": "0m", "strongBuy": 0, "buy": 0, "hold": 0, "sell": 0, "strongSell": 0}, {"period": "-1m", "strongBuy": 0, "buy": 0, "hold": 0, "sell": 0, "strongSell": 0}, {"period": "-2m", "strongBuy": 0, "buy": 0, "hold": 0, "sell": 0, "strongSell": 0}, {"period": "-3m", "strongBuy": 0, "buy": 0, "hold": 0, "sell": 0, "strongSell": 0}], "maxAge": 86400}, "cashflowStatementHistory": {"cashflowStatements": [{"maxAge": 1, "endDate": "2020-03-31", "netIncome": 3612900000, "depreciation": 356100000, "changeToNetincome": 706800000, "changeToAccountReceivables": -559800000, "changeToLiabilities": 580300000, "changeToInventory": 13400000, "totalCashFromOperatingActivities": 4710900000, "capitalExpenditures": -802800000, "investments": -1026700000, "otherCashflowsFromInvestingActivities": -21700000, "totalCashflowsFromInvestingActivities": -1845200000, "dividendsPaid": -170700000, "netBorrowings": -2296000000, "otherCashflowsFromFinancingActivities": -252200000, "totalCashFromFinancingActivities": -2718900000, "changeInCash": 146800000}, {"maxAge": 1, "endDate": "2019-03-31", "netIncome": 2367000000, "depreciation": 323200000, "changeToNetincome": 816600000, "changeToAccountReceivables": -779000000, "changeToLiabilities": -183300000, "changeToInventory": 185900000, "totalCashFromOperatingActivities": 2731700000, "capitalExpenditures": -605300000, "investments": -1026700000, "otherCashflowsFromInvestingActivities": -32700000, "totalCashflowsFromInvestingActivities": -630400000, "dividendsPaid": -170700000, "netBorrowings": -1208200000, "otherCashflowsFromFinancingActivities": -826400000, "totalCashFromFinancingActivities": -1974600000, "changeInCash": 126700000, "issuanceOfStock": 60000000}, {"maxAge": 1, "endDate": "2018-03-31", "netIncome": 277000000, "depreciation": 300800000, "changeToNetincome": 586700000, "changeToAccountReceivables": -346600000, "changeToLiabilities": -173800000, "changeToInventory": 551800000, "totalCashFromOperatingActivities": 1197200000, "capitalExpenditures": -483600000, "investments": 600000, "otherCashflowsFromInvestingActivities": -21500000, "totalCashflowsFromInvestingActivities": -503800000, "dividendsPaid": -170700000, "netBorrowings": -248100000, "otherCashflowsFromFinancingActivities": -455500000, "totalCashFromFinancingActivities": -703600000, "changeInCash": -10200000, "issuanceOfStock": 60000000}, {"maxAge": 1, "endDate": "2017-03-31", "netIncome": 46700000, "depreciation": 297400000, "changeToNetincome": 662800000, "changeToAccountReceivables": -157900000, "changeToLiabilities": 330200000, "changeToInventory": -346800000, "totalCashFromOperatingActivities": 833400000, "capitalExpenditures": -224200000, "investments": 100000, "otherCashflowsFromInvestingActivities": -4400000, "totalCashflowsFromInvestingActivities": -227800000, "dividendsPaid": -170700000, "netBorrowings": -51700000, "otherCashflowsFromFinancingActivities": -546100000, "totalCashFromFinancingActivities": -597800000, "changeInCash": 7800000, "issuanceOfStock": 60000000}], "maxAge": 86400}, "indexTrend": {"maxAge": 1, "symbol": "SP5", "peRatio": 19.7411, "pegRatio": 1.34172, "estimates": [{"period": "0q", "growth": 0.549}, {"period": "+1q", "growth": 0.431}, {"period": "0y", "growth": 0.305}, {"period": "+1y", "growth": 0.109}, {"period": "+5y", "growth": 0.120865}, {"period": "-5y"}]}, "defaultKeyStatistics": {"maxAge": 1, "priceHint": 2, "enterpriseValue": 32962668544, "profitMargins": 0.23591, "floatShares": 19581220, "sharesOutstanding": 58705500, "heldPercentInsiders": 0.6354, "heldPercentInstitutions": 0.029059999, "beta": 1.370488, "category": null, "bookValue": 186.488, "priceToBook": 3.1725903, "fundFamily": null, "legalType": null, "lastFiscalYearEnd": "2020-03-31 05:30:00", "nextFiscalYearEnd": "2022-03-31 05:30:00", "mostRecentQuarter": "2020-12-31 05:30:00", "earningsQuarterlyGrowth": 0.171, "netIncomeToCommon": 4595700224, "trailingEps": 79.25, "lastSplitFactor": null, "enterpriseToRevenue": 1.692, "enterpriseToEbitda": 5.353, "52WeekChange": 0.9442984, "SandP52WeekChange": 0.48148263, "lastDividendValue": 4.0, "lastDividendDate": 1605571200}, "industryTrend": {"maxAge": 1, "symbol": null, "estimates": []}, "quoteType": {"exchange": "NSI", "quoteType": "EQUITY", "symbol": "IOLCP.NS", "underlyingSymbol": "IOLCP.NS", "shortName": "IOL CHEMICALS&PHAR", "longName": "IOL Chemicals and Pharmaceuticals Limited", "firstTradeDateEpochUtc": "2010-11-08 09:15:00", "timeZoneFullName": "Asia/Kolkata", "timeZoneShortName": "IST", "uuid": "b45424e2-d963-31dd-bc96-a47a2ea7931c", "messageBoardId": "finmb_24074364", "gmtOffSetMilliseconds": 19800000, "maxAge": 1}, "incomeStatementHistory": {"incomeStatementHistory": [{"maxAge": 1, "endDate": "2020-03-31", "totalRevenue": 18944700000, "costOfRevenue": 10737400000, "grossProfit": 8207300000, "researchDevelopment": {}, "sellingGeneralAdministrative": 973500000, "nonRecurring": {}, "otherOperatingExpenses": 1494900000, "totalOperatingExpenses": 13563100000, "operatingIncome": 5381600000, "totalOtherIncomeExpenseNet": -49200000, "ebit": 5381600000, "interestExpense": -160100000, "incomeBeforeTax": 5332400000, "incomeTaxExpense": 1719500000, "minorityInterest": {}, "netIncomeFromContinuingOps": 3612900000, "discontinuedOperations": {}, "extraordinaryItems": {}, "effectOfAccountingCharges": {}, "otherItems": {}, "netIncome": 3612900000, "netIncomeApplicableToCommonShares": 3612900000}, {"maxAge": 1, "endDate": "2019-03-31", "totalRevenue": 16853300000, "costOfRevenue": 10532300000, "grossProfit": 6321000000, "researchDevelopment": {}, "sellingGeneralAdministrative": 793700000, "nonRecurring": {}, "otherOperatingExpenses": 1430600000, "totalOperatingExpenses": 13081100000, "operatingIncome": 3772200000, "totalOtherIncomeExpenseNet": -410700000, "ebit": 3772200000, "interestExpense": -466500000, "incomeBeforeTax": 3361500000, "incomeTaxExpense": 994500000, "minorityInterest": {}, "netIncomeFromContinuingOps": 2367000000, "discontinuedOperations": {}, "extraordinaryItems": {}, "effectOfAccountingCharges": {}, "otherItems": {}, "netIncome": 2367000000, "netIncomeApplicableToCommonShares": 2367000000}, {"maxAge": 1, "endDate": "2018-03-31", "totalRevenue": 9833000000, "costOfRevenue": 7016100000, "grossProfit": 2816900000, "researchDevelopment": {}, "sellingGeneralAdministrative": 562100000, "nonRecurring": {}, "otherOperatingExpenses": 1053800000, "totalOperatingExpenses": 8934100000, "operatingIncome": 898900000, "totalOtherIncomeExpenseNet": -585900000, "ebit": 898900000, "interestExpense": -590000000, "incomeBeforeTax": 313000000, "incomeTaxExpense": 36000000, "minorityInterest": {}, "netIncomeFromContinuingOps": 277000000, "discontinuedOperations": {}, "extraordinaryItems": {}, "effectOfAccountingCharges": {}, "otherItems": {}, "netIncome": 277000000, "netIncomeApplicableToCommonShares": 277000000}, {"maxAge": 1, "endDate": "2017-03-31", "totalRevenue": 7106500000, "costOfRevenue": 4827200000, "grossProfit": 2279300000, "researchDevelopment": {}, "sellingGeneralAdministrative": 433043522, "nonRecurring": {}, "otherOperatingExpenses": 822056478, "totalOperatingExpenses": 6380700000, "operatingIncome": 725800000, "totalOtherIncomeExpenseNet": -666500000, "ebit": 725800000, "interestExpense": -621400000, "incomeBeforeTax": 59300000, "incomeTaxExpense": 12600000, "minorityInterest": {}, "netIncomeFromContinuingOps": 46700000, "discontinuedOperations": {}, "extraordinaryItems": {}, "effectOfAccountingCharges": {}, "otherItems": {}, "netIncome": 46700000, "netIncomeApplicableToCommonShares": 46700000}], "maxAge": 86400}, "fundOwnership": {"maxAge": 1, "ownershipList": [{"maxAge": 1, "reportDate": "2021-01-31", "organization": "Russell Inv Co-Emerging Markets Fund", "pctHeld": 0.0011999999, "position": 70386, "value": 47644283}, {"maxAge": 1, "reportDate": "2021-03-31", "organization": "iShares MSCI India Small Cap ETF", "pctHeld": 0.0007, "position": 38403, "value": 21154292}, {"maxAge": 1, "reportDate": "2021-02-28", "organization": "WisdomTree Tr-WisdomTree India Earnings Fd", "pctHeld": 0.0005, "position": 29921, "value": 16580722}, {"maxAge": 1, "reportDate": "2021-01-31", "organization": "DFA Emerging Markets Small Cap Series", "pctHeld": 0.00029999999, "position": 18557, "value": 12561233}, {"maxAge": 1, "reportDate": "2021-03-31", "organization": "SPDR (R) Idx Shares-SPDR (R) Emerging Markets Small Cap ETF", "pctHeld": 0.00029999999, "position": 16272, "value": 8963431}, {"maxAge": 1, "reportDate": "2020-12-31", "organization": "College Retirement Equities Fund-Stock Account", "pctHeld": 0.00029999999, "position": 15314, "value": 11341548}, {"maxAge": 1, "reportDate": "2021-03-31", "organization": "SPDR Portfolio Emerging Markets ETF", "pctHeld": 0.0002, "position": 12704, "value": 6997998}, {"maxAge": 1, "reportDate": "2021-03-31", "organization": "VanEck Vectors ETF Tr-India Growth Leaders ETF", "pctHeld": 0.0002, "position": 9559, "value": 5265575}, {"maxAge": 1, "reportDate": "2021-01-31", "organization": "DFA Investment Dimensions-World Ex U.S. Core Equity Port", "pctHeld": 0.0002, "position": 8855, "value": 5993949}, {"maxAge": 1, "reportDate": "2021-03-31", "organization": "SPDR (R) Idx Shares-SPDR (R) MSCI Global Stock Market ETF", "pctHeld": 0.0001, "position": 8599, "value": 4736759}]}, "summaryDetail": {"maxAge": 1, "priceHint": 2, "previousClose": 606.05, "open": 602.7, "dayLow": 590.0, "dayHigh": 609.0, "regularMarketPreviousClose": 606.05, "regularMarketOpen": 602.7, "regularMarketDayLow": 590.0, "regularMarketDayHigh": 609.0, "dividendRate": 8.0, "dividendYield": 0.013200001, "exDividendDate": "2020-11-17 05:30:00", "payoutRatio": 0.0884, "beta": 1.370488, "trailingPE": 7.4656153, "volume": 452257, "regularMarketVolume": 452257, "averageVolume": 827526, "averageVolume10days": 784661, "averageDailyVolume10Day": 784661, "bid": 0.0, "ask": 0.0, "bidSize": 0, "askSize": 0, "marketCap": 34810499072, "fiftyTwoWeekLow": 271.3, "fiftyTwoWeekHigh": 898.9, "priceToSalesTrailing12Months": 1.7869315, "fiftyDayAverage": 585.7986, "twoHundredDayAverage": 669.3286, "trailingAnnualDividendRate": 7.0, "trailingAnnualDividendYield": 0.011550202, "currency": "INR", "fromCurrency": null, "toCurrency": null, "lastMarket": null, "algorithm": null, "tradeable": false}, "insiderHolders": {"holders": [{"maxAge": 1, "name": "Gupta (Varinder)", "relation": "Chief Executive Officer", "url": "", "transactionDescription": "Acquisition", "latestTransDate": "2014-12-31", "positionDirect": 1196965, "positionDirectDate": "2014-12-31"}, {"maxAge": 1, "name": "IOL Lifesciences Ltd", "relation": "Promoter", "url": "", "transactionDescription": "Other", "latestTransDate": "2014-07-02", "positionDirect": 2873714, "positionDirectDate": "2014-07-02"}, {"maxAge": 1, "name": "India Star Mauritius Ltd", "relation": "Institution- Corporation", "url": "", "transactionDescription": "Other", "latestTransDate": "2014-11-29", "positionDirect": 8858588, "positionDirectDate": "2014-11-29"}, {"maxAge": 1, "name": "Innova Marchantiles, Ltd.", "relation": "Institution- Corporation", "url": "", "transactionDescription": "Acquisition", "latestTransDate": "2014-11-18", "positionDirect": 2450000, "positionDirectDate": "2014-11-18"}, {"maxAge": 1, "name": "Mayadevi Polycot, Ltd.", "relation": "Promoter", "url": "", "transactionDescription": "Other", "latestTransDate": "2013-11-05", "positionDirect": 10006323, "positionDirectDate": "2013-11-05"}, {"maxAge": 1, "name": "NCG Enterprises Ltd", "relation": "Promoter", "url": "", "transactionDescription": "Other", "latestTransDate": "2014-07-02", "positionDirect": 3284393, "positionDirectDate": "2014-07-02"}, {"maxAge": 1, "name": "NM Merchantiles Ltd", "relation": "Promoter", "url": "", "transactionDescription": "Other", "latestTransDate": "2014-07-02", "positionDirect": 5075571, "positionDirectDate": "2014-07-02"}, {"maxAge": 1, "name": "Singh (Damandeep)", "relation": "UNREPORTED", "url": "", "transactionDescription": "Sale", "latestTransDate": "2021-03-31", "positionDirect": 6000, "positionDirectDate": "2021-03-31"}, {"maxAge": 1, "name": "Towels Enterprises, Ltd.", "relation": "Promoter", "url": "", "transactionDescription": "Other", "latestTransDate": "2019-03-30", "positionDirect": 994032, "positionDirectDate": "2019-03-30"}, {"maxAge": 1, "name": "True Value Traders, Ltd.", "relation": "Institution- Corporation", "url": "", "transactionDescription": "Purchase", "latestTransDate": "2017-03-30", "positionDirect": 400000, "positionDirectDate": "2017-03-30"}], "maxAge": 1}, "calendarEvents": {"maxAge": 1, "earnings": {"earningsDate": []}, "exDividendDate": "2020-11-17 05:30:00"}, "price": {"maxAge": 1, "regularMarketChangePercent": -0.023760356, "regularMarketChange": -14.399963, "regularMarketTime": "2021-04-30 15:30:01", "priceHint": 2, "regularMarketPrice": 591.65, "regularMarketDayHigh": 609.0, "regularMarketDayLow": 590.0, "regularMarketVolume": 452257, "averageDailyVolume10Day": 784661, "averageDailyVolume3Month": 827526, "regularMarketPreviousClose": 606.05, "regularMarketSource": "FREE_REALTIME", "regularMarketOpen": 602.7, "exchange": "NSI", "exchangeName": "NSE", "exchangeDataDelayedBy": 15, "marketState": "CLOSED", "quoteType": "EQUITY", "symbol": "IOLCP.NS", "underlyingSymbol": null, "shortName": "IOL CHEMICALS&PHAR", "longName": "IOL Chemicals and Pharmaceuticals Limited", "currency": "INR", "quoteSourceName": "Delayed Quote", "currencySymbol": "\u20b9", "fromCurrency": null, "toCurrency": null, "lastMarket": null, "marketCap": 34810499072}, "balanceSheetHistory": {"balanceSheetStatements": [{"maxAge": 1, "endDate": "2020-03-31", "cash": 280900000, "shortTermInvestments": 1026700000, "netReceivables": 2835300000, "inventory": 1875200000, "otherCurrentAssets": 657400000, "totalCurrentAssets": 6709400000, "propertyPlantEquipment": 4878800000, "intangibleAssets": 3500000, "otherAssets": 163900000, "totalAssets": 11755600000, "accountsPayable": 1860900000, "shortLongTermDebt": 700000, "otherCurrentLiab": 182300000, "otherLiab": 770000000, "totalCurrentLiabilities": 2822900000, "totalLiab": 3620200000, "commonStock": 568900000, "retainedEarnings": 5502300000, "treasuryStock": 161500000, "capitalSurplus": 1902700000, "otherStockholderEquity": 161500000, "totalStockholderEquity": 8135400000, "netTangibleAssets": 8131900000}, {"maxAge": 1, "endDate": "2019-03-31", "cash": 134100000, "shortTermInvestments": 600000, "netReceivables": 2021800000, "inventory": 1888600000, "otherCurrentAssets": 749000000, "totalCurrentAssets": 4842800000, "longTermInvestments": 74500000, "propertyPlantEquipment": 4381600000, "intangibleAssets": 5800000, "otherAssets": 188600000, "totalAssets": 9418800000, "accountsPayable": 1202700000, "shortLongTermDebt": 264000000, "otherCurrentLiab": 255400000, "longTermDebt": 1898800000, "otherLiab": 207700000, "totalCurrentLiabilities": 2568900000, "totalLiab": 4675400000, "commonStock": 568900000, "retainedEarnings": 2095100000, "treasuryStock": 176700000, "capitalSurplus": 1902700000, "otherStockholderEquity": 176700000, "totalStockholderEquity": 4743400000, "netTangibleAssets": 4737600000}, {"maxAge": 1, "endDate": "2018-03-31", "cash": 7400000, "netReceivables": 1470600000, "inventory": 2074500000, "otherCurrentAssets": 667900000, "totalCurrentAssets": 4246700000, "propertyPlantEquipment": 4117600000, "intangibleAssets": 8300000, "otherAssets": 148500000, "deferredLongTermAssetCharges": 114200000, "totalAssets": 8521100000, "accountsPayable": 1576100000, "shortLongTermDebt": 284900000, "otherCurrentLiab": 94200000, "longTermDebt": 2581200000, "otherLiab": 335900000, "totalCurrentLiabilities": 3446600000, "totalLiab": 6363700000, "commonStock": 562100000, "retainedEarnings": -271900000, "treasuryStock": 97500000, "capitalSurplus": 1769700000, "otherStockholderEquity": 97500000, "totalStockholderEquity": 2157400000, "netTangibleAssets": 2149100000}, {"maxAge": 1, "endDate": "2017-03-31", "cash": 17600000, "netReceivables": 1136500000, "inventory": 2626300000, "otherCurrentAssets": 328500000, "totalCurrentAssets": 4135900000, "longTermInvestments": 500000, "propertyPlantEquipment": 3942000000, "intangibleAssets": 9400000, "otherAssets": 87100000, "deferredLongTermAssetCharges": 79600000, "totalAssets": 8174900000, "accountsPayable": 1498400000, "shortLongTermDebt": 207600000, "otherCurrentLiab": 72300000, "longTermDebt": 2849800000, "otherLiab": 172100000, "totalCurrentLiabilities": 3266000000, "totalLiab": 6287900000, "commonStock": 562100000, "retainedEarnings": -548900000, "treasuryStock": 104100000, "capitalSurplus": 1769700000, "otherStockholderEquity": 104100000, "totalStockholderEquity": 1887000000, "netTangibleAssets": 1877600000}], "maxAge": 86400}, "earningsTrend": {"trend": [{"maxAge": 1, "period": "0q", "endDate": null, "growth": {}, "earningsEstimate": {"avg": 0.0, "low": 0.0, "high": 0.0, "yearAgoEps": {}, "numberOfAnalysts": 0, "growth": {}}, "revenueEstimate": {"avg": 0, "low": 0, "high": 0, "numberOfAnalysts": 0, "yearAgoRevenue": {}, "growth": {}}, "epsTrend": {"current": 0.0, "7daysAgo": 0.0, "30daysAgo": 0.0, "60daysAgo": 0.0, "90daysAgo": 0.0}, "epsRevisions": {"upLast7days": 0, "upLast30days": 0, "downLast30days": 0, "downLast90days": {}}}, {"maxAge": 1, "period": "+1q", "endDate": null, "growth": {}, "earningsEstimate": {"avg": 0.0, "low": 0.0, "high": 0.0, "yearAgoEps": {}, "numberOfAnalysts": 0, "growth": {}}, "revenueEstimate": {"avg": 0, "low": 0, "high": 0, "numberOfAnalysts": 0, "yearAgoRevenue": {}, "growth": {}}, "epsTrend": {"current": 0.0, "7daysAgo": 0.0, "30daysAgo": 0.0, "60daysAgo": 0.0, "90daysAgo": 0.0}, "epsRevisions": {"upLast7days": 0, "upLast30days": 0, "downLast30days": 0, "downLast90days": {}}}, {"maxAge": 1, "period": "0y", "endDate": null, "growth": {}, "earningsEstimate": {"avg": 0.0, "low": 0.0, "high": 0.0, "yearAgoEps": {}, "numberOfAnalysts": 0, "growth": {}}, "revenueEstimate": {"avg": 0, "low": 0, "high": 0, "numberOfAnalysts": 0, "yearAgoRevenue": {}, "growth": {}}, "epsTrend": {"current": 0.0, "7daysAgo": 0.0, "30daysAgo": 0.0, "60daysAgo": 0.0, "90daysAgo": 0.0}, "epsRevisions": {"upLast7days": 0, "upLast30days": 0, "downLast30days": 0, "downLast90days": {}}}, {"maxAge": 1, "period": "+1y", "endDate": null, "growth": {}, "earningsEstimate": {"avg": 0.0, "low": 0.0, "high": 0.0, "yearAgoEps": {}, "numberOfAnalysts": 0, "growth": {}}, "revenueEstimate": {"avg": 0, "low": 0, "high": 0, "numberOfAnalysts": 0, "yearAgoRevenue": {}, "growth": {}}, "epsTrend": {"current": 0.0, "7daysAgo": 0.0, "30daysAgo": 0.0, "60daysAgo": 0.0, "90daysAgo": 0.0}, "epsRevisions": {"upLast7days": 0, "upLast30days": 0, "downLast30days": 0, "downLast90days": {}}}, {"maxAge": 1, "period": "+5y", "endDate": null, "growth": {}, "earningsEstimate": {"avg": {}, "low": {}, "high": {}, "yearAgoEps": {}, "numberOfAnalysts": {}, "growth": {}}, "revenueEstimate": {"avg": {}, "low": {}, "high": {}, "numberOfAnalysts": {}, "yearAgoRevenue": {}, "growth": {}}, "epsTrend": {"current": {}, "7daysAgo": {}, "30daysAgo": {}, "60daysAgo": {}, "90daysAgo": {}}, "epsRevisions": {"upLast7days": {}, "upLast30days": {}, "downLast30days": {}, "downLast90days": {}}}, {"maxAge": 1, "period": "-5y", "endDate": null, "growth": {}, "earningsEstimate": {"avg": {}, "low": {}, "high": {}, "yearAgoEps": {}, "numberOfAnalysts": {}, "growth": {}}, "revenueEstimate": {"avg": {}, "low": {}, "high": {}, "numberOfAnalysts": {}, "yearAgoRevenue": {}, "growth": {}}, "epsTrend": {"current": {}, "7daysAgo": {}, "30daysAgo": {}, "60daysAgo": {}, "90daysAgo": {}}, "epsRevisions": {"upLast7days": {}, "upLast30days": {}, "downLast30days": {}, "downLast90days": {}}}], "maxAge": 1}, "institutionOwnership": {"maxAge": 1, "ownershipList": []}, "majorHoldersBreakdown": {"maxAge": 1, "insidersPercentHeld": 0.6354, "institutionsPercentHeld": 0.029059999, "institutionsFloatPercentHeld": 0.07971, "institutionsCount": 26}, "balanceSheetHistoryQuarterly": {"balanceSheetStatements": [{"maxAge": 1, "endDate": "2020-12-31", "totalStockholderEquity": 10947900000, "netTangibleAssets": 10945300000}, {"maxAge": 1, "endDate": "2020-09-30", "cash": 2814300000, "shortTermInvestments": 47000000, "netReceivables": 3144800000, "inventory": 2575900000, "otherCurrentAssets": 514000000, "totalCurrentAssets": 9096000000, "propertyPlantEquipment": 5148600000, "intangibleAssets": 2600000, "otherAssets": 289300000, "totalAssets": 14536500000, "accountsPayable": 2107000000, "otherCurrentLiab": 617000000, "otherLiab": 573600000, "totalCurrentLiabilities": 2992000000, "totalLiab": 3588600000, "commonStock": 587100000, "treasuryStock": 10360800000, "otherStockholderEquity": 10360800000, "totalStockholderEquity": 10947900000, "netTangibleAssets": 10945300000}, {"maxAge": 1, "endDate": "2020-06-30", "totalStockholderEquity": 8135400000, "netTangibleAssets": 8131900000}, {"maxAge": 1, "endDate": "2020-03-31", "cash": 280900000, "shortTermInvestments": 1026700000, "netReceivables": 2835300000, "inventory": 1875200000, "otherCurrentAssets": 657400000, "totalCurrentAssets": 6709400000, "propertyPlantEquipment": 4878800000, "intangibleAssets": 3500000, "otherAssets": 163900000, "totalAssets": 11755600000, "accountsPayable": 1860900000, "shortLongTermDebt": 700000, "otherCurrentLiab": 182300000, "otherLiab": 770000000, "totalCurrentLiabilities": 2822900000, "totalLiab": 3620200000, "commonStock": 568900000, "retainedEarnings": 5502300000, "treasuryStock": 161500000, "capitalSurplus": 1902700000, "otherStockholderEquity": 161500000, "totalStockholderEquity": 8135400000, "netTangibleAssets": 8131900000}], "maxAge": 86400}, "earningsHistory": {"history": [{"maxAge": 1, "epsActual": {}, "epsEstimate": {}, "epsDifference": {}, "surprisePercent": {}, "quarter": {}, "period": "-4q"}, {"maxAge": 1, "epsActual": {}, "epsEstimate": {}, "epsDifference": {}, "surprisePercent": {}, "quarter": {}, "period": "-3q"}, {"maxAge": 1, "epsActual": {}, "epsEstimate": {}, "epsDifference": {}, "surprisePercent": {}, "quarter": {}, "period": "-2q"}, {"maxAge": 1, "epsActual": {}, "epsEstimate": {}, "epsDifference": {}, "surprisePercent": {}, "quarter": {}, "period": "-1q"}], "maxAge": 86400}, "summaryProfile": {"address1": "85, Industrial Area 'A'", "city": "Ludhiana", "zip": "141003", "country": "India", "phone": "91 16 1222 5531", "fax": "91 16 1222 6929", "website": "http://www.iolcp.com", "industry": "Drug Manufacturers\u2014Specialty & Generic", "sector": "Healthcare", "longBusinessSummary": "IOL Chemicals and Pharmaceuticals Limited manufactures and sells bulk drugs, and organic and inorganic chemical compounds in India and internationally. It operates through Chemicals and Drugs segments. The company offers active pharmaceutical ingredients, such as ibuprofen, metformin hydrochloride, lamotrigine, fenofibrate, and clopidogrel bi sulphate for use in various therapeutic categories, including pain management, anti-diabetic, anti-hypertensive, anti-convulsants, anti-cholesterol, anti-platelet, etc. It also provides specialty industrial chemicals, which include ethyl acetate, iso butyl benzene, acetyl chloride, and mono chloro acetic acid for use in flexible packaging, pharmaceutical, textile, food processing, pesticide, and paint industries. IOL Chemicals and Pharmaceuticals Limited was founded in 1986 and is headquartered in Ludhiana, India.", "fullTimeEmployees": 1751, "companyOfficers": [], "maxAge": 86400}, "netSharePurchaseActivity": {"maxAge": 1, "period": "6m", "buyInfoCount": 0, "buyInfoShares": 0, "sellInfoCount": 0, "netInfoCount": 0, "netInfoShares": 0, "netPercentInsiderShares": 0.0, "totalInsiderShares": 37301476}, "insiderTransactions": {"transactions": [{"maxAge": 1, "shares": 1700, "value": 13536, "filerUrl": "", "transactionText": "Sale at price 7.96 per share.", "filerName": "Singh (Damandeep)", "filerRelation": "UNREPORTED", "moneyText": "", "startDate": "2021-03-31", "ownership": "D"}, {"maxAge": 1, "shares": 14885, "value": 133094, "filerUrl": "", "transactionText": "Sale at price 8.94 per share.", "filerName": "Singh (Damandeep)", "filerRelation": "UNREPORTED", "moneyText": "", "startDate": "2021-03-12", "ownership": "D"}, {"maxAge": 1, "shares": 682000, "filerUrl": "", "transactionText": "", "filerName": "Towels Enterprises, Ltd.", "filerRelation": "Promoter", "moneyText": "", "startDate": "2019-03-30", "ownership": "D"}, {"maxAge": 1, "shares": 22585, "filerUrl": "", "transactionText": "", "filerName": "Singh (Damandeep)", "filerRelation": "UNREPORTED", "moneyText": "", "startDate": "2017-10-23", "ownership": "D"}, {"maxAge": 1, "shares": 312032, "filerUrl": "", "transactionText": "", "filerName": "Towels Enterprises, Ltd.", "filerRelation": "Institution- Corporation", "moneyText": "", "startDate": "2017-03-30", "ownership": "D"}, {"maxAge": 1, "shares": 400000, "filerUrl": "", "transactionText": "", "filerName": "True Value Traders, Ltd.", "filerRelation": "Institution- Corporation", "moneyText": "", "startDate": "2017-03-30", "ownership": "D"}, {"maxAge": 1, "shares": 12500, "filerUrl": "", "transactionText": "", "filerName": "Gupta (Varinder)", "filerRelation": "Chief Executive Officer", "moneyText": "", "startDate": "2014-12-31", "ownership": "D"}, {"maxAge": 1, "shares": 13200, "filerUrl": "", "transactionText": "", "filerName": "Gupta (Varinder)", "filerRelation": "Chief Executive Officer", "moneyText": "", "startDate": "2014-12-30", "ownership": "D"}, {"maxAge": 1, "shares": 13635, "filerUrl": "", "transactionText": "", "filerName": "Gupta (Varinder)", "filerRelation": "Chief Executive Officer", "moneyText": "", "startDate": "2014-12-29", "ownership": "D"}, {"maxAge": 1, "shares": 5051924, "filerUrl": "", "transactionText": "", "filerName": "India Star Mauritius Ltd", "filerRelation": "Institution- Corporation", "moneyText": "", "startDate": "2014-11-29", "ownership": "D"}, {"maxAge": 1, "shares": 750000, "filerUrl": "", "transactionText": "", "filerName": "Innova Marchantiles, Ltd.", "filerRelation": "Institution- Corporation", "moneyText": "", "startDate": "2014-11-18", "ownership": "D"}, {"maxAge": 1, "shares": 2146428, "filerUrl": "", "transactionText": "", "filerName": "NCG Enterprises Ltd", "filerRelation": "Promoter", "moneyText": "", "startDate": "2014-07-02", "ownership": "D"}, {"maxAge": 1, "shares": 1523214, "filerUrl": "", "transactionText": "", "filerName": "IOL Lifesciences Ltd", "filerRelation": "Promoter", "moneyText": "", "startDate": "2014-07-02", "ownership": "D"}, {"maxAge": 1, "shares": 1691071, "filerUrl": "", "transactionText": "", "filerName": "NM Merchantiles Ltd", "filerRelation": "Promoter", "moneyText": "", "startDate": "2014-07-02", "ownership": "D"}, {"maxAge": 1, "shares": 800000, "filerUrl": "", "transactionText": "", "filerName": "IOL Lifesciences Ltd", "filerRelation": "Promoter", "moneyText": "", "startDate": "2013-11-05", "ownership": "D"}, {"maxAge": 1, "shares": 164000, "filerUrl": "", "transactionText": "", "filerName": "Mayadevi Polycot, Ltd.", "filerRelation": "Promoter", "moneyText": "", "startDate": "2013-11-05", "ownership": "D"}, {"maxAge": 1, "shares": 700000, "filerUrl": "", "transactionText": "", "filerName": "NM Merchantiles Ltd", "filerRelation": "Promoter", "moneyText": "", "startDate": "2013-11-05", "ownership": "D"}, {"maxAge": 1, "shares": 1000000, "filerUrl": "", "transactionText": "", "filerName": "NCG Enterprises Ltd", "filerRelation": "Promoter", "moneyText": "", "startDate": "2013-11-05", "ownership": "D"}, {"maxAge": 1, "shares": 50500, "filerUrl": "", "transactionText": "", "filerName": "IOL Lifesciences Ltd", "filerRelation": "Promoter", "moneyText": "", "startDate": "2012-05-04", "ownership": "D"}, {"maxAge": 1, "shares": 184500, "filerUrl": "", "transactionText": "", "filerName": "NM Merchantiles Ltd", "filerRelation": "Promoter", "moneyText": "", "startDate": "2012-05-04", "ownership": "D"}, {"maxAge": 1, "shares": 61000, "filerUrl": "", "transactionText": "", "filerName": "Mayadevi Polycot, Ltd.", "filerRelation": "Promoter", "moneyText": "", "startDate": "2012-05-04", "ownership": "D"}, {"maxAge": 1, "shares": 137965, "filerUrl": "", "transactionText": "", "filerName": "NCG Enterprises Ltd", "filerRelation": "Institution- Corporation", "moneyText": "", "startDate": "2012-05-04", "ownership": "D"}, {"maxAge": 1, "shares": 1500000, "filerUrl": "", "transactionText": "", "filerName": "G Consultants & Fabricators Ltd", "filerRelation": "Institution- Corporation", "moneyText": "", "startDate": "2010-08-25", "ownership": "D"}, {"maxAge": 1, "shares": 638202, "filerUrl": "", "transactionText": "", "filerName": "Chamunda Traders Pvt. Ltd.", "filerRelation": "Institution- Corporation", "moneyText": "", "startDate": "2009-12-14", "ownership": "D"}, {"maxAge": 1, "shares": 1000, "filerUrl": "", "transactionText": "", "filerName": "Gupta (Varinder)", "filerRelation": "Managing Director", "moneyText": "", "startDate": "2009-09-03", "ownership": "D"}], "maxAge": 1}, "sectorTrend": {"maxAge": 1, "symbol": null, "estimates": []}, "incomeStatementHistoryQuarterly": {"incomeStatementHistory": [{"maxAge": 1, "endDate": "2020-12-31", "totalRevenue": 5130100000, "costOfRevenue": 2863600000, "grossProfit": 2266500000, "researchDevelopment": {}, "sellingGeneralAdministrative": 282300000, "nonRecurring": {}, "otherOperatingExpenses": 411700000, "totalOperatingExpenses": 3657300000, "operatingIncome": 1472800000, "totalOtherIncomeExpenseNet": 63500000, "ebit": 1472800000, "interestExpense": -14600000, "incomeBeforeTax": 1536300000, "incomeTaxExpense": 388200000, "minorityInterest": {}, "netIncomeFromContinuingOps": 1148100000, "discontinuedOperations": {}, "extraordinaryItems": {}, "effectOfAccountingCharges": {}, "otherItems": {}, "netIncome": 1148100000, "netIncomeApplicableToCommonShares": 1148100000}, {"maxAge": 1, "endDate": "2020-09-30", "totalRevenue": 5334800000, "costOfRevenue": 2905500000, "grossProfit": 2429300000, "researchDevelopment": {}, "sellingGeneralAdministrative": 326200000, "nonRecurring": {}, "otherOperatingExpenses": 390100000, "totalOperatingExpenses": 3718000000, "operatingIncome": 1616800000, "totalOtherIncomeExpenseNet": 33700000, "ebit": 1616800000, "interestExpense": -11100000, "incomeBeforeTax": 1650500000, "incomeTaxExpense": 380900000, "minorityInterest": {}, "netIncomeFromContinuingOps": 1269600000, "discontinuedOperations": {}, "extraordinaryItems": {}, "effectOfAccountingCharges": {}, "otherItems": {}, "netIncome": 1269600000, "netIncomeApplicableToCommonShares": 1269600000}, {"maxAge": 1, "endDate": "2020-06-30", "totalRevenue": 4601100000, "costOfRevenue": 2482400000, "grossProfit": 2118700000, "researchDevelopment": {}, "sellingGeneralAdministrative": 242800000, "nonRecurring": {}, "otherOperatingExpenses": 354700000, "totalOperatingExpenses": 3173500000, "operatingIncome": 1427600000, "totalOtherIncomeExpenseNet": 39800000, "ebit": 1427600000, "interestExpense": -18200000, "incomeBeforeTax": 1467400000, "incomeTaxExpense": 192000000, "minorityInterest": {}, "netIncomeFromContinuingOps": 1275400000, "discontinuedOperations": {}, "extraordinaryItems": {}, "effectOfAccountingCharges": {}, "otherItems": {}, "netIncome": 1275400000, "netIncomeApplicableToCommonShares": 1275400000}, {"maxAge": 1, "endDate": "2020-03-31", "totalRevenue": 4414600000, "costOfRevenue": 2511900000, "grossProfit": 1902700000, "researchDevelopment": {}, "sellingGeneralAdministrative": 252200000, "nonRecurring": {}, "otherOperatingExpenses": 281900000, "totalOperatingExpenses": 3139600000, "operatingIncome": 1275000000, "totalOtherIncomeExpenseNet": 25800000, "ebit": 1275000000, "interestExpense": -18200000, "incomeBeforeTax": 1300800000, "incomeTaxExpense": 398200000, "minorityInterest": {}, "netIncomeFromContinuingOps": 902600000, "discontinuedOperations": {}, "extraordinaryItems": {}, "effectOfAccountingCharges": {}, "otherItems": {}, "netIncome": 902600000, "netIncomeApplicableToCommonShares": 902600000}], "maxAge": 86400}, "cashflowStatementHistoryQuarterly": {"cashflowStatements": [{"maxAge": 1, "endDate": "2020-12-31", "netIncome": 1148100000, "changeToLiabilities": 0}, {"maxAge": 1, "endDate": "2020-09-30", "netIncome": 1269600000, "changeToLiabilities": 0}, {"maxAge": 1, "endDate": "2020-06-30", "netIncome": 1275400000, "changeToLiabilities": 0}, {"maxAge": 1, "endDate": "2020-03-31", "netIncome": 902600000, "changeToLiabilities": 0}], "maxAge": 86400}, "earnings": {"maxAge": 86400, "earningsChart": {"quarterly": [], "earningsDate": []}, "financialsChart": {"yearly": [{"date": 2017, "revenue": 7106500000, "earnings": 46700000}, {"date": 2018, "revenue": 9833000000, "earnings": 277000000}, {"date": 2019, "revenue": 16853300000, "earnings": 2367000000}, {"date": 2020, "revenue": 18944700000, "earnings": 3612900000}], "quarterly": [{"date": "1Q2020", "revenue": 4414600000, "earnings": 902600000}, {"date": "2Q2020", "revenue": 4601100000, "earnings": 1275400000}, {"date": "3Q2020", "revenue": 5334800000, "earnings": 1269600000}, {"date": "4Q2020", "revenue": 5130100000, "earnings": 1148100000}]}, "financialCurrency": "INR"}, "financialData": {"maxAge": 86400, "currentPrice": 591.65, "targetHighPrice": 76.0, "targetLowPrice": 76.0, "targetMeanPrice": 76.0, "targetMedianPrice": 76.0, "recommendationKey": "none", "numberOfAnalystOpinions": 1, "totalCash": 2861299968, "totalCashPerShare": 48.74, "ebitda": 6157575168, "totalDebt": 245500000, "totalRevenue": 19480600576, "debtToEquity": 2.242, "revenuePerShare": 336.611, "grossProfits": 8207300000, "earningsGrowth": 0.135, "revenueGrowth": 0.003, "grossMargins": 0.44748002, "ebitdaMargins": 0.31609, "operatingMargins": 0.29733, "profitMargins": 0.23591, "financialCurrency": "INR"}}}