{"IONEXCHANG.BO": {"recommendationTrend": {"trend": [{"period": "0m", "strongBuy": 0, "buy": 0, "hold": 0, "sell": 0, "strongSell": 0}, {"period": "-1m", "strongBuy": 0, "buy": 0, "hold": 0, "sell": 0, "strongSell": 0}, {"period": "-2m", "strongBuy": 0, "buy": 0, "hold": 0, "sell": 0, "strongSell": 0}, {"period": "-3m", "strongBuy": 0, "buy": 0, "hold": 0, "sell": 0, "strongSell": 0}], "maxAge": 86400}, "cashflowStatementHistory": {"cashflowStatements": [{"maxAge": 1, "endDate": "2020-03-31", "netIncome": 934844000, "depreciation": 231061000, "changeToNetincome": -42421000, "changeToAccountReceivables": -732151000, "changeToLiabilities": 642881000, "changeToInventory": -47397000, "changeToOperatingActivities": -13200000, "totalCashFromOperatingActivities": 979182000, "capitalExpenditures": -320468000, "investments": -261745000, "otherCashflowsFromInvestingActivities": 399221000, "totalCashflowsFromInvestingActivities": -179420000, "dividendsPaid": -105417000, "netBorrowings": 26530000, "otherCashflowsFromFinancingActivities": -164097000, "totalCashFromFinancingActivities": -242984000, "effectOfExchangeRate": 6053000, "changeInCash": 562831000}, {"maxAge": 1, "endDate": "2019-03-31", "netIncome": 652590000, "depreciation": 191600000, "changeToNetincome": 73260000, "changeToAccountReceivables": 30715000, "changeToLiabilities": 513568000, "changeToInventory": -284886000, "changeToOperatingActivities": 84982000, "totalCashFromOperatingActivities": 1266125000, "capitalExpenditures": -306860000, "investments": -493046000, "otherCashflowsFromInvestingActivities": 93928000, "totalCashflowsFromInvestingActivities": -703989000, "dividendsPaid": -40480000, "netBorrowings": -551354000, "otherCashflowsFromFinancingActivities": -197819000, "totalCashFromFinancingActivities": -789653000, "effectOfExchangeRate": 5882000, "changeInCash": -220751000}, {"maxAge": 1, "endDate": "2018-03-31", "netIncome": 401752000, "depreciation": 126232000, "changeToNetincome": -27021000, "changeToAccountReceivables": -169615000, "changeToLiabilities": -251278000, "changeToInventory": 277614000, "changeToOperatingActivities": 499016000, "totalCashFromOperatingActivities": 861287000, "capitalExpenditures": -292204000, "investments": -1455457000, "otherCashflowsFromInvestingActivities": 84238000, "totalCashflowsFromInvestingActivities": -1662207000, "dividendsPaid": -40486000, "netBorrowings": 539369000, "otherCashflowsFromFinancingActivities": -187460000, "totalCashFromFinancingActivities": 311423000, "effectOfExchangeRate": -9296000, "changeInCash": -498525000}, {"maxAge": 1, "endDate": "2017-03-31", "netIncome": 304122000, "depreciation": 113754000, "changeToNetincome": 160159000, "changeToAccountReceivables": -835464000, "changeToLiabilities": 653717000, "changeToInventory": -330223000, "changeToOperatingActivities": 1692633000, "totalCashFromOperatingActivities": 1763225000, "capitalExpenditures": -446257000, "investments": -358968000, "otherCashflowsFromInvestingActivities": 85798000, "totalCashflowsFromInvestingActivities": -717518000, "dividendsPaid": -43701000, "netBorrowings": 148527000, "otherCashflowsFromFinancingActivities": -148059000, "totalCashFromFinancingActivities": -32940000, "effectOfExchangeRate": -36156000, "changeInCash": 976611000, "issuanceOfStock": 10293000}], "maxAge": 86400}, "institutionOwnership": {"maxAge": 1, "ownershipList": []}, "balanceSheetHistoryQuarterly": {"balanceSheetStatements": [{"maxAge": 1, "endDate": "2020-06-30", "totalStockholderEquity": 3630600000, "netTangibleAssets": 3528400000}, {"maxAge": 1, "endDate": "2020-03-31", "cash": 1014556000, "shortTermInvestments": 1047615000, "netReceivables": 5429296000, "inventory": 1344999000, "otherCurrentAssets": 2385380000, "totalCurrentAssets": 11293005000, "longTermInvestments": 44570000, "propertyPlantEquipment": 1952318000, "goodWill": 86310000, "intangibleAssets": 15932000, "otherAssets": 429716000, "deferredLongTermAssetCharges": 14831000, "totalAssets": 13821851000, "accountsPayable": 4799910000, "shortLongTermDebt": 108515000, "otherCurrentLiab": 3395622000, "longTermDebt": 187527000, "otherLiab": 266315000, "minorityInterest": 20257000, "totalCurrentLiabilities": 9611476000, "totalLiab": 10171053000, "commonStock": 142288000, "retainedEarnings": 2878920000, "treasuryStock": -224151000, "capitalSurplus": 833484000, "otherStockholderEquity": 56677000, "totalStockholderEquity": 3630541000, "netTangibleAssets": 3528299000}, {"maxAge": 1, "endDate": "2019-12-31", "totalStockholderEquity": 2925700000, "netTangibleAssets": 2824800000}, {"maxAge": 1, "endDate": "2019-09-30", "cash": 3267500000, "shortTermInvestments": 2400000, "netReceivables": 4710300000, "inventory": 1313100000, "otherCurrentAssets": 869800000, "totalCurrentAssets": 10163100000, "longTermInvestments": 47300000, "propertyPlantEquipment": 1877200000, "goodWill": 86300000, "intangibleAssets": 14600000, "otherAssets": 525300000, "deferredLongTermAssetCharges": 10200000, "totalAssets": 12713800000, "accountsPayable": 4995100000, "otherCurrentLiab": 3493200000, "longTermDebt": 271700000, "otherLiab": 265700000, "minorityInterest": 21100000, "totalCurrentLiabilities": 9204800000, "totalLiab": 9767000000, "commonStock": 142300000, "treasuryStock": 2783400000, "otherStockholderEquity": 2783400000, "totalStockholderEquity": 2925700000, "netTangibleAssets": 2824800000}], "maxAge": 86400}, "earningsHistory": {"history": [{"maxAge": 1, "epsActual": {}, "epsEstimate": {}, "epsDifference": {}, "surprisePercent": {}, "quarter": {}, "period": "-4q"}, {"maxAge": 1, "epsActual": 6.6, "epsEstimate": 6.38, "epsDifference": 0.22, "surprisePercent": 0.034, "quarter": "2017-09-30", "period": "-3q"}, {"maxAge": 1, "epsActual": 7.37, "epsEstimate": 6.9, "epsDifference": 0.47, "surprisePercent": 0.068, "quarter": "2017-12-31", "period": "-2q"}, {"maxAge": 1, "epsActual": 19.74, "epsEstimate": 15.68, "epsDifference": 4.06, "surprisePercent": 0.259, "quarter": "2018-03-31", "period": "-1q"}], "maxAge": 86400}, "indexTrend": {"maxAge": 1, "symbol": "SP5", "peRatio": 19.7411, "pegRatio": 1.34172, "estimates": [{"period": "0q", "growth": 0.549}, {"period": "+1q", "growth": 0.431}, {"period": "0y", "growth": 0.305}, {"period": "+1y", "growth": 0.109}, {"period": "+5y", "growth": 0.120859005}, {"period": "-5y"}]}, "industryTrend": {"maxAge": 1, "symbol": null, "estimates": []}, "insiderTransactions": {"transactions": [{"maxAge": 1, "shares": 27000, "filerUrl": "", "transactionText": "", "filerName": "Nambiar (Thekkekara Meloth Mohan)", "filerRelation": "Director (Non-Executive)", "moneyText": "", "startDate": "2019-12-30", "ownership": "D"}, {"maxAge": 1, "shares": 2900, "filerUrl": "", "transactionText": "", "filerName": "Kumar (Parthsarathy Sampath)", "filerRelation": "UNREPORTED", "moneyText": "", "startDate": "2019-12-23", "ownership": "D"}, {"maxAge": 1, "shares": 1000, "filerUrl": "", "transactionText": "", "filerName": "Bareja (Harminder Mohan)", "filerRelation": "UNREPORTED", "moneyText": "", "startDate": "2019-12-20", "ownership": "D"}, {"maxAge": 1, "shares": 2600, "filerUrl": "", "transactionText": "", "filerName": "Gupchup (Vijay N.)", "filerRelation": "UNREPORTED", "moneyText": "", "startDate": "2019-12-20", "ownership": "D"}, {"maxAge": 1, "shares": 5300, "filerUrl": "", "transactionText": "", "filerName": "Kumar (Parthsarathy Sampath)", "filerRelation": "UNREPORTED", "moneyText": "", "startDate": "2019-12-20", "ownership": "D"}, {"maxAge": 1, "shares": 2500, "filerUrl": "", "transactionText": "", "filerName": "Manocha (Anil)", "filerRelation": "UNREPORTED", "moneyText": "", "startDate": "2019-12-20", "ownership": "D"}, {"maxAge": 1, "shares": 76050, "filerUrl": "", "transactionText": "", "filerName": "Seth (Abhiram)", "filerRelation": "UNREPORTED", "moneyText": "", "startDate": "2019-12-20", "ownership": "D"}, {"maxAge": 1, "shares": 3270, "filerUrl": "", "transactionText": "", "filerName": "Tamotia (Shishir)", "filerRelation": "UNREPORTED", "moneyText": "", "startDate": "2019-12-20", "ownership": "D"}, {"maxAge": 1, "shares": 3280, "filerUrl": "", "transactionText": "", "filerName": "Udeshi (Kishori Jayendra)", "filerRelation": "UNREPORTED", "moneyText": "", "startDate": "2019-12-20", "ownership": "D"}], "maxAge": 1}, "quoteType": {"exchange": "BSE", "quoteType": "EQUITY", "symbol": "IONEXCHANG.BO", "underlyingSymbol": "IONEXCHANG.BO", "shortName": "ION EXCHANGE (INDIA) LTD.", "longName": "Ion Exchange (India) Limited", "firstTradeDateEpochUtc": "2000-01-03 09:15:00", "timeZoneFullName": "Asia/Kolkata", "timeZoneShortName": "IST", "uuid": "9b6f3794-e5f2-349e-9c42-9a25fc646df4", "messageBoardId": null, "gmtOffSetMilliseconds": 19800000, "maxAge": 1}, "incomeStatementHistory": {"incomeStatementHistory": [{"maxAge": 1, "endDate": "2020-03-31", "totalRevenue": 14798268000, "costOfRevenue": 9749592000, "grossProfit": 5048676000, "researchDevelopment": {}, "sellingGeneralAdministrative": 1949846000, "nonRecurring": {}, "otherOperatingExpenses": 1703892000, "totalOperatingExpenses": 13667964000, "operatingIncome": 1130304000, "totalOtherIncomeExpenseNet": 177124000, "ebit": 1130304000, "interestExpense": -143524000, "incomeBeforeTax": 1307428000, "incomeTaxExpense": 367296000, "minorityInterest": 20257000, "netIncomeFromContinuingOps": 940132000, "discontinuedOperations": {}, "extraordinaryItems": {}, "effectOfAccountingCharges": {}, "otherItems": {}, "netIncome": 934844000, "netIncomeApplicableToCommonShares": 934844000}, {"maxAge": 1, "endDate": "2019-03-31", "totalRevenue": 11622849000, "costOfRevenue": 7359864000, "grossProfit": 4262985000, "researchDevelopment": {}, "sellingGeneralAdministrative": 1657236000, "nonRecurring": {}, "otherOperatingExpenses": 1412230000, "totalOperatingExpenses": 10734618000, "operatingIncome": 888231000, "totalOtherIncomeExpenseNet": 130208000, "ebit": 888231000, "interestExpense": -169605000, "incomeBeforeTax": 1018439000, "incomeTaxExpense": 359354000, "minorityInterest": 21870000, "netIncomeFromContinuingOps": 659085000, "discontinuedOperations": {}, "extraordinaryItems": {}, "effectOfAccountingCharges": {}, "otherItems": {}, "netIncome": 652590000, "netIncomeApplicableToCommonShares": 652590000}, {"maxAge": 1, "endDate": "2018-03-31", "totalRevenue": 10458122000, "costOfRevenue": 6735091000, "grossProfit": 3723031000, "researchDevelopment": {}, "sellingGeneralAdministrative": 1511519000, "nonRecurring": {}, "otherOperatingExpenses": 1420085000, "totalOperatingExpenses": 9806972000, "operatingIncome": 651150000, "totalOtherIncomeExpenseNet": 11040000, "ebit": 651150000, "interestExpense": -160718000, "incomeBeforeTax": 662190000, "incomeTaxExpense": 263607000, "minorityInterest": 28352000, "netIncomeFromContinuingOps": 398583000, "discontinuedOperations": {}, "extraordinaryItems": {}, "effectOfAccountingCharges": {}, "otherItems": {}, "netIncome": 401752000, "netIncomeApplicableToCommonShares": 401752000}, {"maxAge": 1, "endDate": "2017-03-31", "totalRevenue": 10090267000, "costOfRevenue": 6262742000, "grossProfit": 3827525000, "researchDevelopment": {}, "sellingGeneralAdministrative": 1346395000, "nonRecurring": {}, "otherOperatingExpenses": 1691210000, "totalOperatingExpenses": 9437696000, "operatingIncome": 652571000, "totalOtherIncomeExpenseNet": -116004000, "ebit": 652571000, "interestExpense": -148140000, "incomeBeforeTax": 536567000, "incomeTaxExpense": 248146000, "minorityInterest": 38639000, "netIncomeFromContinuingOps": 288421000, "discontinuedOperations": {}, "extraordinaryItems": {}, "effectOfAccountingCharges": {}, "otherItems": {}, "netIncome": 304122000, "netIncomeApplicableToCommonShares": 304122000}], "maxAge": 86400}, "fundOwnership": {"maxAge": 1, "ownershipList": [{"maxAge": 1, "reportDate": "2020-06-30", "organization": "Optimum Funds Tr-International Fund", "pctHeld": 0.0005, "position": 6828, "value": 4460391}, {"maxAge": 1, "reportDate": "2020-06-30", "organization": "KP Fds-KP International Equity Fd", "pctHeld": 0.0004, "position": 6166, "value": 4027939}]}, "summaryDetail": {"maxAge": 1, "priceHint": 2, "previousClose": 1298.75, "open": 1280.0, "dayLow": 1271.0, "dayHigh": 1424.0, "regularMarketPreviousClose": 1298.75, "regularMarketOpen": 1280.0, "regularMarketDayLow": 1271.0, "regularMarketDayHigh": 1424.0, "trailingPE": 16.800734, "forwardPE": 27.071154, "volume": 166479, "regularMarketVolume": 166479, "averageVolume": 48203, "averageVolume10days": 33324, "averageDailyVolume10Day": 33324, "bid": 1400.0, "ask": 1407.7, "bidSize": 0, "askSize": 0, "marketCap": 20646311936, "fiftyTwoWeekLow": 502.0, "fiftyTwoWeekHigh": 1424.0, "fiftyDayAverage": 1128.66, "twoHundredDayAverage": 854.80255, "trailingAnnualDividendRate": 6.0, "trailingAnnualDividendYield": 0.0046198266, "currency": "INR", "fromCurrency": null, "toCurrency": null, "lastMarket": null, "algorithm": null, "tradeable": false}, "sectorTrend": {"maxAge": 1, "symbol": null, "estimates": []}, "incomeStatementHistoryQuarterly": {"incomeStatementHistory": [{"maxAge": 1, "endDate": "2020-06-30", "totalRevenue": 2652500000, "costOfRevenue": 1620700000, "grossProfit": 1031800000, "researchDevelopment": {}, "sellingGeneralAdministrative": 431200000, "nonRecurring": {}, "otherOperatingExpenses": 288800000, "totalOperatingExpenses": 2409200000, "operatingIncome": 243300000, "totalOtherIncomeExpenseNet": 12000000, "ebit": 243300000, "interestExpense": -41700000, "incomeBeforeTax": 255300000, "incomeTaxExpense": 80500000, "minorityInterest": {}, "netIncomeFromContinuingOps": 174800000, "discontinuedOperations": {}, "extraordinaryItems": {}, "effectOfAccountingCharges": {}, "otherItems": {}, "netIncome": 177000000, "netIncomeApplicableToCommonShares": 177000000}, {"maxAge": 1, "endDate": "2020-03-31", "totalRevenue": 3510868000, "costOfRevenue": 2211292000, "grossProfit": 1299576000, "researchDevelopment": {}, "sellingGeneralAdministrative": 593046000, "nonRecurring": {}, "otherOperatingExpenses": 263692000, "totalOperatingExpenses": 3161464000, "operatingIncome": 349404000, "totalOtherIncomeExpenseNet": 43324000, "ebit": 349404000, "interestExpense": -24024000, "incomeBeforeTax": 392728000, "incomeTaxExpense": 105496000, "minorityInterest": 20257000, "netIncomeFromContinuingOps": 287232000, "discontinuedOperations": {}, "extraordinaryItems": {}, "effectOfAccountingCharges": {}, "otherItems": {}, "netIncome": 279644000, "netIncomeApplicableToCommonShares": 279644000}, {"maxAge": 1, "endDate": "2019-12-31", "totalRevenue": 3982300000, "costOfRevenue": 2622500000, "grossProfit": 1359800000, "researchDevelopment": {}, "sellingGeneralAdministrative": 440100000, "nonRecurring": {}, "otherOperatingExpenses": 528400000, "totalOperatingExpenses": 3649500000, "operatingIncome": 332800000, "totalOtherIncomeExpenseNet": 36900000, "ebit": 332800000, "interestExpense": -41800000, "incomeBeforeTax": 369700000, "incomeTaxExpense": 106600000, "minorityInterest": 20257000, "netIncomeFromContinuingOps": 263100000, "discontinuedOperations": {}, "extraordinaryItems": {}, "effectOfAccountingCharges": {}, "otherItems": {}, "netIncome": 264600000, "netIncomeApplicableToCommonShares": 264600000}, {"maxAge": 1, "endDate": "2019-09-30", "totalRevenue": 4094000000, "costOfRevenue": 2832200000, "grossProfit": 1261800000, "researchDevelopment": {}, "sellingGeneralAdministrative": 443200000, "nonRecurring": {}, "otherOperatingExpenses": 489800000, "totalOperatingExpenses": 3822300000, "operatingIncome": 271700000, "totalOtherIncomeExpenseNet": 53200000, "ebit": 271700000, "interestExpense": -38700000, "incomeBeforeTax": 324900000, "incomeTaxExpense": 68300000, "minorityInterest": 21100000, "netIncomeFromContinuingOps": 256600000, "discontinuedOperations": {}, "extraordinaryItems": {}, "effectOfAccountingCharges": {}, "otherItems": {}, "netIncome": 253600000, "netIncomeApplicableToCommonShares": 253600000}], "maxAge": 86400}, "cashflowStatementHistoryQuarterly": {"cashflowStatements": [{"maxAge": 1, "endDate": "2020-06-30", "netIncome": 177000000, "changeToLiabilities": 0}, {"maxAge": 1, "endDate": "2020-03-31", "netIncome": 279644000, "changeToLiabilities": 0}, {"maxAge": 1, "endDate": "2019-12-31", "netIncome": 264600000, "changeToLiabilities": 0}, {"maxAge": 1, "endDate": "2019-09-30", "netIncome": 253600000, "changeToLiabilities": 0}], "maxAge": 86400}, "insiderHolders": {"holders": [{"maxAge": 1, "name": "Bareja (Harminder Mohan)", "relation": "UNREPORTED", "url": "", "transactionDescription": "Acquisition", "latestTransDate": "2019-12-20", "positionDirect": 1000, "positionDirectDate": "2019-12-20"}, {"maxAge": 1, "name": "Gupchup (Vijay N.)", "relation": "UNREPORTED", "url": "", "transactionDescription": "Acquisition", "latestTransDate": "2019-12-20", "positionDirect": 111126, "positionDirectDate": "2019-12-20"}, {"maxAge": 1, "name": "Kumar (Parthsarathy Sampath)", "relation": "UNREPORTED", "url": "", "transactionDescription": "Acquisition", "latestTransDate": "2019-12-23", "positionDirect": 58200, "positionDirectDate": "2019-12-23"}, {"maxAge": 1, "name": "Manocha (Anil)", "relation": "UNREPORTED", "url": "", "transactionDescription": "Acquisition", "latestTransDate": "2019-12-20", "positionDirect": 44696, "positionDirectDate": "2019-12-20"}, {"maxAge": 1, "name": "Nambiar (Thekkekara Meloth Mohan)", "relation": "Director (Non-Executive)", "url": "", "transactionDescription": "Acquisition", "latestTransDate": "2019-12-30", "positionDirect": 83200, "positionDirectDate": "2019-12-30"}, {"maxAge": 1, "name": "Seth (Abhiram)", "relation": "UNREPORTED", "url": "", "transactionDescription": "Acquisition", "latestTransDate": "2019-12-20", "positionDirect": 154800, "positionDirectDate": "2019-12-20"}, {"maxAge": 1, "name": "Tamotia (Shishir)", "relation": "UNREPORTED", "url": "", "transactionDescription": "Acquisition", "latestTransDate": "2019-12-20", "positionDirect": 3270, "positionDirectDate": "2019-12-20"}, {"maxAge": 1, "name": "Udeshi (Kishori Jayendra)", "relation": "UNREPORTED", "url": "", "transactionDescription": "Acquisition", "latestTransDate": "2019-12-20", "positionDirect": 3630, "positionDirectDate": "2019-12-20"}], "maxAge": 1}, "earnings": {"maxAge": 86400, "earningsChart": {"quarterly": [{"date": "3Q2017", "actual": 6.6, "estimate": 6.38}, {"date": "4Q2017", "actual": 7.37, "estimate": 6.9}, {"date": "1Q2018", "actual": 19.74, "estimate": 15.68}], "currentQuarterEstimateDate": "2Q", "currentQuarterEstimateYear": 2018, "earningsDate": []}, "financialsChart": {"yearly": [{"date": 2017, "revenue": 10090267000, "earnings": 304122000}, {"date": 2018, "revenue": 10458122000, "earnings": 401752000}, {"date": 2019, "revenue": 11622849000, "earnings": 652590000}, {"date": 2020, "revenue": 14798268000, "earnings": 934844000}], "quarterly": [{"date": "3Q2019", "revenue": 4094000000, "earnings": 253600000}, {"date": "4Q2019", "revenue": 3982300000, "earnings": 264600000}, {"date": "1Q2020", "revenue": 3510868000, "earnings": 279644000}, {"date": "2Q2020", "revenue": 2652500000, "earnings": 177000000}]}, "financialCurrency": "INR"}, "calendarEvents": {"maxAge": 1, "earnings": {"earningsDate": [], "revenueAverage": 2215500000}}, "price": {"maxAge": 1, "regularMarketChangePercent": 0.083888315, "regularMarketChange": 108.94995, "regularMarketTime": "2021-04-30 15:46:13", "priceHint": 2, "regularMarketPrice": 1407.7, "regularMarketDayHigh": 1424.0, "regularMarketDayLow": 1271.0, "regularMarketVolume": 166479, "averageDailyVolume10Day": 33324, "averageDailyVolume3Month": 48203, "regularMarketPreviousClose": 1298.75, "regularMarketSource": "FREE_REALTIME", "regularMarketOpen": 1280.0, "exchange": "BSE", "exchangeName": "BSE", "exchangeDataDelayedBy": 0, "marketState": "CLOSED", "quoteType": "EQUITY", "symbol": "IONEXCHANG.BO", "underlyingSymbol": null, "shortName": "ION EXCHANGE (INDIA) LTD.", "longName": "Ion Exchange (India) Limited", "currency": "INR", "quoteSourceName": "Delayed Quote", "currencySymbol": "\u20b9", "fromCurrency": null, "toCurrency": null, "lastMarket": null, "marketCap": 20646311936}, "balanceSheetHistory": {"balanceSheetStatements": [{"maxAge": 1, "endDate": "2020-03-31", "cash": 1014556000, "shortTermInvestments": 1047615000, "netReceivables": 5429296000, "inventory": 1344999000, "otherCurrentAssets": 2385380000, "totalCurrentAssets": 11293005000, "longTermInvestments": 44570000, "propertyPlantEquipment": 1952318000, "goodWill": 86310000, "intangibleAssets": 15932000, "otherAssets": 429716000, "deferredLongTermAssetCharges": 14831000, "totalAssets": 13821851000, "accountsPayable": 4799910000, "shortLongTermDebt": 108515000, "otherCurrentLiab": 3395622000, "longTermDebt": 187527000, "otherLiab": 266315000, "minorityInterest": 20257000, "totalCurrentLiabilities": 9611476000, "totalLiab": 10171053000, "commonStock": 142288000, "retainedEarnings": 2878920000, "treasuryStock": -224151000, "capitalSurplus": 833484000, "otherStockholderEquity": 56677000, "totalStockholderEquity": 3630541000, "netTangibleAssets": 3528299000}, {"maxAge": 1, "endDate": "2019-03-31", "cash": 451725000, "shortTermInvestments": 869938000, "netReceivables": 4529163000, "inventory": 1297602000, "otherCurrentAssets": 2176741000, "totalCurrentAssets": 9387152000, "longTermInvestments": 41445000, "propertyPlantEquipment": 1629460000, "goodWill": 86310000, "intangibleAssets": 13750000, "otherAssets": 494345000, "deferredLongTermAssetCharges": 10483000, "totalAssets": 11652462000, "accountsPayable": 4150954000, "shortLongTermDebt": 101022000, "otherCurrentLiab": 3206692000, "longTermDebt": 198059000, "otherLiab": 246344000, "minorityInterest": 21870000, "totalCurrentLiabilities": 8522946000, "totalLiab": 9030315000, "commonStock": 142288000, "retainedEarnings": 1879875000, "treasuryStock": -255370000, "capitalSurplus": 833484000, "otherStockholderEquity": 44329000, "totalStockholderEquity": 2600277000, "netTangibleAssets": 2500217000}, {"maxAge": 1, "endDate": "2018-03-31", "cash": 672476000, "shortTermInvestments": 520388000, "netReceivables": 4627587000, "inventory": 1011910000, "otherCurrentAssets": 1729378000, "totalCurrentAssets": 8620260000, "longTermInvestments": 36801000, "propertyPlantEquipment": 1501599000, "intangibleAssets": 12848000, "otherAssets": 480732000, "deferredLongTermAssetCharges": 11529000, "totalAssets": 10652240000, "accountsPayable": 3638887000, "shortLongTermDebt": 132393000, "otherCurrentLiab": 2783902000, "longTermDebt": 284181000, "otherLiab": 245131000, "minorityInterest": 28352000, "totalCurrentLiabilities": 8043705000, "totalLiab": 8622823000, "commonStock": 142288000, "retainedEarnings": 1287252000, "treasuryStock": -261959000, "capitalSurplus": 833484000, "otherStockholderEquity": 37740000, "totalStockholderEquity": 2001065000, "netTangibleAssets": 1988217000}, {"maxAge": 1, "endDate": "2017-03-31", "cash": 1171001000, "shortTermInvestments": 16690000, "netReceivables": 4360642000, "inventory": 1289524000, "otherCurrentAssets": 838934000, "totalCurrentAssets": 7795794000, "longTermInvestments": 28993000, "propertyPlantEquipment": 1312041000, "intangibleAssets": 13115000, "otherAssets": 557414000, "deferredLongTermAssetCharges": 59929000, "totalAssets": 9707357000, "accountsPayable": 3912499000, "shortLongTermDebt": 90514000, "otherCurrentLiab": 2483874000, "longTermDebt": 260928000, "otherLiab": 250269000, "minorityInterest": 38639000, "totalCurrentLiabilities": 7454209000, "totalLiab": 8001341000, "commonStock": 142288000, "retainedEarnings": 942439000, "treasuryStock": -250834000, "capitalSurplus": 833484000, "otherStockholderEquity": 48865000, "totalStockholderEquity": 1667377000, "netTangibleAssets": 1654262000}], "maxAge": 86400}, "earningsTrend": {"trend": [{"maxAge": 1, "period": "0q", "endDate": "2018-06-30", "growth": {}, "earningsEstimate": {"avg": 0.0, "low": 0.0, "high": 0.0, "yearAgoEps": {}, "numberOfAnalysts": 0, "growth": {}}, "revenueEstimate": {"avg": 2215500000, "low": 0, "high": 0, "numberOfAnalysts": 0, "yearAgoRevenue": {}, "growth": {}}, "epsTrend": {"current": 0.0, "7daysAgo": 0.0, "30daysAgo": 0.0, "60daysAgo": 0.0, "90daysAgo": 0.0}, "epsRevisions": {"upLast7days": 0, "upLast30days": 0, "downLast30days": 0, "downLast90days": {}}}, {"maxAge": 1, "period": "+1q", "endDate": "2018-09-30", "growth": {}, "earningsEstimate": {"avg": 0.0, "low": 0.0, "high": 0.0, "yearAgoEps": 6.6, "numberOfAnalysts": 0, "growth": {}}, "revenueEstimate": {"avg": 2436400000, "low": 0, "high": 0, "numberOfAnalysts": 0, "yearAgoRevenue": 2170800000, "growth": 0.122}, "epsTrend": {"current": 0.0, "7daysAgo": 0.0, "30daysAgo": 0.0, "60daysAgo": 0.0, "90daysAgo": 0.0}, "epsRevisions": {"upLast7days": 0, "upLast30days": 0, "downLast30days": 0, "downLast90days": {}}}, {"maxAge": 1, "period": "0y", "endDate": "2019-03-31", "growth": {}, "earningsEstimate": {"avg": 0.0, "low": 0.0, "high": 0.0, "yearAgoEps": {}, "numberOfAnalysts": 0, "growth": {}}, "revenueEstimate": {"avg": 14994000000, "low": 14994000000, "high": 14994000000, "numberOfAnalysts": 1, "yearAgoRevenue": 9942500000, "growth": 0.508}, "epsTrend": {"current": 0.0, "7daysAgo": 35.1, "30daysAgo": 35.1, "60daysAgo": 35.1, "90daysAgo": 35.1}, "epsRevisions": {"upLast7days": 0, "upLast30days": 0, "downLast30days": 0, "downLast90days": {}}}, {"maxAge": 1, "period": "+1y", "endDate": "2020-03-31", "growth": {}, "earningsEstimate": {"avg": 0.0, "low": 0.0, "high": 0.0, "yearAgoEps": {}, "numberOfAnalysts": 0, "growth": {}}, "revenueEstimate": {"avg": 17936000000, "low": 17936000000, "high": 17936000000, "numberOfAnalysts": 1, "yearAgoRevenue": 14994000000, "growth": 0.19600001}, "epsTrend": {"current": 0.0, "7daysAgo": 52.0, "30daysAgo": 52.0, "60daysAgo": 52.0, "90daysAgo": 52.0}, "epsRevisions": {"upLast7days": 0, "upLast30days": 0, "downLast30days": 0, "downLast90days": {}}}, {"maxAge": 1, "period": "+5y", "endDate": null, "growth": {}, "earningsEstimate": {"avg": {}, "low": {}, "high": {}, "yearAgoEps": {}, "numberOfAnalysts": {}, "growth": {}}, "revenueEstimate": {"avg": {}, "low": {}, "high": {}, "numberOfAnalysts": {}, "yearAgoRevenue": {}, "growth": {}}, "epsTrend": {"current": {}, "7daysAgo": {}, "30daysAgo": {}, "60daysAgo": {}, "90daysAgo": {}}, "epsRevisions": {"upLast7days": {}, "upLast30days": {}, "downLast30days": {}, "downLast90days": {}}}, {"maxAge": 1, "period": "-5y", "endDate": null, "growth": {}, "earningsEstimate": {"avg": {}, "low": {}, "high": {}, "yearAgoEps": {}, "numberOfAnalysts": {}, "growth": {}}, "revenueEstimate": {"avg": {}, "low": {}, "high": {}, "numberOfAnalysts": {}, "yearAgoRevenue": {}, "growth": {}}, "epsTrend": {"current": {}, "7daysAgo": {}, "30daysAgo": {}, "60daysAgo": {}, "90daysAgo": {}}, "epsRevisions": {"upLast7days": {}, "upLast30days": {}, "downLast30days": {}, "downLast90days": {}}}], "maxAge": 1}, "financialData": {"maxAge": 86400, "currentPrice": 1407.7, "targetHighPrice": 616.0, "targetLowPrice": 616.0, "targetMeanPrice": 616.0, "targetMedianPrice": 616.0, "recommendationKey": "none", "numberOfAnalystOpinions": 1, "grossProfits": 5048676000, "financialCurrency": "INR"}}}