{"IPRINGLTD.BO": {"cashflowStatementHistory": {"cashflowStatements": [{"maxAge": 1, "endDate": "2020-03-31", "netIncome": 11011000, "depreciation": 108028000, "changeToNetincome": 126199000, "changeToAccountReceivables": 113791000, "changeToLiabilities": -59898000, "changeToInventory": 12718000, "changeToOperatingActivities": 10486000, "totalCashFromOperatingActivities": 324852000, "capitalExpenditures": -306271000, "otherCashflowsFromInvestingActivities": 155076000, "totalCashflowsFromInvestingActivities": -149644000, "dividendsPaid": -15305000, "netBorrowings": -12792000, "otherCashflowsFromFinancingActivities": -84405000, "totalCashFromFinancingActivities": -112502000, "changeInCash": 62706000}, {"maxAge": 1, "endDate": "2019-03-31", "netIncome": 79469000, "depreciation": 95175000, "changeToNetincome": 85840000, "changeToAccountReceivables": -25566000, "changeToLiabilities": 34498000, "changeToInventory": -58738000, "changeToOperatingActivities": -5937000, "totalCashFromOperatingActivities": 207258000, "capitalExpenditures": -305743000, "otherCashflowsFromInvestingActivities": 84674000, "totalCashflowsFromInvestingActivities": -219990000, "dividendsPaid": -330000, "netBorrowings": 89503000, "otherCashflowsFromFinancingActivities": -73313000, "totalCashFromFinancingActivities": 15860000, "changeInCash": 3128000}, {"maxAge": 1, "endDate": "2018-03-31", "netIncome": 73334000, "depreciation": 79422000, "changeToNetincome": 81295000, "changeToAccountReceivables": 15049000, "changeToLiabilities": -20688000, "changeToInventory": -13436000, "changeToOperatingActivities": 2141000, "totalCashFromOperatingActivities": 218152000, "capitalExpenditures": -242911000, "investments": 5000, "otherCashflowsFromInvestingActivities": 84674000, "totalCashflowsFromInvestingActivities": -241544000, "dividendsPaid": -322000, "netBorrowings": 131853000, "otherCashflowsFromFinancingActivities": -70398000, "totalCashFromFinancingActivities": 61133000, "changeInCash": 37741000}, {"maxAge": 1, "endDate": "2017-03-31", "netIncome": -14473808, "depreciation": 79109232, "changeToNetincome": 90930730, "changeToAccountReceivables": -147668874, "changeToLiabilities": 131061348, "changeToInventory": -72411296, "changeToOperatingActivities": 35589227, "totalCashFromOperatingActivities": 103136560, "capitalExpenditures": -182703288, "investments": 822330, "otherCashflowsFromInvestingActivities": 84674000, "totalCashflowsFromInvestingActivities": -181300686, "dividendsPaid": -114114, "netBorrowings": -262266971, "otherCashflowsFromFinancingActivities": -101107155, "totalCashFromFinancingActivities": 117645478, "changeInCash": 39481352, "issuanceOfStock": 481133718}], "maxAge": 86400}, "institutionOwnership": {"ownershipList": [], "maxAge": 1}, "balanceSheetHistoryQuarterly": {"balanceSheetStatements": [{"maxAge": 1, "endDate": "2020-06-30", "totalStockholderEquity": 1010508000, "netTangibleAssets": 1007615000}, {"maxAge": 1, "endDate": "2020-03-31", "cash": 118910000, "netReceivables": 388570000, "inventory": 379715000, "otherCurrentAssets": 52532000, "totalCurrentAssets": 942347000, "longTermInvestments": 110000, "propertyPlantEquipment": 1381540000, "intangibleAssets": 2893000, "otherAssets": 45142000, "totalAssets": 2372032000, "accountsPayable": 289211000, "shortLongTermDebt": 140832000, "otherCurrentLiab": 165785000, "longTermDebt": 295907000, "otherLiab": 20168000, "totalCurrentLiabilities": 1043741000, "totalLiab": 1361524000, "commonStock": 126759000, "retainedEarnings": 361171000, "treasuryStock": -7647000, "capitalSurplus": 530225000, "otherStockholderEquity": -7647000, "totalStockholderEquity": 1010508000, "netTangibleAssets": 1007615000}, {"maxAge": 1, "endDate": "2019-12-31", "totalStockholderEquity": 1021379000, "netTangibleAssets": 1017355000}, {"maxAge": 1, "endDate": "2019-09-30", "cash": 155495000, "shortTermInvestments": 17823000, "netReceivables": 441516000, "inventory": 375549000, "otherCurrentAssets": 30113000, "totalCurrentAssets": 1020496000, "longTermInvestments": 859000, "propertyPlantEquipment": 1192691000, "intangibleAssets": 4024000, "otherAssets": 68473000, "totalAssets": 2286543000, "accountsPayable": 223319000, "otherCurrentLiab": 279835000, "longTermDebt": 256241000, "otherLiab": 24724000, "totalCurrentLiabilities": 984199000, "totalLiab": 1265164000, "commonStock": 126759000, "treasuryStock": 894620000, "otherStockholderEquity": 894620000, "totalStockholderEquity": 1021379000, "netTangibleAssets": 1017355000}], "maxAge": 86400}, "indexTrend": {"maxAge": 1, "symbol": "SP5", "peRatio": 19.7411, "pegRatio": 1.34172, "estimates": [{"period": "0q", "growth": 0.549}, {"period": "+1q", "growth": 0.431}, {"period": "0y", "growth": 0.305}, {"period": "+1y", "growth": 0.109}, {"period": "+5y", "growth": 0.120859005}, {"period": "-5y"}]}, "insiderTransactions": {"transactions": [{"maxAge": 1, "shares": 900, "filerUrl": "", "transactionText": "", "filerName": "Higginbothams Pvt. Ltd.", "filerRelation": "Promoter", "moneyText": "", "startDate": "2019-01-10", "ownership": "D"}], "maxAge": 1}, "quoteType": {"exchange": "BSE", "quoteType": "EQUITY", "symbol": "IPRINGLTD.BO", "underlyingSymbol": "IPRINGLTD.BO", "shortName": "IP RINGS LTD.", "longName": "IP Rings Limited", "firstTradeDateEpochUtc": "2000-06-26 09:15:00", "timeZoneFullName": "Asia/Kolkata", "timeZoneShortName": "IST", "uuid": "6ca42054-a6b8-36ea-9aed-e9f23f5a0550", "gmtOffSetMilliseconds": 19800000, "maxAge": 1}, "incomeStatementHistory": {"incomeStatementHistory": [{"maxAge": 1, "endDate": "2020-03-31", "totalRevenue": 1979321000, "costOfRevenue": 678159000, "grossProfit": 1301162000, "researchDevelopment": {}, "sellingGeneralAdministrative": 308613000, "nonRecurring": {}, "otherOperatingExpenses": 760115000, "totalOperatingExpenses": 1861974000, "operatingIncome": 117347000, "totalOtherIncomeExpenseNet": -99956000, "ebit": 117347000, "interestExpense": -88287000, "incomeBeforeTax": 17391000, "incomeTaxExpense": 6380000, "minorityInterest": {}, "netIncomeFromContinuingOps": 11011000, "discontinuedOperations": {}, "extraordinaryItems": {}, "effectOfAccountingCharges": {}, "otherItems": {}, "netIncome": 11011000, "netIncomeApplicableToCommonShares": 11011000}, {"maxAge": 1, "endDate": "2019-03-31", "totalRevenue": 2120927000, "costOfRevenue": 708269000, "grossProfit": 1412658000, "researchDevelopment": {}, "sellingGeneralAdministrative": 309795000, "nonRecurring": {}, "otherOperatingExpenses": 816375000, "totalOperatingExpenses": 1933994000, "operatingIncome": 186933000, "totalOtherIncomeExpenseNet": -76605000, "ebit": 186933000, "interestExpense": -72750000, "incomeBeforeTax": 110328000, "incomeTaxExpense": 30859000, "minorityInterest": {}, "netIncomeFromContinuingOps": 79469000, "discontinuedOperations": {}, "extraordinaryItems": {}, "effectOfAccountingCharges": {}, "otherItems": {}, "netIncome": 79469000, "netIncomeApplicableToCommonShares": 79469000}, {"maxAge": 1, "endDate": "2018-03-31", "totalRevenue": 2028979000, "costOfRevenue": 711243000, "grossProfit": 1317736000, "researchDevelopment": {}, "sellingGeneralAdministrative": 290451000, "nonRecurring": {}, "otherOperatingExpenses": 769961000, "totalOperatingExpenses": 1858114000, "operatingIncome": 170865000, "totalOtherIncomeExpenseNet": -69478000, "ebit": 170865000, "interestExpense": -67183000, "incomeBeforeTax": 101387000, "incomeTaxExpense": 28053000, "minorityInterest": {}, "netIncomeFromContinuingOps": 73334000, "discontinuedOperations": {}, "extraordinaryItems": {}, "effectOfAccountingCharges": {}, "otherItems": {}, "netIncome": 73334000, "netIncomeApplicableToCommonShares": 73334000}, {"maxAge": 1, "endDate": "2017-03-31", "totalRevenue": 1748862189, "costOfRevenue": 611822629, "grossProfit": 1137039560, "researchDevelopment": {}, "sellingGeneralAdministrative": 264034858, "nonRecurring": {}, "otherOperatingExpenses": 705417485, "totalOperatingExpenses": 1661384205, "operatingIncome": 87477984, "totalOtherIncomeExpenseNet": -113116637, "ebit": 87477984, "interestExpense": -95229089, "incomeBeforeTax": -25638653, "incomeTaxExpense": -11164845, "minorityInterest": {}, "netIncomeFromContinuingOps": -14473808, "discontinuedOperations": {}, "extraordinaryItems": {}, "effectOfAccountingCharges": {}, "otherItems": {}, "netIncome": -14473808, "netIncomeApplicableToCommonShares": -14473808}], "maxAge": 86400}, "fundOwnership": {"ownershipList": [], "maxAge": 1}, "summaryDetail": {"maxAge": 1, "priceHint": 2, "previousClose": 106.85, "open": 111.0, "dayLow": 101.55, "dayHigh": 111.0, "regularMarketPreviousClose": 106.85, "regularMarketOpen": 111.0, "regularMarketDayLow": 101.55, "regularMarketDayHigh": 111.0, "volume": 5976, "regularMarketVolume": 5976, "averageVolume": 6008, "averageVolume10days": 794, "averageDailyVolume10Day": 794, "bid": 101.55, "ask": 102.8, "bidSize": 0, "askSize": 0, "marketCap": 1287871360, "fiftyTwoWeekLow": 29.3, "fiftyTwoWeekHigh": 111.0, "fiftyDayAverage": 66.82727, "twoHundredDayAverage": 53.14485, "trailingAnnualDividendRate": 1.0, "trailingAnnualDividendYield": 0.009358915, "currency": "INR", "fromCurrency": null, "lastMarket": null, "algorithm": null, "tradeable": false}, "incomeStatementHistoryQuarterly": {"incomeStatementHistory": [{"maxAge": 1, "endDate": "2020-06-30", "totalRevenue": 100241000, "costOfRevenue": 51775000, "grossProfit": 48466000, "researchDevelopment": {}, "sellingGeneralAdministrative": 41995000, "nonRecurring": {}, "otherOperatingExpenses": 37191000, "totalOperatingExpenses": 152032000, "operatingIncome": -51791000, "totalOtherIncomeExpenseNet": -19432000, "ebit": -51791000, "interestExpense": -20624000, "incomeBeforeTax": -71223000, "incomeTaxExpense": -19814000, "minorityInterest": {}, "netIncomeFromContinuingOps": -51409000, "discontinuedOperations": {}, "extraordinaryItems": {}, "effectOfAccountingCharges": {}, "otherItems": {}, "netIncome": -51409000, "netIncomeApplicableToCommonShares": -51409000}, {"maxAge": 1, "endDate": "2020-03-31", "totalRevenue": 451237000, "costOfRevenue": -188846000, "grossProfit": 640083000, "researchDevelopment": {}, "sellingGeneralAdministrative": 89032000, "nonRecurring": {}, "otherOperatingExpenses": 481997000, "totalOperatingExpenses": 414242000, "operatingIncome": 36995000, "totalOtherIncomeExpenseNet": -48360000, "ebit": 36995000, "interestExpense": -32196000, "incomeBeforeTax": -11365000, "incomeTaxExpense": -452000, "minorityInterest": {}, "netIncomeFromContinuingOps": -10913000, "discontinuedOperations": {}, "extraordinaryItems": {}, "effectOfAccountingCharges": {}, "otherItems": {}, "netIncome": -10913000, "netIncomeApplicableToCommonShares": -10913000}, {"maxAge": 1, "endDate": "2019-12-31", "totalRevenue": 466768000, "costOfRevenue": 253826000, "grossProfit": 212942000, "researchDevelopment": {}, "sellingGeneralAdministrative": 67190000, "nonRecurring": {}, "otherOperatingExpenses": 100132000, "totalOperatingExpenses": 448929000, "operatingIncome": 17839000, "totalOtherIncomeExpenseNet": -17240000, "ebit": 17839000, "interestExpense": -18919000, "incomeBeforeTax": 599000, "incomeTaxExpense": 209000, "minorityInterest": {}, "netIncomeFromContinuingOps": 390000, "discontinuedOperations": {}, "extraordinaryItems": {}, "effectOfAccountingCharges": {}, "otherItems": {}, "netIncome": 390000, "netIncomeApplicableToCommonShares": 390000}, {"maxAge": 1, "endDate": "2019-09-30", "totalRevenue": 515828000, "costOfRevenue": 308922000, "grossProfit": 206906000, "researchDevelopment": {}, "sellingGeneralAdministrative": 74610000, "nonRecurring": {}, "otherOperatingExpenses": 86594000, "totalOperatingExpenses": 498942000, "operatingIncome": 16886000, "totalOtherIncomeExpenseNet": -15837000, "ebit": 16886000, "interestExpense": -16961000, "incomeBeforeTax": 1049000, "incomeTaxExpense": -548000, "minorityInterest": {}, "netIncomeFromContinuingOps": 1597000, "discontinuedOperations": {}, "extraordinaryItems": {}, "effectOfAccountingCharges": {}, "otherItems": {}, "netIncome": 1597000, "netIncomeApplicableToCommonShares": 1597000}], "maxAge": 86400}, "cashflowStatementHistoryQuarterly": {"cashflowStatements": [{"maxAge": 1, "endDate": "2020-06-30", "netIncome": -51409000, "changeToLiabilities": 0}, {"maxAge": 1, "endDate": "2020-03-31", "netIncome": -10913000, "changeToLiabilities": 0}, {"maxAge": 1, "endDate": "2019-12-31", "netIncome": 390000, "changeToLiabilities": 0}, {"maxAge": 1, "endDate": "2019-09-30", "netIncome": 1597000, "changeToLiabilities": 0}], "maxAge": 86400}, "insiderHolders": {"holders": [{"maxAge": 1, "name": "Higginbothams Pvt. Ltd.", "relation": "Promoter", "url": "", "transactionDescription": "Sale", "latestTransDate": "2019-01-10", "positionDirect": 0, "positionDirectDate": "2019-01-10"}], "maxAge": 1}, "calendarEvents": {"maxAge": 1, "earnings": {"earningsDate": []}}, "upgradeDowngradeHistory": {"history": [], "maxAge": 86400}, "price": {"maxAge": 1, "regularMarketChangePercent": -0.049134303, "regularMarketChange": -5.25, "regularMarketTime": "2021-04-30 15:29:19", "priceHint": 2, "regularMarketPrice": 101.6, "regularMarketDayHigh": 111.0, "regularMarketDayLow": 101.55, "regularMarketVolume": 5976, "averageDailyVolume10Day": 794, "averageDailyVolume3Month": 6008, "regularMarketPreviousClose": 106.85, "regularMarketSource": "FREE_REALTIME", "regularMarketOpen": 111.0, "exchange": "BSE", "exchangeName": "BSE", "exchangeDataDelayedBy": 0, "marketState": "CLOSED", "quoteType": "EQUITY", "symbol": "IPRINGLTD.BO", "underlyingSymbol": null, "shortName": "IP RINGS LTD.", "longName": "IP Rings Limited", "currency": "INR", "quoteSourceName": "Delayed Quote", "currencySymbol": "\u20b9", "fromCurrency": null, "lastMarket": null, "marketCap": 1287871360}, "balanceSheetHistory": {"balanceSheetStatements": [{"maxAge": 1, "endDate": "2020-03-31", "cash": 118910000, "netReceivables": 388570000, "inventory": 379715000, "otherCurrentAssets": 52532000, "totalCurrentAssets": 942347000, "longTermInvestments": 110000, "propertyPlantEquipment": 1381540000, "intangibleAssets": 2893000, "otherAssets": 45142000, "totalAssets": 2372032000, "accountsPayable": 289211000, "shortLongTermDebt": 140832000, "otherCurrentLiab": 165785000, "longTermDebt": 295907000, "otherLiab": 20168000, "totalCurrentLiabilities": 1043741000, "totalLiab": 1361524000, "commonStock": 126759000, "retainedEarnings": 361171000, "treasuryStock": -7647000, "capitalSurplus": 530225000, "otherStockholderEquity": -7647000, "totalStockholderEquity": 1010508000, "netTangibleAssets": 1007615000}, {"maxAge": 1, "endDate": "2019-03-31", "cash": 56204000, "netReceivables": 508350000, "inventory": 404671000, "otherCurrentAssets": 31204000, "totalCurrentAssets": 1005549000, "longTermInvestments": 214000, "propertyPlantEquipment": 1190277000, "intangibleAssets": 4993000, "otherAssets": 76309000, "totalAssets": 2277342000, "accountsPayable": 347946000, "shortLongTermDebt": 103307000, "otherCurrentLiab": 30847000, "longTermDebt": 342809000, "otherLiab": 19881000, "totalCurrentLiabilities": 898413000, "totalLiab": 1261103000, "commonStock": 126759000, "retainedEarnings": 365441000, "treasuryStock": -6186000, "capitalSurplus": 530225000, "otherStockholderEquity": -6186000, "totalStockholderEquity": 1016239000, "netTangibleAssets": 1011246000}, {"maxAge": 1, "endDate": "2018-03-31", "cash": 53076000, "netReceivables": 475501000, "inventory": 351103000, "otherCurrentAssets": 38105000, "totalCurrentAssets": 923682000, "longTermInvestments": 225000, "propertyPlantEquipment": 979532000, "intangibleAssets": 9053000, "otherAssets": 152998000, "totalAssets": 2065490000, "accountsPayable": 283865000, "shortLongTermDebt": 128521000, "otherCurrentLiab": 66684000, "longTermDebt": 235299000, "otherLiab": 13865000, "totalCurrentLiabilities": 878803000, "totalLiab": 1127967000, "commonStock": 126759000, "retainedEarnings": 280539000, "capitalSurplus": 530225000, "totalStockholderEquity": 937523000, "netTangibleAssets": 928470000}, {"maxAge": 1, "endDate": "2017-03-31", "cash": 15334929, "netReceivables": 486786676, "inventory": 337666431, "otherCurrentAssets": 60783361, "totalCurrentAssets": 907491019, "longTermInvestments": 350075, "propertyPlantEquipment": 876272906, "intangibleAssets": 12473597, "otherAssets": 96708067, "deferredLongTermAssetCharges": 3002984, "totalAssets": 1893295664, "accountsPayable": 302261755, "shortLongTermDebt": 121574489, "otherCurrentLiab": 66944721, "longTermDebt": 180806381, "otherLiab": 7051396, "totalCurrentLiabilities": 840117388, "totalLiab": 1027975165, "commonStock": 126758650, "retainedEarnings": 212637421, "treasuryStock": -4300510, "capitalSurplus": 530224938, "otherStockholderEquity": -4300510, "totalStockholderEquity": 865320499, "netTangibleAssets": 852846902}], "maxAge": 86400}, "financialData": {"maxAge": 86400, "currentPrice": 101.6, "recommendationKey": "none", "grossProfits": 1301162000, "financialCurrency": "INR"}}}