{"IRB.NS": {"assetProfile": {"address1": "IRB Complex", "address2": "3rd Floor Chandivali Farm, Chandivali Village Andheri (East)", "city": "Mumbai", "zip": "400072", "country": "India", "phone": "91 22 6640 4220", "fax": "91 22 6675 1024", "website": "http://www.irb.co.in", "industry": "Infrastructure Operations", "sector": "Industrials", "longBusinessSummary": "IRB Infrastructure Developers Limited engages in the construction, development, and operation and maintenance of roads and highways on build-operate-transfer (BOT) basis in India. The company operates in two segments, BOT/ Toll Operate and Transfer Projects, and Construction. It is also involved in real estate development; generation and sale of electricity through windmill; and hospitality and airport infrastructure activities. The company has 21 projects with 12,317 lane kilometers of roads and highways. The company was incorporated in 1998 and is based in Mumbai, India. IRB Infrastructure Developers Limited is a subsidiary of Mhaiskar Ventures Private Limited.", "fullTimeEmployees": 3508, "companyOfficers": [{"maxAge": 1, "name": "Mr. Virendra D. Mhaiskar", "age": 49, "title": "Chairman & MD", "yearBorn": 1971, "fiscalYear": 2020, "totalPay": 165320000, "exercisedValue": 0, "unexercisedValue": 0}, {"maxAge": 1, "name": "Mr. Mukeshlal P. Gupta", "age": 63, "title": "Joint MD of Advisory & Consulting and Whole Time Director", "yearBorn": 1957, "fiscalYear": 2020, "totalPay": 0, "exercisedValue": 0, "unexercisedValue": 0}, {"maxAge": 1, "name": "Mr. Sudhir Rao Hoshing", "age": 56, "title": "Joint MD & CEO of Execution and Director", "yearBorn": 1964, "fiscalYear": 2020, "totalPay": 39820000, "exercisedValue": 0, "unexercisedValue": 0}, {"maxAge": 1, "name": "Mr. Anil D. Yadav", "title": "Investor Relations Director", "fiscalYear": 2020, "totalPay": 17600000, "exercisedValue": 0, "unexercisedValue": 0}, {"maxAge": 1, "name": "Mr. Mehulkumar Natwarlal Patel", "title": "Pres of Corp. Affairs, Compliance Officer & Group Company Sec.", "fiscalYear": 2020, "totalPay": 9570000, "exercisedValue": 0, "unexercisedValue": 0}, {"maxAge": 1, "name": "Ms. Deepali V. Mhaiskar", "title": "Whole Time Director", "fiscalYear": 2020, "totalPay": 81850000, "exercisedValue": 0, "unexercisedValue": 0}, {"maxAge": 1, "name": "Mr. Ajay P. Deshmukh", "age": 52, "title": "Chief Exec. Officer of Acquisitions & New Bus.es", "yearBorn": 1968, "fiscalYear": 2020, "totalPay": 69220000, "exercisedValue": 0, "unexercisedValue": 0}, {"maxAge": 1, "name": "Mr. Tushar  Kawedia", "age": 41, "title": "Chief Financial Officer", "yearBorn": 1979, "exercisedValue": 0, "unexercisedValue": 0}, {"maxAge": 1, "name": "Mr. N. M. P. Nair", "title": "Director of Operations", "exercisedValue": 0, "unexercisedValue": 0}, {"maxAge": 1, "name": "Wing Commander Naresh K. Taneja", "age": 66, "title": "Group Pres of HR & Admin.", "yearBorn": 1954, "exercisedValue": 0, "unexercisedValue": 0}], "compensationAsOfEpochDate": "2020-12-31 05:30:00", "maxAge": 86400}, "recommendationTrend": {"trend": [{"period": "0m", "strongBuy": 0, "buy": 0, "hold": 0, "sell": 0, "strongSell": 0}, {"period": "-1m", "strongBuy": 6, "buy": 8, "hold": 2, "sell": 1, "strongSell": 1}, {"period": "-2m", "strongBuy": 6, "buy": 8, "hold": 2, "sell": 1, "strongSell": 1}, {"period": "-3m", "strongBuy": 7, "buy": 9, "hold": 3, "sell": 0, "strongSell": 1}], "maxAge": 86400}, "cashflowStatementHistory": {"cashflowStatements": [{"maxAge": 1, "endDate": "2020-03-31", "netIncome": 7208630000, "depreciation": 4683140000, "changeToNetincome": 13673930000, "changeToAccountReceivables": -3272680000, "changeToLiabilities": 3441200000, "changeToInventory": 1110810000, "changeToOperatingActivities": 10247230000, "totalCashFromOperatingActivities": 37092260000, "capitalExpenditures": -52052260000, "investments": 206130000, "otherCashflowsFromInvestingActivities": -4821240000, "totalCashflowsFromInvestingActivities": -49053090000, "netBorrowings": 26755110000, "otherCashflowsFromFinancingActivities": -12877320000, "totalCashFromFinancingActivities": 13877790000, "changeInCash": 1649950000}, {"maxAge": 1, "endDate": "2019-03-31", "netIncome": 8499650000, "depreciation": 5395130000, "changeToNetincome": 12060120000, "changeToAccountReceivables": 190970000, "changeToLiabilities": 3002600000, "changeToInventory": 447700000, "changeToOperatingActivities": -2496760000, "totalCashFromOperatingActivities": 27099410000, "capitalExpenditures": -42188900000, "investments": 1943910000, "otherCashflowsFromInvestingActivities": -585540000, "totalCashflowsFromInvestingActivities": -40813840000, "dividendsPaid": -878630000, "netBorrowings": 25990310000, "otherCashflowsFromFinancingActivities": -10736030000, "totalCashFromFinancingActivities": 14375650000, "changeInCash": 661220000}, {"maxAge": 1, "endDate": "2018-03-31", "netIncome": 9196570000, "depreciation": 5440450000, "changeToNetincome": 7748040000, "changeToAccountReceivables": -698520000, "changeToLiabilities": 634380000, "changeToInventory": -1345470000, "changeToOperatingActivities": 347820000, "totalCashFromOperatingActivities": 21323270000, "capitalExpenditures": -39660120000, "investments": 12984650000, "otherCashflowsFromInvestingActivities": 460740000, "totalCashflowsFromInvestingActivities": -26214730000, "dividendsPaid": -2811600000, "netBorrowings": 16431310000, "otherCashflowsFromFinancingActivities": -9518150000, "totalCashFromFinancingActivities": 4101560000, "changeInCash": -789900000}, {"maxAge": 1, "endDate": "2017-03-31", "netIncome": 7154740000, "depreciation": 8542460000, "changeToNetincome": 11985900000, "changeToAccountReceivables": -626790000, "changeToLiabilities": 1544290000, "changeToInventory": -438680000, "changeToOperatingActivities": 3758540000, "totalCashFromOperatingActivities": 31920460000, "capitalExpenditures": -27763410000, "investments": -3324220000, "otherCashflowsFromInvestingActivities": 1268180000, "totalCashflowsFromInvestingActivities": -29809520000, "dividendsPaid": -702900000, "netBorrowings": 16338640000, "otherCashflowsFromFinancingActivities": -17652000000, "totalCashFromFinancingActivities": -2016260000, "changeInCash": 94680000}], "maxAge": 86400}, "indexTrend": {"maxAge": 1, "symbol": "SP5", "peRatio": 19.7411, "pegRatio": 1.34172, "estimates": [{"period": "0q", "growth": 0.549}, {"period": "+1q", "growth": 0.431}, {"period": "0y", "growth": 0.305}, {"period": "+1y", "growth": 0.109}, {"period": "+5y", "growth": 0.120865}, {"period": "-5y"}]}, "defaultKeyStatistics": {"maxAge": 1, "priceHint": 2, "enterpriseValue": 161061224448, "profitMargins": 0.03297, "floatShares": 124440708, "sharesOutstanding": 351449984, "heldPercentInsiders": 0.58634996, "heldPercentInstitutions": 0.20531, "beta": 1.265874, "category": null, "bookValue": 186.317, "priceToBook": 0.56140876, "fundFamily": null, "legalType": null, "lastFiscalYearEnd": "2020-03-31 05:30:00", "nextFiscalYearEnd": "2022-03-31 05:30:00", "mostRecentQuarter": "2020-12-31 05:30:00", "earningsQuarterlyGrowth": -0.565, "netIncomeToCommon": 1740088960, "trailingEps": 4.883, "forwardEps": 23.16, "lastSplitFactor": null, "enterpriseToRevenue": 3.052, "enterpriseToEbitda": 6.986, "52WeekChange": 0.58966565, "SandP52WeekChange": 0.48148263, "lastDividendValue": 5.0, "lastDividendDate": 1594857600}, "industryTrend": {"maxAge": 1, "symbol": null, "estimates": []}, "quoteType": {"exchange": "NSI", "quoteType": "EQUITY", "symbol": "IRB.NS", "underlyingSymbol": "IRB.NS", "shortName": "IRB INFRASTRUCTURE", "longName": "IRB Infrastructure Developers Limited", "firstTradeDateEpochUtc": "2008-02-25 09:15:00", "timeZoneFullName": "Asia/Kolkata", "timeZoneShortName": "IST", "uuid": "c2552d04-4fb7-38b3-8600-9f287191f06c", "messageBoardId": "finmb_37592988", "gmtOffSetMilliseconds": 19800000, "maxAge": 1}, "incomeStatementHistory": {"incomeStatementHistory": [{"maxAge": 1, "endDate": "2020-03-31", "totalRevenue": 68522230000, "costOfRevenue": 32448100000, "grossProfit": 36074130000, "researchDevelopment": {}, "sellingGeneralAdministrative": 3088830000, "nonRecurring": {}, "otherOperatingExpenses": 3271240000, "totalOperatingExpenses": 43491310000, "operatingIncome": 25030920000, "totalOtherIncomeExpenseNet": -13278600000, "ebit": 25030920000, "interestExpense": -15154630000, "incomeBeforeTax": 11752320000, "incomeTaxExpense": 4543690000, "minorityInterest": {}, "netIncomeFromContinuingOps": 7208630000, "discontinuedOperations": {}, "extraordinaryItems": {}, "effectOfAccountingCharges": {}, "otherItems": {}, "netIncome": 7208630000, "netIncomeApplicableToCommonShares": 7208630000}, {"maxAge": 1, "endDate": "2019-03-31", "totalRevenue": 67070180000, "costOfRevenue": 31126450000, "grossProfit": 35943730000, "researchDevelopment": {}, "sellingGeneralAdministrative": 3158820000, "nonRecurring": {}, "otherOperatingExpenses": 3411960000, "totalOperatingExpenses": 43092360000, "operatingIncome": 23977820000, "totalOtherIncomeExpenseNet": -9244580000, "ebit": 23977820000, "interestExpense": -10904110000, "incomeBeforeTax": 14733240000, "incomeTaxExpense": 6233590000, "minorityInterest": {}, "netIncomeFromContinuingOps": 8499650000, "discontinuedOperations": {}, "extraordinaryItems": {}, "effectOfAccountingCharges": {}, "otherItems": {}, "netIncome": 8499650000, "netIncomeApplicableToCommonShares": 8499650000}, {"maxAge": 1, "endDate": "2018-03-31", "totalRevenue": 56940990000, "costOfRevenue": 23925700000, "grossProfit": 33015290000, "researchDevelopment": {}, "sellingGeneralAdministrative": 3387370000, "nonRecurring": {}, "otherOperatingExpenses": 2793070000, "totalOperatingExpenses": 35546590000, "operatingIncome": 21394400000, "totalOtherIncomeExpenseNet": -6754310000, "ebit": 21394400000, "interestExpense": -9351010000, "incomeBeforeTax": 14640090000, "incomeTaxExpense": 5443520000, "minorityInterest": {}, "netIncomeFromContinuingOps": 9196570000, "discontinuedOperations": {}, "extraordinaryItems": {}, "effectOfAccountingCharges": {}, "otherItems": {}, "netIncome": 9196570000, "netIncomeApplicableToCommonShares": 9196570000}, {"maxAge": 1, "endDate": "2017-03-31", "totalRevenue": 58459360000, "costOfRevenue": 22990820000, "grossProfit": 35468540000, "researchDevelopment": {}, "sellingGeneralAdministrative": 3008090000, "nonRecurring": {}, "otherOperatingExpenses": 1977590000, "totalOperatingExpenses": 36518960000, "operatingIncome": 21940400000, "totalOtherIncomeExpenseNet": -12100970000, "ebit": 21940400000, "interestExpense": -13030800000, "incomeBeforeTax": 9839430000, "incomeTaxExpense": 2685220000, "minorityInterest": {}, "netIncomeFromContinuingOps": 7154210000, "discontinuedOperations": {}, "extraordinaryItems": {}, "effectOfAccountingCharges": {}, "otherItems": {}, "netIncome": 7154740000, "netIncomeApplicableToCommonShares": 7154740000}], "maxAge": 86400}, "fundOwnership": {"maxAge": 1, "ownershipList": [{"maxAge": 1, "reportDate": "2021-01-31", "organization": "Vanguard International Stock Index-Emerging Markets Stk", "pctHeld": 0.0053, "position": 1849471, "value": 200575129}, {"maxAge": 1, "reportDate": "2021-01-31", "organization": "Vanguard International Stock Index-Total Intl Stock Indx", "pctHeld": 0.0047999998, "position": 1690187, "value": 183300780}, {"maxAge": 1, "reportDate": "2021-03-31", "organization": "iShares Core MSCI Emerging Markets ETF", "pctHeld": 0.0039, "position": 1357957, "value": 147474130}, {"maxAge": 1, "reportDate": "2021-01-31", "organization": "DFA Emerging Markets Core Equity Portfolio", "pctHeld": 0.0032, "position": 1117529, "value": 121196020}, {"maxAge": 1, "reportDate": "2021-01-31", "organization": "DFA Emerging Markets Small Cap Series", "pctHeld": 0.0027, "position": 941228, "value": 102076176}, {"maxAge": 1, "reportDate": "2021-02-28", "organization": "WisdomTree Tr-WisdomTree Emerging Markets Small Cap Dividend Fund", "pctHeld": 0.0023999999, "position": 843957, "value": 91189553}, {"maxAge": 1, "reportDate": "2021-02-28", "organization": "WisdomTree Tr-WisdomTree India Earnings Fd", "pctHeld": 0.0016, "position": 552128, "value": 59657430}, {"maxAge": 1, "reportDate": "2021-01-31", "organization": "Vanguard Intl Equity Index Fds-FTSE All World ex U.S.Small Cap Index", "pctHeld": 0.0011, "position": 369721, "value": 40096242}, {"maxAge": 1, "reportDate": "2021-03-31", "organization": "iShares MSCI India Small Cap ETF", "pctHeld": 0.0007, "position": 263350, "value": 28599810}, {"maxAge": 1, "reportDate": "2021-03-31", "organization": "SPDR (R) Idx Shares-SPDR (R) Emerging Markets Small Cap ETF", "pctHeld": 0.0004, "position": 145395, "value": 15789897}]}, "summaryDetail": {"maxAge": 1, "priceHint": 2, "previousClose": 107.05, "open": 106.0, "dayLow": 104.1, "dayHigh": 106.4, "regularMarketPreviousClose": 107.05, "regularMarketOpen": 106.0, "regularMarketDayLow": 104.1, "regularMarketDayHigh": 106.4, "dividendRate": 5.0, "dividendYield": 0.0467, "exDividendDate": "2020-07-16 05:30:00", "payoutRatio": 1.0121, "beta": 1.265874, "trailingPE": 21.421257, "forwardPE": 4.5164075, "volume": 950253, "regularMarketVolume": 950253, "averageVolume": 1767873, "averageVolume10days": 674500, "averageDailyVolume10Day": 674500, "bid": 0.0, "ask": 0.0, "bidSize": 0, "askSize": 0, "marketCap": 36744515584, "fiftyTwoWeekLow": 57.3, "fiftyTwoWeekHigh": 139.0, "priceToSalesTrailing12Months": 0.69628316, "fiftyDayAverage": 108.24028, "twoHundredDayAverage": 111.71793, "trailingAnnualDividendRate": 5.0, "trailingAnnualDividendYield": 0.046707146, "currency": "INR", "fromCurrency": null, "toCurrency": null, "lastMarket": null, "algorithm": null, "tradeable": false}, "insiderHolders": {"holders": [{"maxAge": 1, "name": "Dsm Projects Private Limited", "relation": "Institution- Corporation", "url": "", "transactionDescription": "Acquisition", "latestTransDate": "2019-12-20", "positionDirect": 180000, "positionDirectDate": "2019-12-20"}, {"maxAge": 1, "name": "GIC Private Ltd", "relation": "Institution- Corporation", "url": "", "transactionDescription": "Acquisition", "latestTransDate": "2020-07-30", "positionDirect": 13772432, "positionDirectDate": "2020-07-30"}, {"maxAge": 1, "name": "Gupta (Mukeshlal)", "relation": "Director (Executive)", "url": "", "transactionDescription": "Sale", "latestTransDate": "2020-08-28", "positionDirect": 500, "positionDirectDate": "2020-08-28"}, {"maxAge": 1, "name": "Life Insurance Corporation of India", "relation": "Partner", "url": "", "transactionDescription": "Acquisition", "latestTransDate": "2020-09-16", "positionDirect": 17687392, "positionDirectDate": "2020-09-16"}, {"maxAge": 1, "name": "Mhaiskar (Aryan)", "relation": "UNREPORTED", "url": "", "transactionDescription": "Acquisition", "latestTransDate": "2018-11-01", "positionDirect": 135000, "positionDirectDate": "2018-11-01"}, {"maxAge": 1, "name": "Mhaiskar (Deepali Virendra)", "relation": "Director (Non-Executive)", "url": "", "transactionDescription": "Acquisition", "latestTransDate": "2018-11-01", "positionDirect": 1500000, "positionDirectDate": "2018-11-01"}, {"maxAge": 1, "name": "Mhaiskar (Virendra Dattatraya)", "relation": "Managing Director", "url": "", "transactionDescription": "Acquisition", "latestTransDate": "2020-09-30", "positionDirect": 3982985, "positionDirectDate": "2020-09-30"}, {"maxAge": 1, "name": "Monetary Authority of Singapore", "relation": "Promoter", "url": "", "transactionDescription": "Acquisition", "latestTransDate": "2020-07-30", "positionDirect": 3931710, "positionDirectDate": "2020-07-30"}, {"maxAge": 1, "name": "Narang Intermediaries Pvt. Ltd.", "relation": "Institution- Corporation", "url": "", "transactionDescription": "Acquisition", "latestTransDate": "2020-03-11", "positionDirect": 76000, "positionDirectDate": "2020-03-11"}, {"maxAge": 1, "name": "Sdm Ventures  Private Limited", "relation": "Institution- Corporation", "url": "", "transactionDescription": "Acquisition", "latestTransDate": "2019-12-20", "positionDirect": 180000, "positionDirectDate": "2019-12-20"}], "maxAge": 1}, "calendarEvents": {"maxAge": 1, "earnings": {"earningsDate": ["2021-06-16 05:30:S", "2021-06-21 05:30:S"], "revenueAverage": 15454200000, "revenueLow": 15141400000, "revenueHigh": 15767000000}, "exDividendDate": "2020-07-16 05:30:00"}, "price": {"maxAge": 1, "regularMarketChangePercent": -0.022886543, "regularMarketChange": -2.4500046, "regularMarketTime": "2021-04-30 15:29:59", "priceHint": 2, "regularMarketPrice": 104.6, "regularMarketDayHigh": 106.4, "regularMarketDayLow": 104.1, "regularMarketVolume": 950253, "averageDailyVolume10Day": 674500, "averageDailyVolume3Month": 1767873, "regularMarketPreviousClose": 107.05, "regularMarketSource": "FREE_REALTIME", "regularMarketOpen": 106.0, "exchange": "NSI", "exchangeName": "NSE", "exchangeDataDelayedBy": 15, "marketState": "CLOSED", "quoteType": "EQUITY", "symbol": "IRB.NS", "underlyingSymbol": null, "shortName": "IRB INFRASTRUCTURE", "longName": "IRB Infrastructure Developers Limited", "currency": "INR", "quoteSourceName": "Delayed Quote", "currencySymbol": "\u20b9", "fromCurrency": null, "toCurrency": null, "lastMarket": null, "marketCap": 36744515584}, "balanceSheetHistory": {"balanceSheetStatements": [{"maxAge": 1, "endDate": "2020-03-31", "cash": 4428710000, "netReceivables": 16148180000, "inventory": 3313550000, "otherCurrentAssets": 21020040000, "totalCurrentAssets": 45175950000, "longTermInvestments": 41330540000, "propertyPlantEquipment": 2012920000, "goodWill": 78040000, "intangibleAssets": 278644450000, "otherAssets": 31639680000, "deferredLongTermAssetCharges": 596800000, "totalAssets": 398881580000, "accountsPayable": 7440280000, "shortLongTermDebt": 6570350000, "otherCurrentLiab": 90644560000, "longTermDebt": 64580710000, "otherLiab": 139303890000, "totalCurrentLiabilities": 128091490000, "totalLiab": 332052790000, "commonStock": 3514500000, "retainedEarnings": 54208580000, "treasuryStock": -4954380000, "capitalSurplus": 14060090000, "otherStockholderEquity": -4954380000, "totalStockholderEquity": 66828790000, "netTangibleAssets": -211893700000}, {"maxAge": 1, "endDate": "2019-03-31", "cash": 2777310000, "netReceivables": 5699490000, "inventory": 4424860000, "otherCurrentAssets": 15368010000, "totalCurrentAssets": 28830400000, "longTermInvestments": 6130570000, "propertyPlantEquipment": 2077270000, "goodWill": 78040000, "intangibleAssets": 365242410000, "otherAssets": 2602060000, "deferredLongTermAssetCharges": 1673510000, "totalAssets": 404960750000, "accountsPayable": 7060930000, "shortLongTermDebt": 8739860000, "otherCurrentLiab": 31434260000, "longTermDebt": 144076060000, "otherLiab": 136193140000, "totalCurrentLiabilities": 61540050000, "totalLiab": 341809250000, "commonStock": 3514500000, "retainedEarnings": 47116170000, "treasuryStock": -1539260000, "capitalSurplus": 14060090000, "otherStockholderEquity": -1539260000, "totalStockholderEquity": 63151500000, "netTangibleAssets": -302168950000}, {"maxAge": 1, "endDate": "2018-03-31", "cash": 2063040000, "shortTermInvestments": 100000, "netReceivables": 3551800000, "inventory": 4872560000, "otherCurrentAssets": 12576430000, "totalCurrentAssets": 25165940000, "longTermInvestments": 7616640000, "propertyPlantEquipment": 2450830000, "goodWill": 78040000, "intangibleAssets": 364664330000, "otherAssets": 4056360000, "deferredLongTermAssetCharges": 3348070000, "totalAssets": 404032140000, "accountsPayable": 4058330000, "shortLongTermDebt": 8298470000, "otherCurrentLiab": 46869770000, "longTermDebt": 118312590000, "otherLiab": 156607570000, "deferredLongTermLiab": 248660000, "totalCurrentLiabilities": 72186780000, "totalLiab": 347106940000, "commonStock": 3514500000, "retainedEarnings": 38081430000, "treasuryStock": 1269180000, "capitalSurplus": 14060090000, "otherStockholderEquity": 1269180000, "totalStockholderEquity": 56925200000, "netTangibleAssets": -307817170000}, {"maxAge": 1, "endDate": "2017-03-31", "cash": 2303950000, "shortTermInvestments": 100000, "netReceivables": 2139430000, "inventory": 3527090000, "otherCurrentAssets": 139772290000, "totalCurrentAssets": 149360480000, "longTermInvestments": 8010000, "propertyPlantEquipment": 3021800000, "goodWill": 1115400000, "intangibleAssets": 307804390000, "otherAssets": 5098630000, "deferredLongTermAssetCharges": 3854860000, "totalAssets": 466408710000, "accountsPayable": 4506800000, "shortLongTermDebt": 9360240000, "otherCurrentLiab": 108419830000, "longTermDebt": 120896710000, "otherLiab": 159596870000, "totalCurrentLiabilities": 133199150000, "totalLiab": 413692730000, "commonStock": 3514500000, "retainedEarnings": 33857080000, "treasuryStock": 1284310000, "capitalSurplus": 14060090000, "otherStockholderEquity": 1284310000, "totalStockholderEquity": 52715980000, "netTangibleAssets": -256203810000}], "maxAge": 86400}, "earningsTrend": {"trend": [{"maxAge": 1, "period": "0q", "endDate": "2018-12-31", "growth": {}, "earningsEstimate": {"avg": 0.0, "low": 0.0, "high": 0.0, "yearAgoEps": 5.9, "numberOfAnalysts": 0, "growth": {}}, "revenueEstimate": {"avg": 15454200000, "low": 15141400000, "high": 15767000000, "numberOfAnalysts": 2, "yearAgoRevenue": 12961900000, "growth": 0.192}, "epsTrend": {"current": 0.0, "7daysAgo": 7.72, "30daysAgo": 7.72, "60daysAgo": 7.72, "90daysAgo": 7.72}, "epsRevisions": {"upLast7days": 0, "upLast30days": 1, "downLast30days": 0, "downLast90days": {}}}, {"maxAge": 1, "period": "+1q", "endDate": "2019-03-31", "growth": {}, "earningsEstimate": {"avg": 0.0, "low": 0.0, "high": 0.0, "yearAgoEps": 6.82, "numberOfAnalysts": 0, "growth": {}}, "revenueEstimate": {"avg": 19996800000, "low": 19017500000, "high": 20976000000, "numberOfAnalysts": 2, "yearAgoRevenue": 13822400000, "growth": 0.447}, "epsTrend": {"current": 0.0, "7daysAgo": 10.93, "30daysAgo": 10.93, "60daysAgo": 10.93, "90daysAgo": 10.93}, "epsRevisions": {"upLast7days": 0, "upLast30days": 0, "downLast30days": 0, "downLast90days": {}}}, {"maxAge": 1, "period": "0y", "endDate": "2019-03-31", "growth": {}, "earningsEstimate": {"avg": 0.0, "low": 0.0, "high": 0.0, "yearAgoEps": {}, "numberOfAnalysts": 0, "growth": {}}, "revenueEstimate": {"avg": 66645400000, "low": 61147000000, "high": 70287000000, "numberOfAnalysts": 17, "yearAgoRevenue": 56941000000, "growth": 0.17}, "epsTrend": {"current": 0.0, "7daysAgo": 26.18, "30daysAgo": 26.18, "60daysAgo": 26.18, "90daysAgo": 26.18}, "epsRevisions": {"upLast7days": 0, "upLast30days": 1, "downLast30days": 0, "downLast90days": {}}}, {"maxAge": 1, "period": "+1y", "endDate": "2020-03-31", "growth": {}, "earningsEstimate": {"avg": 0.0, "low": 0.0, "high": 0.0, "yearAgoEps": {}, "numberOfAnalysts": 0, "growth": {}}, "revenueEstimate": {"avg": 83187100000, "low": 64283000000, "high": 117599000000, "numberOfAnalysts": 17, "yearAgoRevenue": 66645400000, "growth": 0.248}, "epsTrend": {"current": 0.0, "7daysAgo": 23.16, "30daysAgo": 23.16, "60daysAgo": 23.16, "90daysAgo": 23.16}, "epsRevisions": {"upLast7days": 0, "upLast30days": 1, "downLast30days": 0, "downLast90days": {}}}, {"maxAge": 1, "period": "+5y", "endDate": null, "growth": 0.0041, "earningsEstimate": {"avg": {}, "low": {}, "high": {}, "yearAgoEps": {}, "numberOfAnalysts": {}, "growth": {}}, "revenueEstimate": {"avg": {}, "low": {}, "high": {}, "numberOfAnalysts": {}, "yearAgoRevenue": {}, "growth": {}}, "epsTrend": {"current": {}, "7daysAgo": {}, "30daysAgo": {}, "60daysAgo": {}, "90daysAgo": {}}, "epsRevisions": {"upLast7days": {}, "upLast30days": {}, "downLast30days": {}, "downLast90days": {}}}, {"maxAge": 1, "period": "-5y", "endDate": null, "growth": {}, "earningsEstimate": {"avg": {}, "low": {}, "high": {}, "yearAgoEps": {}, "numberOfAnalysts": {}, "growth": {}}, "revenueEstimate": {"avg": {}, "low": {}, "high": {}, "numberOfAnalysts": {}, "yearAgoRevenue": {}, "growth": {}}, "epsTrend": {"current": {}, "7daysAgo": {}, "30daysAgo": {}, "60daysAgo": {}, "90daysAgo": {}}, "epsRevisions": {"upLast7days": {}, "upLast30days": {}, "downLast30days": {}, "downLast90days": {}}}], "maxAge": 1}, "institutionOwnership": {"maxAge": 1, "ownershipList": []}, "majorHoldersBreakdown": {"maxAge": 1, "insidersPercentHeld": 0.58634996, "institutionsPercentHeld": 0.20531, "institutionsFloatPercentHeld": 0.49635, "institutionsCount": 33}, "balanceSheetHistoryQuarterly": {"balanceSheetStatements": [{"maxAge": 1, "endDate": "2020-12-31", "totalStockholderEquity": 65412755000, "netTangibleAssets": -211346345000}, {"maxAge": 1, "endDate": "2020-09-30", "cash": 19503217000, "shortTermInvestments": 13625944000, "netReceivables": 4901583000, "inventory": 3727262000, "otherCurrentAssets": 5206504000, "totalCurrentAssets": 46964510000, "longTermInvestments": 74808019000, "propertyPlantEquipment": 1891321000, "goodWill": 78042000, "intangibleAssets": 276681058000, "otherAssets": 989108000, "deferredLongTermAssetCharges": 875739000, "totalAssets": 401412058000, "accountsPayable": 5136371000, "otherCurrentLiab": 37384804000, "longTermDebt": 137401032000, "otherLiab": 136854014000, "totalCurrentLiabilities": 61677782000, "totalLiab": 335999303000, "commonStock": 3514500000, "treasuryStock": 61898255000, "otherStockholderEquity": 61898255000, "totalStockholderEquity": 65412755000, "netTangibleAssets": -211346345000}, {"maxAge": 1, "endDate": "2020-06-30", "totalStockholderEquity": 66828790000, "netTangibleAssets": -211893700000}, {"maxAge": 1, "endDate": "2020-03-31", "cash": 4428710000, "netReceivables": 16148180000, "inventory": 3313550000, "otherCurrentAssets": 21020040000, "totalCurrentAssets": 45175950000, "longTermInvestments": 41330540000, "propertyPlantEquipment": 2012920000, "goodWill": 78040000, "intangibleAssets": 278644450000, "otherAssets": 31639680000, "deferredLongTermAssetCharges": 596800000, "totalAssets": 398881580000, "accountsPayable": 7440280000, "shortLongTermDebt": 6570350000, "otherCurrentLiab": 90644560000, "longTermDebt": 64580710000, "otherLiab": 139303890000, "totalCurrentLiabilities": 128091490000, "totalLiab": 332052790000, "commonStock": 3514500000, "retainedEarnings": 54208580000, "treasuryStock": -4954380000, "capitalSurplus": 14060090000, "otherStockholderEquity": -4954380000, "totalStockholderEquity": 66828790000, "netTangibleAssets": -211893700000}], "maxAge": 86400}, "earningsHistory": {"history": [{"maxAge": 1, "epsActual": 5.9, "epsEstimate": 6.06, "epsDifference": -0.16, "surprisePercent": -0.025999999, "quarter": "2017-12-31", "period": "-4q"}, {"maxAge": 1, "epsActual": 6.82, "epsEstimate": 7.85, "epsDifference": -1.03, "surprisePercent": -0.131, "quarter": "2018-03-31", "period": "-3q"}, {"maxAge": 1, "epsActual": 7.12, "epsEstimate": 8.71, "epsDifference": -1.59, "surprisePercent": -0.183, "quarter": "2018-06-30", "period": "-2q"}, {"maxAge": 1, "epsActual": 4.92, "epsEstimate": 6.72, "epsDifference": -1.8, "surprisePercent": -0.268, "quarter": "2018-09-30", "period": "-1q"}], "maxAge": 86400}, "summaryProfile": {"address1": "IRB Complex", "address2": "3rd Floor Chandivali Farm, Chandivali Village Andheri (East)", "city": "Mumbai", "zip": "400072", "country": "India", "phone": "91 22 6640 4220", "fax": "91 22 6675 1024", "website": "http://www.irb.co.in", "industry": "Infrastructure Operations", "sector": "Industrials", "longBusinessSummary": "IRB Infrastructure Developers Limited engages in the construction, development, and operation and maintenance of roads and highways on build-operate-transfer (BOT) basis in India. The company operates in two segments, BOT/ Toll Operate and Transfer Projects, and Construction. It is also involved in real estate development; generation and sale of electricity through windmill; and hospitality and airport infrastructure activities. The company has 21 projects with 12,317 lane kilometers of roads and highways. The company was incorporated in 1998 and is based in Mumbai, India. IRB Infrastructure Developers Limited is a subsidiary of Mhaiskar Ventures Private Limited.", "fullTimeEmployees": 3508, "companyOfficers": [], "maxAge": 86400}, "netSharePurchaseActivity": {"maxAge": 1, "period": "6m", "buyInfoCount": 0, "buyInfoShares": 0, "sellInfoCount": 0, "netInfoCount": 0, "netInfoShares": 0, "netPercentInsiderShares": 0.0, "totalInsiderShares": 205763520}, "insiderTransactions": {"transactions": [{"maxAge": 1, "shares": 200000, "value": 308880, "filerUrl": "", "transactionText": "Acquisition at price 1.54 per share.", "filerName": "Mhaiskar (Virendra Dattatraya)", "filerRelation": "Managing Director", "moneyText": "", "startDate": "2020-09-30", "ownership": "D"}, {"maxAge": 1, "shares": 2500000, "value": 3872500, "filerUrl": "", "transactionText": "Acquisition at price 1.55 per share.", "filerName": "Mhaiskar (Virendra Dattatraya)", "filerRelation": "Managing Director", "moneyText": "", "startDate": "2020-09-29", "ownership": "D"}, {"maxAge": 1, "shares": 250000, "filerUrl": "", "transactionText": "", "filerName": "Life Insurance Corporation of India", "filerRelation": "Partner", "moneyText": "", "startDate": "2020-09-16", "ownership": "D"}, {"maxAge": 1, "shares": 360000, "value": 623628, "filerUrl": "", "transactionText": "Acquisition at price 1.73 per share.", "filerName": "Mhaiskar (Virendra Dattatraya)", "filerRelation": "Managing Director", "moneyText": "", "startDate": "2020-09-07", "ownership": "D"}, {"maxAge": 1, "shares": 64500, "value": 115745, "filerUrl": "", "transactionText": "Sale at price 1.79 per share.", "filerName": "Gupta (Mukeshlal)", "filerRelation": "Director (Executive)", "moneyText": "", "startDate": "2020-08-28", "ownership": "D"}, {"maxAge": 1, "shares": 277378, "filerUrl": "", "transactionText": "", "filerName": "GIC Private Ltd", "filerRelation": "Institution- Corporation", "moneyText": "", "startDate": "2020-07-30", "ownership": "D"}, {"maxAge": 1, "shares": 39849, "filerUrl": "", "transactionText": "", "filerName": "Monetary Authority of Singapore", "filerRelation": "Promoter", "moneyText": "", "startDate": "2020-07-30", "ownership": "D"}, {"maxAge": 1, "shares": 164993, "filerUrl": "", "transactionText": "", "filerName": "Mhaiskar (Virendra Dattatraya)", "filerRelation": "Promoter", "moneyText": "", "startDate": "2020-03-31", "ownership": "D"}, {"maxAge": 1, "shares": 175000, "filerUrl": "", "transactionText": "", "filerName": "Mhaiskar (Virendra Dattatraya)", "filerRelation": "Managing Director", "moneyText": "", "startDate": "2020-03-27", "ownership": "D"}, {"maxAge": 1, "shares": 20000, "filerUrl": "", "transactionText": "", "filerName": "Narang Intermediaries Pvt. Ltd.", "filerRelation": "Institution- Corporation", "moneyText": "", "startDate": "2020-03-11", "ownership": "D"}, {"maxAge": 1, "shares": 105000, "filerUrl": "", "transactionText": "", "filerName": "Dsm Projects Private Limited", "filerRelation": "Institution- Corporation", "moneyText": "", "startDate": "2019-12-20", "ownership": "D"}, {"maxAge": 1, "shares": 105000, "filerUrl": "", "transactionText": "", "filerName": "Sdm Ventures  Private Limited", "filerRelation": "Institution- Corporation", "moneyText": "", "startDate": "2019-12-20", "ownership": "D"}, {"maxAge": 1, "shares": 75000, "filerUrl": "", "transactionText": "", "filerName": "Dsm Projects Private Limited", "filerRelation": "Institution- Corporation", "moneyText": "", "startDate": "2019-12-17", "ownership": "D"}, {"maxAge": 1, "shares": 75000, "filerUrl": "", "transactionText": "", "filerName": "Sdm Ventures  Private Limited", "filerRelation": "Institution- Corporation", "moneyText": "", "startDate": "2019-12-17", "ownership": "D"}, {"maxAge": 1, "shares": 54550, "filerUrl": "", "transactionText": "", "filerName": "Gupta (Mukeshlal)", "filerRelation": "Director (Executive)", "moneyText": "", "startDate": "2018-11-02", "ownership": "D"}, {"maxAge": 1, "shares": 35000, "filerUrl": "", "transactionText": "", "filerName": "Mhaiskar (Aryan)", "filerRelation": "UNREPORTED", "moneyText": "", "startDate": "2018-11-01", "ownership": "D"}, {"maxAge": 1, "shares": 431900, "filerUrl": "", "transactionText": "", "filerName": "Mhaiskar (Deepali Virendra)", "filerRelation": "Director (Non-Executive)", "moneyText": "", "startDate": "2018-11-01", "ownership": "D"}, {"maxAge": 1, "shares": 5000, "filerUrl": "", "transactionText": "", "filerName": "Gupta (Mukeshlal)", "filerRelation": "Director (Executive)", "moneyText": "", "startDate": "2018-10-15", "ownership": "D"}, {"maxAge": 1, "shares": 5000, "filerUrl": "", "transactionText": "", "filerName": "Gupta (Mukeshlal)", "filerRelation": "Director (Executive)", "moneyText": "", "startDate": "2018-10-09", "ownership": "D"}, {"maxAge": 1, "shares": 95908, "filerUrl": "", "transactionText": "", "filerName": "Mhaiskar (Sudha D)", "filerRelation": "UNREPORTED", "moneyText": "", "startDate": "2018-10-06", "ownership": "D"}, {"maxAge": 1, "shares": 581992, "filerUrl": "", "transactionText": "", "filerName": "Mhaiskar (Virendra Dattatraya)", "filerRelation": "Managing Director", "moneyText": "", "startDate": "2018-07-17", "ownership": "D"}, {"maxAge": 1, "shares": 195705015, "filerUrl": "", "transactionText": "", "filerName": "Ideal Soft Tech Park Pvt. Ltd.", "filerRelation": "Promoter", "moneyText": "", "startDate": "2017-03-30", "ownership": "D"}, {"maxAge": 1, "shares": 106259205, "filerUrl": "", "transactionText": "", "filerName": "Mhaiskar (Virendra Dattatraya)", "filerRelation": "Promoter", "moneyText": "", "startDate": "2017-03-30", "ownership": "D"}, {"maxAge": 1, "shares": 83737795, "filerUrl": "", "transactionText": "", "filerName": "Mhaiskar (Virendra Dattatraya) HUF", "filerRelation": "Promoter", "moneyText": "", "startDate": "2017-03-30", "ownership": "D"}, {"maxAge": 1, "shares": 2699970, "filerUrl": "", "transactionText": "", "filerName": "Mhaiskar (Dattatray Pandurang)", "filerRelation": "Director (Non-Executive)", "moneyText": "", "startDate": "2016-09-26", "ownership": "D"}, {"maxAge": 1, "shares": 105464297, "filerUrl": "", "transactionText": "", "filerName": "Mhaiskar (Virendra Dattatraya)", "filerRelation": "Managing Director", "moneyText": "", "startDate": "2016-09-23", "ownership": "D"}, {"maxAge": 1, "shares": 119707, "filerUrl": "", "transactionText": "", "filerName": "Ideal Toll & Infrastructure Company Pvt. Ltd.", "filerRelation": "Promoter", "moneyText": "", "startDate": "2016-05-03", "ownership": "D"}, {"maxAge": 1, "shares": 103000, "filerUrl": "", "transactionText": "", "filerName": "Ideal Toll & Infrastructure Company Pvt. Ltd.", "filerRelation": "Promoter", "moneyText": "", "startDate": "2016-05-02", "ownership": "D"}, {"maxAge": 1, "shares": 44529, "filerUrl": "", "transactionText": "", "filerName": "Ideal Toll & Infrastructure Company Pvt. Ltd.", "filerRelation": "Promoter", "moneyText": "", "startDate": "2016-04-21", "ownership": "D"}, {"maxAge": 1, "shares": 40456, "filerUrl": "", "transactionText": "", "filerName": "Ideal Toll & Infrastructure Company Pvt. Ltd.", "filerRelation": "Promoter", "moneyText": "", "startDate": "2016-04-13", "ownership": "D"}, {"maxAge": 1, "shares": 79500, "filerUrl": "", "transactionText": "", "filerName": "Ideal Toll & Infrastructure Company Pvt. Ltd.", "filerRelation": "Promoter", "moneyText": "", "startDate": "2016-04-12", "ownership": "D"}, {"maxAge": 1, "shares": 99263, "filerUrl": "", "transactionText": "", "filerName": "Ideal Toll & Infrastructure Company Pvt. Ltd.", "filerRelation": "Promoter", "moneyText": "", "startDate": "2016-03-22", "ownership": "D"}, {"maxAge": 1, "shares": 2007737, "filerUrl": "", "transactionText": "", "filerName": "Ideal Toll & Infrastructure Company Pvt. Ltd.", "filerRelation": "Promoter", "moneyText": "", "startDate": "2016-03-21", "ownership": "D"}, {"maxAge": 1, "shares": 950, "filerUrl": "", "transactionText": "", "filerName": "Gadgli (Angad D)", "filerRelation": "UNREPORTED", "moneyText": "", "startDate": "2016-01-06", "ownership": "D"}, {"maxAge": 1, "shares": 950, "filerUrl": "", "transactionText": "", "filerName": "Gadgli (Angad D)", "filerRelation": "UNREPORTED", "moneyText": "", "startDate": "2016-01-06", "ownership": "D"}, {"maxAge": 1, "shares": 1500, "filerUrl": "", "transactionText": "", "filerName": "Gadgil (Deepak Dattatraya)", "filerRelation": "Divisional Officer", "moneyText": "", "startDate": "2016-01-05", "ownership": "D"}, {"maxAge": 1, "shares": 794908, "filerUrl": "", "transactionText": "", "filerName": "Mhaiskar (Virendra Dattatraya)", "filerRelation": "Managing Director", "moneyText": "", "startDate": "2015-11-18", "ownership": "D"}, {"maxAge": 1, "shares": 202, "filerUrl": "", "transactionText": "", "filerName": "Shah (Sandeep J)", "filerRelation": "Additonal Director", "moneyText": "", "startDate": "2015-02-05", "ownership": "D"}, {"maxAge": 1, "shares": 200, "filerUrl": "", "transactionText": "", "filerName": "Gadre (Ganesh Madhav)", "filerRelation": "UNREPORTED", "moneyText": "", "startDate": "2015-01-11", "ownership": "D"}, {"maxAge": 1, "shares": 1500, "filerUrl": "", "transactionText": "", "filerName": "Gadgil (Deepak Dattatraya)", "filerRelation": "Divisional Officer", "moneyText": "", "startDate": "2014-07-08", "ownership": "D"}, {"maxAge": 1, "shares": 23160, "filerUrl": "", "transactionText": "", "filerName": "Patwardhan (Kamal V)", "filerRelation": "UNREPORTED", "moneyText": "", "startDate": "2014-06-26", "ownership": "D"}, {"maxAge": 1, "shares": 3000, "filerUrl": "", "transactionText": "", "filerName": "Gadgil (Deepak Dattatraya)", "filerRelation": "Divisional Officer", "moneyText": "", "startDate": "2013-08-23", "ownership": "D"}, {"maxAge": 1, "shares": 2465970, "filerUrl": "", "transactionText": "", "filerName": "Mhaiskar (Dattatray Pandurang)", "filerRelation": "Director (Non-Executive)", "moneyText": "", "startDate": "2013-08-12", "ownership": "D"}, {"maxAge": 1, "shares": 85000, "filerUrl": "", "transactionText": "", "filerName": "Mhaiskar (Anuya Jayant)", "filerRelation": "UNREPORTED", "moneyText": "", "startDate": "2013-08-02", "ownership": "D"}, {"maxAge": 1, "shares": 37111, "filerUrl": "", "transactionText": "", "filerName": "Mhaiskar (Anuya Jayant)", "filerRelation": "UNREPORTED", "moneyText": "", "startDate": "2013-08-02", "ownership": "D"}, {"maxAge": 1, "shares": 2000, "filerUrl": "", "transactionText": "", "filerName": "Gadgil (Deepak Dattatraya)", "filerRelation": "Divisional Officer", "moneyText": "", "startDate": "2013-06-26", "ownership": "D"}, {"maxAge": 1, "shares": 37111, "filerUrl": "", "transactionText": "", "filerName": "Mhaiskar (Anuya Jayant)", "filerRelation": "UNREPORTED", "moneyText": "", "startDate": "2013-06-25", "ownership": "D"}, {"maxAge": 1, "shares": 500, "filerUrl": "", "transactionText": "", "filerName": "Gadgil (M D)", "filerRelation": "UNREPORTED", "moneyText": "", "startDate": "2013-05-31", "ownership": "D"}, {"maxAge": 1, "shares": 270000, "filerUrl": "", "transactionText": "", "filerName": "Mhaiskar (Virendra Dattatraya) HUF", "filerRelation": "Promoter", "moneyText": "", "startDate": "2013-04-04", "ownership": "D"}, {"maxAge": 1, "shares": 540000, "filerUrl": "", "transactionText": "", "filerName": "Mhaiskar (Virendra Dattatraya) HUF", "filerRelation": "Promoter", "moneyText": "", "startDate": "2013-03-25", "ownership": "D"}, {"maxAge": 1, "shares": 208008, "filerUrl": "", "transactionText": "", "filerName": "Mhaiskar (Virendra Dattatraya) HUF", "filerRelation": "Promoter", "moneyText": "", "startDate": "2013-03-12", "ownership": "D"}, {"maxAge": 1, "shares": 0, "filerUrl": "", "transactionText": "", "filerName": "Mhaiskar (Virendra Dattatraya) HUF", "filerRelation": "Promoter", "moneyText": "", "startDate": "2013-03-01", "ownership": "I"}, {"maxAge": 1, "shares": 49641, "filerUrl": "", "transactionText": "", "filerName": "Mhaiskar (Virendra Dattatraya) HUF", "filerRelation": "Promoter", "moneyText": "", "startDate": "2012-09-14", "ownership": "D"}, {"maxAge": 1, "shares": 8115010, "filerUrl": "", "transactionText": "", "filerName": "Ideal Toll & Infrastructure Company Pvt. Ltd.", "filerRelation": "Promoter", "moneyText": "", "startDate": "2012-09-13", "ownership": "D"}, {"maxAge": 1, "shares": 8683202, "filerUrl": "", "transactionText": "", "filerName": "Mhaiskar (Dattatray Pandurang)", "filerRelation": "Director (Non-Executive)", "moneyText": "", "startDate": "2012-09-13", "ownership": "D"}, {"maxAge": 1, "shares": 198640, "filerUrl": "", "transactionText": "", "filerName": "Gadgil (M D)", "filerRelation": "UNREPORTED", "moneyText": "", "startDate": "2012-08-17", "ownership": "D"}, {"maxAge": 1, "shares": 110878586, "filerUrl": "", "transactionText": "", "filerName": "Mhaiskar (Deepali Virendra & Virendra Dattatraya)", "filerRelation": "UNREPORTED", "moneyText": "", "startDate": "2011-11-21", "ownership": "D"}, {"maxAge": 1, "shares": 5857513, "filerUrl": "", "transactionText": "", "filerName": "Ideal Toll & Infrastructure Company Pvt. Ltd.", "filerRelation": "Promoter", "moneyText": "", "startDate": "2011-10-17", "ownership": "D"}, {"maxAge": 1, "shares": 6892487, "filerUrl": "", "transactionText": "", "filerName": "Mhaiskar (Dattatray Pandurang)", "filerRelation": "Director (Non-Executive)", "moneyText": "", "startDate": "2011-10-17", "ownership": "D"}, {"maxAge": 1, "shares": 110909120, "filerUrl": "", "transactionText": "", "filerName": "Mhaiskar (Deepali Virendra & Virendra Dattatraya)", "filerRelation": "UNREPORTED", "moneyText": "", "startDate": "2011-10-17", "ownership": "D"}, {"maxAge": 1, "shares": 9150000, "filerUrl": "", "transactionText": "", "filerName": "Ideal Toll & Infrastructure Company Pvt. Ltd.", "filerRelation": "Promoter", "moneyText": "", "startDate": "2011-10-11", "ownership": "D"}, {"maxAge": 1, "shares": 8100030, "filerUrl": "", "transactionText": "", "filerName": "Mhaiskar (Dattatray Pandurang)", "filerRelation": "Director (Non-Executive)", "moneyText": "", "startDate": "2011-10-11", "ownership": "D"}, {"maxAge": 1, "shares": 165967, "filerUrl": "", "transactionText": "", "filerName": "Mhaiskar (Virendra Dattatraya) HUF", "filerRelation": "Promoter", "moneyText": "", "startDate": "2011-10-11", "ownership": "D"}, {"maxAge": 1, "shares": 12400, "filerUrl": "", "transactionText": "", "filerName": "Ideal Toll & Infrastructure Company Pvt. Ltd.", "filerRelation": "Promoter", "moneyText": "", "startDate": "2011-09-30", "ownership": "D"}, {"maxAge": 1, "shares": 15100, "filerUrl": "", "transactionText": "", "filerName": "Ideal Toll & Infrastructure Company Pvt. Ltd.", "filerRelation": "Promoter", "moneyText": "", "startDate": "2011-09-29", "ownership": "D"}, {"maxAge": 1, "shares": 216000, "filerUrl": "", "transactionText": "", "filerName": "Mhaiskar (Virendra Dattatraya) HUF", "filerRelation": "Promoter", "moneyText": "", "startDate": "2011-08-17", "ownership": "D"}, {"maxAge": 1, "shares": 9000, "filerUrl": "", "transactionText": "", "filerName": "Mhaiskar (Deepali Virendra)", "filerRelation": "Director (Non-Executive)", "moneyText": "", "startDate": "2011-08-16", "ownership": "D"}, {"maxAge": 1, "shares": 5000, "filerUrl": "", "transactionText": "", "filerName": "Gadgil (Deepak Dattatraya)", "filerRelation": "Divisional Officer", "moneyText": "", "startDate": "2011-05-03", "ownership": "D"}, {"maxAge": 1, "shares": 99980, "filerUrl": "", "transactionText": "", "filerName": "Ideal Toll & Infrastructure Company Pvt. Ltd.", "filerRelation": "Promoter", "moneyText": "", "startDate": "2011-03-30", "ownership": "D"}, {"maxAge": 1, "shares": 271000, "filerUrl": "", "transactionText": "", "filerName": "Ideal Toll & Infrastructure Company Pvt. Ltd.", "filerRelation": "Promoter", "moneyText": "", "startDate": "2011-03-29", "ownership": "D"}, {"maxAge": 1, "shares": 129020, "filerUrl": "", "transactionText": "", "filerName": "Ideal Toll & Infrastructure Company Pvt. Ltd.", "filerRelation": "Promoter", "moneyText": "", "startDate": "2011-03-28", "ownership": "D"}, {"maxAge": 1, "shares": 2000, "filerUrl": "", "transactionText": "", "filerName": "Kelkar (Suresh Govind)", "filerRelation": "UNREPORTED", "moneyText": "", "startDate": "2010-08-23", "ownership": "D"}, {"maxAge": 1, "shares": 22249, "filerUrl": "", "transactionText": "", "filerName": "Mhaiskar (Dattatray Pandurang)", "filerRelation": "Director (Non-Executive)", "moneyText": "", "startDate": "2010-07-30", "ownership": "D"}, {"maxAge": 1, "shares": 13000, "filerUrl": "", "transactionText": "", "filerName": "Mhaiskar (Virendra Dattatraya) HUF", "filerRelation": "Promoter", "moneyText": "", "startDate": "2010-05-20", "ownership": "D"}, {"maxAge": 1, "shares": 5000, "filerUrl": "", "transactionText": "", "filerName": "Mhaiskar (Virendra Dattatraya) HUF", "filerRelation": "Promoter", "moneyText": "", "startDate": "2010-05-17", "ownership": "D"}, {"maxAge": 1, "shares": 2000, "filerUrl": "", "transactionText": "", "filerName": "Kelkar (Suresh Govind)", "filerRelation": "UNREPORTED", "moneyText": "", "startDate": "2010-05-10", "ownership": "D"}, {"maxAge": 1, "shares": 45900, "filerUrl": "", "transactionText": "", "filerName": "Mhaiskar (Virendra Dattatraya) HUF", "filerRelation": "Promoter", "moneyText": "", "startDate": "2010-05-07", "ownership": "D"}, {"maxAge": 1, "shares": 10000, "filerUrl": "", "transactionText": "", "filerName": "Mhaiskar (Dattatray Pandurang)", "filerRelation": "Director (Non-Executive)", "moneyText": "", "startDate": "2010-05-04", "ownership": "D"}, {"maxAge": 1, "shares": 9000, "filerUrl": "", "transactionText": "", "filerName": "Mhaiskar (Deepali Virendra & Virendra Dattatraya)", "filerRelation": "UNREPORTED", "moneyText": "", "startDate": "2010-05-04", "ownership": "D"}, {"maxAge": 1, "shares": 45000, "filerUrl": "", "transactionText": "", "filerName": "Mhaiskar (Virendra Dattatraya) HUF", "filerRelation": "Promoter", "moneyText": "", "startDate": "2010-05-04", "ownership": "D"}, {"maxAge": 1, "shares": 100697, "filerUrl": "", "transactionText": "", "filerName": "Mhaiskar (Dattatray Pandurang)", "filerRelation": "Director (Non-Executive)", "moneyText": "", "startDate": "2010-04-09", "ownership": "D"}, {"maxAge": 1, "shares": 1000, "filerUrl": "", "transactionText": "", "filerName": "Kelkar (Suresh Govind)", "filerRelation": "UNREPORTED", "moneyText": "", "startDate": "2010-04-06", "ownership": "D"}, {"maxAge": 1, "shares": 30028, "filerUrl": "", "transactionText": "", "filerName": "Mhaiskar (Virendra Dattatraya) HUF", "filerRelation": "Promoter", "moneyText": "", "startDate": "2009-12-29", "ownership": "D"}, {"maxAge": 1, "shares": 1300100, "filerUrl": "", "transactionText": "", "filerName": "Mhaiskar (Virendra Dattatraya)", "filerRelation": "Managing Director", "moneyText": "", "startDate": "2009-12-03", "ownership": "D"}, {"maxAge": 1, "shares": 50000, "filerUrl": "", "transactionText": "", "filerName": "Mhaiskar (Virendra Dattatraya) HUF", "filerRelation": "Promoter", "moneyText": "", "startDate": "2009-11-27", "ownership": "D"}, {"maxAge": 1, "shares": 50000, "filerUrl": "", "transactionText": "", "filerName": "Mhaiskar (Virendra Dattatraya) HUF", "filerRelation": "Promoter", "moneyText": "", "startDate": "2009-11-25", "ownership": "D"}, {"maxAge": 1, "shares": 100000, "filerUrl": "", "transactionText": "", "filerName": "Mhaiskar (Virendra Dattatraya) HUF", "filerRelation": "Promoter", "moneyText": "", "startDate": "2009-11-19", "ownership": "D"}, {"maxAge": 1, "shares": 50000, "filerUrl": "", "transactionText": "", "filerName": "Mhaiskar (Virendra Dattatraya) HUF", "filerRelation": "Promoter", "moneyText": "", "startDate": "2009-11-17", "ownership": "D"}, {"maxAge": 1, "shares": 200000, "filerUrl": "", "transactionText": "", "filerName": "Mhaiskar (Virendra Dattatraya) HUF", "filerRelation": "Promoter", "moneyText": "", "startDate": "2009-11-12", "ownership": "D"}, {"maxAge": 1, "shares": 25058, "filerUrl": "", "transactionText": "", "filerName": "Mhaiskar (Virendra Dattatraya) HUF", "filerRelation": "Promoter", "moneyText": "", "startDate": "2009-11-10", "ownership": "D"}, {"maxAge": 1, "shares": 24942, "filerUrl": "", "transactionText": "", "filerName": "Mhaiskar (Virendra Dattatraya) HUF", "filerRelation": "Promoter", "moneyText": "", "startDate": "2009-11-06", "ownership": "D"}, {"maxAge": 1, "shares": 145300, "filerUrl": "", "transactionText": "", "filerName": "Mhaiskar (Dattatray Pandurang)", "filerRelation": "Director (Non-Executive)", "moneyText": "", "startDate": "2009-08-31", "ownership": "D"}, {"maxAge": 1, "shares": 54700, "filerUrl": "", "transactionText": "", "filerName": "Mhaiskar (Dattatray Pandurang)", "filerRelation": "Director (Non-Executive)", "moneyText": "", "startDate": "2009-08-27", "ownership": "D"}], "maxAge": 1}, "sectorTrend": {"maxAge": 1, "symbol": null, "estimates": []}, "incomeStatementHistoryQuarterly": {"incomeStatementHistory": [{"maxAge": 1, "endDate": "2020-12-31", "totalRevenue": 15471583000, "costOfRevenue": 6840062000, "grossProfit": 8631521000, "researchDevelopment": {}, "sellingGeneralAdministrative": 553957000, "nonRecurring": {}, "otherOperatingExpenses": 878002000, "totalOperatingExpenses": 10185839000, "operatingIncome": 5285744000, "totalOtherIncomeExpenseNet": -4123256000, "ebit": 5285744000, "interestExpense": -4407423000, "incomeBeforeTax": 1162488000, "incomeTaxExpense": 467661000, "minorityInterest": {}, "netIncomeFromContinuingOps": 694827000, "discontinuedOperations": {}, "extraordinaryItems": {}, "effectOfAccountingCharges": {}, "otherItems": {}, "netIncome": 694827000, "netIncomeApplicableToCommonShares": 694827000}, {"maxAge": 1, "endDate": "2020-09-30", "totalRevenue": 11233245000, "costOfRevenue": 4217654000, "grossProfit": 7015591000, "researchDevelopment": {}, "sellingGeneralAdministrative": 805759000, "nonRecurring": {}, "otherOperatingExpenses": 659638000, "totalOperatingExpenses": 6968304000, "operatingIncome": 4264941000, "totalOtherIncomeExpenseNet": -4311671000, "ebit": 4264941000, "interestExpense": -4350251000, "incomeBeforeTax": -46730000, "incomeTaxExpense": 149877000, "minorityInterest": {}, "netIncomeFromContinuingOps": -196607000, "discontinuedOperations": {}, "extraordinaryItems": {}, "effectOfAccountingCharges": {}, "otherItems": {}, "netIncome": -196607000, "netIncomeApplicableToCommonShares": -196607000}, {"maxAge": 1, "endDate": "2020-06-30", "totalRevenue": 10222996000, "costOfRevenue": 3712377000, "grossProfit": 6510619000, "researchDevelopment": {}, "sellingGeneralAdministrative": 741137000, "nonRecurring": {}, "otherOperatingExpenses": 993567000, "totalOperatingExpenses": 6290930000, "operatingIncome": 3932066000, "totalOtherIncomeExpenseNet": -3902557000, "ebit": 3932066000, "interestExpense": -3655675000, "incomeBeforeTax": 29509000, "incomeTaxExpense": 330879000, "minorityInterest": {}, "netIncomeFromContinuingOps": -301370000, "discontinuedOperations": {}, "extraordinaryItems": {}, "effectOfAccountingCharges": {}, "otherItems": {}, "netIncome": -301370000, "netIncomeApplicableToCommonShares": -301370000}, {"maxAge": 1, "endDate": "2020-03-31", "totalRevenue": 15844547000, "costOfRevenue": 7866968000, "grossProfit": 7977579000, "researchDevelopment": {}, "sellingGeneralAdministrative": 890453000, "nonRecurring": {}, "otherOperatingExpenses": 538014000, "totalOperatingExpenses": 10349075000, "operatingIncome": 5495472000, "totalOtherIncomeExpenseNet": -3184974000, "ebit": 5495472000, "interestExpense": -3614949000, "incomeBeforeTax": 2310498000, "incomeTaxExpense": 767259000, "minorityInterest": {}, "netIncomeFromContinuingOps": 1543239000, "discontinuedOperations": {}, "extraordinaryItems": {}, "effectOfAccountingCharges": {}, "otherItems": {}, "netIncome": 1543239000, "netIncomeApplicableToCommonShares": 1543239000}], "maxAge": 86400}, "cashflowStatementHistoryQuarterly": {"cashflowStatements": [{"maxAge": 1, "endDate": "2020-12-31", "netIncome": 694827000, "changeToLiabilities": 0}, {"maxAge": 1, "endDate": "2020-09-30", "netIncome": -196607000, "changeToLiabilities": 0}, {"maxAge": 1, "endDate": "2020-06-30", "netIncome": -301370000, "changeToLiabilities": 0}, {"maxAge": 1, "endDate": "2020-03-31", "netIncome": 1543239000, "changeToLiabilities": 0}], "maxAge": 86400}, "earnings": {"maxAge": 86400, "earningsChart": {"quarterly": [{"date": "4Q2017", "actual": 5.9, "estimate": 6.06}, {"date": "1Q2018", "actual": 6.82, "estimate": 7.85}, {"date": "2Q2018", "actual": 7.12, "estimate": 8.71}, {"date": "3Q2018", "actual": 4.92, "estimate": 6.72}], "currentQuarterEstimateDate": "4Q", "currentQuarterEstimateYear": 2018, "earningsDate": ["2021-06-16 05:30:S", "2021-06-21 05:30:S"]}, "financialsChart": {"yearly": [{"date": 2017, "revenue": 58459360000, "earnings": 7154740000}, {"date": 2018, "revenue": 56940990000, "earnings": 9196570000}, {"date": 2019, "revenue": 67070180000, "earnings": 8499650000}, {"date": 2020, "revenue": 68522230000, "earnings": 7208630000}], "quarterly": [{"date": "1Q2020", "revenue": 15844547000, "earnings": 1543239000}, {"date": "2Q2020", "revenue": 10222996000, "earnings": -301370000}, {"date": "3Q2020", "revenue": 11233245000, "earnings": -196607000}, {"date": "4Q2020", "revenue": 15471583000, "earnings": 694827000}]}, "financialCurrency": "INR"}, "financialData": {"maxAge": 86400, "currentPrice": 104.6, "targetHighPrice": 300.0, "targetLowPrice": 140.0, "targetMeanPrice": 223.42, "targetMedianPrice": 216.0, "recommendationKey": "none", "numberOfAnalystOpinions": 19, "totalCash": 33129160704, "totalCashPerShare": 94.406, "ebitda": 23054991360, "totalDebt": 156624109568, "totalRevenue": 52772372480, "debtToEquity": 239.44, "revenuePerShare": 148.115, "grossProfits": 36074130000, "earningsGrowth": -0.565, "revenueGrowth": -0.112, "grossMargins": 0.57104, "ebitdaMargins": 0.43688, "operatingMargins": 0.35962, "profitMargins": 0.03297, "financialCurrency": "INR"}}}