{"IRCON.NS": {"assetProfile": {"address1": "C-4, District Centre", "address2": "Saket", "city": "New Delhi", "zip": "110017", "country": "India", "phone": "91 11 2956 5666", "fax": "91 11 2652 2000", "website": "http://www.ircon.org", "industry": "Engineering & Construction", "sector": "Industrials", "longBusinessSummary": "Ircon International Limited, together with its subsidiaries, provides construction services in India and internationally. The company's services include construction of new railway lines; rehabilitation/conversion of existing lines, station buildings and facilities, and bridges; regirdering of railway bridges, tunnels, and signaling and telecommunication networks; and railway electrification works. It is also involved in the wet leasing of locomotives; and setting up of production units for manufacture rolling stock, maintenance depots/workshops, concrete sleepers, and track components on turn-key basis. In addition, the company engages in the construction of roads and highways; bridges and flyovers; and commercial, institutional, industrial, and residential complexes, as well as airport hangers, station buildings and facilities, hospitals, business centers, workshops/warehouses, etc. Further, it provides electrification services; turnkey solutions for signaling and communication projects; and supplies plant and machinery for workshops, high speed lightweight passenger cars, and diesel electric locomotives, as well as leases and maintains diesel locomotives. The company was formerly known as Indian Railway Construction Company Limited. Ircon International Limited was founded in 1976 and is headquartered in New Delhi, India.", "fullTimeEmployees": 1153, "companyOfficers": [{"maxAge": 1, "name": "Mr. Sunil Kumar Chaudhary", "age": 59, "title": "Chairman, MD & CEO", "yearBorn": 1961, "fiscalYear": 2020, "totalPay": 8988348, "exercisedValue": 0, "unexercisedValue": 0}, {"maxAge": 1, "name": "Mr. Mukesh Kumar Singh", "age": 59, "title": "CFO, Director of Fin. & Whole-Time Director", "yearBorn": 1961, "fiscalYear": 2020, "totalPay": 8355116, "exercisedValue": 0, "unexercisedValue": 0}, {"maxAge": 1, "name": "Ms. Ritu  Arora", "title": "Company Sec. & Compliance Officer", "fiscalYear": 2020, "totalPay": 3053851, "exercisedValue": 0, "unexercisedValue": 0}, {"maxAge": 1, "name": "Mr. Yogesh Kumar Misra", "age": 55, "title": "Director of Works & Whole-Time Director", "yearBorn": 1965, "fiscalYear": 2020, "totalPay": 5507072, "exercisedValue": 0, "unexercisedValue": 0}, {"maxAge": 1, "name": "Mr. Shyam Lal Gupta", "age": 57, "title": "Director of Projects & Whole-Time Director", "yearBorn": 1963, "fiscalYear": 2020, "totalPay": 2219622, "exercisedValue": 0, "unexercisedValue": 0}, {"maxAge": 1, "name": "Mendu Chakra Pani", "title": "Additional Gen. Mang. of Admin", "exercisedValue": 0, "unexercisedValue": 0}, {"maxAge": 1, "name": "Surajit  Dutta", "title": "Chief Gen. Mang. of Fin. & HQ", "fiscalYear": 2017, "exercisedValue": 0, "unexercisedValue": 0}, {"maxAge": 1, "name": "Mr. Parag  Verma", "title": "Chief Gen. Mang. of Bus. Devel.", "exercisedValue": 0, "unexercisedValue": 0}, {"maxAge": 1, "name": "Surender  Singh", "title": "Chief Gen. Mang. of RP", "exercisedValue": 0, "unexercisedValue": 0}, {"maxAge": 1, "name": "Mr. Mohan Lal Chahar", "title": "Chief Gen. Mang. of Signal & Telecom", "exercisedValue": 0, "unexercisedValue": 0}], "compensationAsOfEpochDate": "2020-12-31 05:30:00", "maxAge": 86400}, "cashflowStatementHistory": {"cashflowStatements": [{"maxAge": 1, "endDate": "2020-03-31", "netIncome": 4853100000, "depreciation": 823900000, "changeToNetincome": -316000000, "changeToAccountReceivables": 1148500000, "changeToLiabilities": 237000000, "changeToInventory": 112800000, "changeToOperatingActivities": -1433200000, "totalCashFromOperatingActivities": 5431500000, "capitalExpenditures": -585500000, "investments": 4302300000, "otherCashflowsFromInvestingActivities": 994900000, "totalCashflowsFromInvestingActivities": 4110800000, "dividendsPaid": -2283100000, "netBorrowings": -6781200000, "otherCashflowsFromFinancingActivities": -469300000, "totalCashFromFinancingActivities": -9533600000, "effectOfExchangeRate": 1200000, "changeInCash": 9900000}, {"maxAge": 1, "endDate": "2019-03-31", "netIncome": 4500700000, "depreciation": 511700000, "changeToNetincome": -608700000, "changeToAccountReceivables": 91800000, "changeToLiabilities": 551600000, "changeToInventory": -1912100000, "changeToOperatingActivities": -14993200000, "totalCashFromOperatingActivities": -11853800000, "capitalExpenditures": -565100000, "investments": 9413800000, "otherCashflowsFromInvestingActivities": 1269900000, "totalCashflowsFromInvestingActivities": 6182800000, "dividendsPaid": -1980800000, "netBorrowings": 1462300000, "otherCashflowsFromFinancingActivities": -407100000, "totalCashFromFinancingActivities": -925600000, "effectOfExchangeRate": -23300000, "changeInCash": -6619900000}, {"maxAge": 1, "endDate": "2018-03-31", "netIncome": 4086600000, "depreciation": 159700000, "changeToNetincome": -684400000, "changeToAccountReceivables": -2017900000, "changeToLiabilities": 1497000000, "changeToInventory": -14100000, "changeToOperatingActivities": -29198900000, "totalCashFromOperatingActivities": -26167500000, "capitalExpenditures": -100700000, "investments": 1597700000, "otherCashflowsFromInvestingActivities": 3058600000, "totalCashflowsFromInvestingActivities": -216600000, "dividendsPaid": -1924000000, "netBorrowings": 32030800000, "otherCashflowsFromFinancingActivities": -387200000, "totalCashFromFinancingActivities": 27373900000, "effectOfExchangeRate": 13800000, "changeInCash": 1003600000, "repurchaseOfStock": -2345700000}, {"maxAge": 1, "endDate": "2017-03-31", "netIncome": 3839780000, "depreciation": 180340000, "changeToNetincome": -1022920000, "changeToAccountReceivables": -401830000, "changeToLiabilities": -397360000, "changeToInventory": 12850000, "changeToOperatingActivities": 6907860000, "totalCashFromOperatingActivities": 9192640000, "capitalExpenditures": -4867140000, "investments": -13877230000, "otherCashflowsFromInvestingActivities": 1087580000, "totalCashflowsFromInvestingActivities": -17958080000, "dividendsPaid": -1842330000, "netBorrowings": 32030800000, "otherCashflowsFromFinancingActivities": -376980000, "totalCashFromFinancingActivities": -2219310000, "effectOfExchangeRate": -384580000, "changeInCash": -11369320000, "repurchaseOfStock": -2345700000}], "maxAge": 86400}, "institutionOwnership": {"maxAge": 1, "ownershipList": []}, "majorHoldersBreakdown": {"maxAge": 1, "insidersPercentHeld": 0.73183, "institutionsPercentHeld": 0.0033500001, "institutionsFloatPercentHeld": 0.01248, "institutionsCount": 10}, "balanceSheetHistoryQuarterly": {"balanceSheetStatements": [{"maxAge": 1, "endDate": "2020-12-31", "totalStockholderEquity": 41920200000, "netTangibleAssets": 29869200000}, {"maxAge": 1, "endDate": "2020-09-30", "cash": 29129800000, "shortTermInvestments": 21439900000, "netReceivables": 5491500000, "inventory": 1732900000, "otherCurrentAssets": 17780000000, "totalCurrentAssets": 75574100000, "longTermInvestments": 25210300000, "propertyPlantEquipment": 2754800000, "intangibleAssets": 12051000000, "otherAssets": 8229600000, "deferredLongTermAssetCharges": 856200000, "totalAssets": 123819800000, "accountsPayable": 3924100000, "otherCurrentLiab": 56613400000, "longTermDebt": 12306100000, "otherLiab": 9056000000, "totalCurrentLiabilities": 60537500000, "totalLiab": 81899600000, "commonStock": 940500000, "treasuryStock": 40979700000, "otherStockholderEquity": 40979700000, "totalStockholderEquity": 41920200000, "netTangibleAssets": 29869200000}, {"maxAge": 1, "endDate": "2020-06-30", "totalStockholderEquity": 41713200000, "netTangibleAssets": 29329600000}, {"maxAge": 1, "endDate": "2020-03-31", "cash": 8931100000, "shortTermInvestments": 17768400000, "netReceivables": 20455900000, "inventory": 3206700000, "otherCurrentAssets": 24442200000, "totalCurrentAssets": 74841500000, "longTermInvestments": 8116600000, "propertyPlantEquipment": 2839700000, "intangibleAssets": 12383600000, "otherAssets": 30602200000, "deferredLongTermAssetCharges": 901400000, "totalAssets": 128783600000, "accountsPayable": 5891900000, "shortLongTermDebt": 6153100000, "otherCurrentLiab": 40544300000, "longTermDebt": 18459200000, "otherLiab": 7847600000, "totalCurrentLiabilities": 60762200000, "totalLiab": 87070400000, "commonStock": 940500000, "retainedEarnings": 40765300000, "treasuryStock": 7400000, "otherStockholderEquity": 7400000, "totalStockholderEquity": 41713200000, "netTangibleAssets": 29329600000}], "maxAge": 86400}, "indexTrend": {"maxAge": 1, "symbol": "SP5", "peRatio": 19.7411, "pegRatio": 1.34172, "estimates": [{"period": "0q", "growth": 0.549}, {"period": "+1q", "growth": 0.431}, {"period": "0y", "growth": 0.305}, {"period": "+1y", "growth": 0.109}, {"period": "+5y", "growth": 0.120865}, {"period": "-5y"}]}, "defaultKeyStatistics": {"maxAge": 1, "priceHint": 2, "enterpriseValue": 3870294016, "profitMargins": 0.0701, "floatShares": 124947816, "sharesOutstanding": 470257984, "heldPercentInsiders": 0.73183, "heldPercentInstitutions": 0.0033500001, "beta": 0.736273, "category": null, "bookValue": 89.256, "priceToBook": 1.003294, "fundFamily": null, "legalType": null, "lastFiscalYearEnd": "2020-03-31 05:30:00", "nextFiscalYearEnd": "2022-03-31 05:30:00", "mostRecentQuarter": "2020-12-31 05:30:00", "earningsQuarterlyGrowth": -0.283, "netIncomeToCommon": 3360300032, "trailingEps": 7.141, "lastSplitFactor": "5:1", "lastSplitDate": "2020-04-03 05:30:00", "enterpriseToRevenue": 0.081, "enterpriseToEbitda": 0.841, "52WeekChange": 0.0056148767, "SandP52WeekChange": 0.48148263, "lastDividendValue": 1.3, "lastDividendDate": 1614038400}, "summaryProfile": {"address1": "C-4, District Centre", "address2": "Saket", "city": "New Delhi", "zip": "110017", "country": "India", "phone": "91 11 2956 5666", "fax": "91 11 2652 2000", "website": "http://www.ircon.org", "industry": "Engineering & Construction", "sector": "Industrials", "longBusinessSummary": "Ircon International Limited, together with its subsidiaries, provides construction services in India and internationally. The company's services include construction of new railway lines; rehabilitation/conversion of existing lines, station buildings and facilities, and bridges; regirdering of railway bridges, tunnels, and signaling and telecommunication networks; and railway electrification works. It is also involved in the wet leasing of locomotives; and setting up of production units for manufacture rolling stock, maintenance depots/workshops, concrete sleepers, and track components on turn-key basis. In addition, the company engages in the construction of roads and highways; bridges and flyovers; and commercial, institutional, industrial, and residential complexes, as well as airport hangers, station buildings and facilities, hospitals, business centers, workshops/warehouses, etc. Further, it provides electrification services; turnkey solutions for signaling and communication projects; and supplies plant and machinery for workshops, high speed lightweight passenger cars, and diesel electric locomotives, as well as leases and maintains diesel locomotives. The company was formerly known as Indian Railway Construction Company Limited. Ircon International Limited was founded in 1976 and is headquartered in New Delhi, India.", "fullTimeEmployees": 1153, "companyOfficers": [], "maxAge": 86400}, "netSharePurchaseActivity": {"maxAge": 1, "period": "6m", "buyInfoCount": 0, "buyInfoShares": 0, "sellInfoCount": 0, "netInfoCount": 0, "netInfoShares": 0, "netPercentInsiderShares": 0.0, "totalInsiderShares": 344331072}, "insiderTransactions": {"transactions": [{"maxAge": 1, "shares": 75241260, "filerUrl": "", "transactionText": "", "filerName": "President of India", "filerRelation": "Promoter", "moneyText": "", "startDate": "2021-03-04", "ownership": "D"}], "maxAge": 1}, "quoteType": {"exchange": "NSI", "quoteType": "EQUITY", "symbol": "IRCON.NS", "underlyingSymbol": "IRCON.NS", "shortName": "IRCON INTERNATIONA", "longName": "Ircon International Limited", "firstTradeDateEpochUtc": "2018-09-28 09:15:00", "timeZoneFullName": "Asia/Kolkata", "timeZoneShortName": "IST", "uuid": "56c659b1-dc84-3068-98cc-9a69a4293954", "messageBoardId": "finmb_10438100", "gmtOffSetMilliseconds": 19800000, "maxAge": 1}, "incomeStatementHistory": {"incomeStatementHistory": [{"maxAge": 1, "endDate": "2020-03-31", "totalRevenue": 53915100000, "costOfRevenue": 44573700000, "grossProfit": 9341400000, "researchDevelopment": {}, "sellingGeneralAdministrative": 2917300000, "nonRecurring": {}, "otherOperatingExpenses": 376200000, "totalOperatingExpenses": 48696600000, "operatingIncome": 5218500000, "totalOtherIncomeExpenseNet": 1501400000, "ebit": 5218500000, "interestExpense": -187000000, "incomeBeforeTax": 6719900000, "incomeTaxExpense": 1866800000, "minorityInterest": {}, "netIncomeFromContinuingOps": 4853100000, "discontinuedOperations": {}, "extraordinaryItems": {}, "effectOfAccountingCharges": {}, "otherItems": {}, "netIncome": 4853100000, "netIncomeApplicableToCommonShares": 4853100000}, {"maxAge": 1, "endDate": "2019-03-31", "totalRevenue": 47984300000, "costOfRevenue": 39980600000, "grossProfit": 8003700000, "researchDevelopment": {}, "sellingGeneralAdministrative": 2781700000, "nonRecurring": {}, "otherOperatingExpenses": 407400000, "totalOperatingExpenses": 43688400000, "operatingIncome": 4295900000, "totalOtherIncomeExpenseNet": 1946700000, "ebit": 4295900000, "interestExpense": -30900000, "incomeBeforeTax": 6242600000, "incomeTaxExpense": 1741900000, "minorityInterest": {}, "netIncomeFromContinuingOps": 4500700000, "discontinuedOperations": {}, "extraordinaryItems": {}, "effectOfAccountingCharges": {}, "otherItems": {}, "netIncome": 4500700000, "netIncomeApplicableToCommonShares": 4500700000}, {"maxAge": 1, "endDate": "2018-03-31", "totalRevenue": 40242200000, "costOfRevenue": 32905000000, "grossProfit": 7337200000, "researchDevelopment": {}, "sellingGeneralAdministrative": 2566000000, "nonRecurring": {}, "otherOperatingExpenses": 341900000, "totalOperatingExpenses": 35977000000, "operatingIncome": 4265200000, "totalOtherIncomeExpenseNet": 1289200000, "ebit": 4265200000, "interestExpense": -493500000, "incomeBeforeTax": 5554400000, "incomeTaxExpense": 1467800000, "minorityInterest": {}, "netIncomeFromContinuingOps": 4086600000, "discontinuedOperations": {}, "extraordinaryItems": {}, "effectOfAccountingCharges": {}, "otherItems": {}, "netIncome": 4086600000, "netIncomeApplicableToCommonShares": 4086600000}, {"maxAge": 1, "endDate": "2017-03-31", "totalRevenue": 30673080000, "costOfRevenue": 25370030000, "grossProfit": 5303050000, "researchDevelopment": {}, "sellingGeneralAdministrative": 2020690000, "nonRecurring": {}, "otherOperatingExpenses": 341900000, "totalOperatingExpenses": 27650960000, "operatingIncome": 3022120000, "totalOtherIncomeExpenseNet": 2533090000, "ebit": 3022120000, "interestExpense": -393180000, "incomeBeforeTax": 5555210000, "incomeTaxExpense": 1715430000, "minorityInterest": 196210000, "netIncomeFromContinuingOps": 3839780000, "discontinuedOperations": {}, "extraordinaryItems": {}, "effectOfAccountingCharges": {}, "otherItems": {}, "netIncome": 3839780000, "netIncomeApplicableToCommonShares": 3839780000}], "maxAge": 86400}, "fundOwnership": {"maxAge": 1, "ownershipList": []}, "summaryDetail": {"maxAge": 1, "priceHint": 2, "previousClose": 90.5, "open": 89.3, "dayLow": 89.3, "dayHigh": 91.2, "regularMarketPreviousClose": 90.5, "regularMarketOpen": 89.3, "regularMarketDayLow": 89.3, "regularMarketDayHigh": 91.2, "dividendRate": 3.36, "dividendYield": 0.037100002, "exDividendDate": "2021-02-23 05:30:00", "payoutRatio": 0.6643, "beta": 0.736273, "trailingPE": 12.540261, "volume": 1595465, "regularMarketVolume": 1595465, "averageVolume": 5092087, "averageVolume10days": 1346543, "averageDailyVolume10Day": 1346543, "bid": 0.0, "ask": 0.0, "bidSize": 0, "askSize": 0, "marketCap": 42111602688, "fiftyTwoWeekLow": 72.75, "fiftyTwoWeekHigh": 108.5, "priceToSalesTrailing12Months": 0.87848544, "fiftyDayAverage": 86.99167, "twoHundredDayAverage": 86.78414, "trailingAnnualDividendRate": 3.36, "trailingAnnualDividendYield": 0.03712707, "currency": "INR", "fromCurrency": null, "toCurrency": null, "lastMarket": null, "algorithm": null, "tradeable": false}, "incomeStatementHistoryQuarterly": {"incomeStatementHistory": [{"maxAge": 1, "endDate": "2020-12-31", "totalRevenue": 13530300000, "costOfRevenue": 11538500000, "grossProfit": 1991800000, "researchDevelopment": {}, "sellingGeneralAdministrative": 603500000, "nonRecurring": {}, "otherOperatingExpenses": 111300000, "totalOperatingExpenses": 12483900000, "operatingIncome": 1046400000, "totalOtherIncomeExpenseNet": 296800000, "ebit": 1046400000, "interestExpense": -50000000, "incomeBeforeTax": 1343200000, "incomeTaxExpense": 322200000, "minorityInterest": {}, "netIncomeFromContinuingOps": 1021000000, "discontinuedOperations": {}, "extraordinaryItems": {}, "effectOfAccountingCharges": {}, "otherItems": {}, "netIncome": 1021000000, "netIncomeApplicableToCommonShares": 1021000000}, {"maxAge": 1, "endDate": "2020-09-30", "totalRevenue": 10404100000, "costOfRevenue": 8695900000, "grossProfit": 1708200000, "researchDevelopment": {}, "sellingGeneralAdministrative": 626700000, "nonRecurring": {}, "otherOperatingExpenses": 43500000, "totalOperatingExpenses": 9596700000, "operatingIncome": 807400000, "totalOtherIncomeExpenseNet": 312000000, "ebit": 807400000, "interestExpense": -60800000, "incomeBeforeTax": 1119400000, "incomeTaxExpense": 278700000, "minorityInterest": {}, "netIncomeFromContinuingOps": 840700000, "discontinuedOperations": {}, "extraordinaryItems": {}, "effectOfAccountingCharges": {}, "otherItems": {}, "netIncome": 840700000, "netIncomeApplicableToCommonShares": 840700000}, {"maxAge": 1, "endDate": "2020-06-30", "totalRevenue": 5268700000, "costOfRevenue": 3858200000, "grossProfit": 1410500000, "researchDevelopment": {}, "sellingGeneralAdministrative": 642600000, "nonRecurring": {}, "otherOperatingExpenses": 170400000, "totalOperatingExpenses": 4901200000, "operatingIncome": 367500000, "totalOtherIncomeExpenseNet": 182200000, "ebit": 367500000, "interestExpense": -37500000, "incomeBeforeTax": 549700000, "incomeTaxExpense": 205100000, "minorityInterest": {}, "netIncomeFromContinuingOps": 344600000, "discontinuedOperations": {}, "extraordinaryItems": {}, "effectOfAccountingCharges": {}, "otherItems": {}, "netIncome": 344600000, "netIncomeApplicableToCommonShares": 344600000}, {"maxAge": 1, "endDate": "2020-03-31", "totalRevenue": 18733500000, "costOfRevenue": 16178200000, "grossProfit": 2555300000, "researchDevelopment": {}, "sellingGeneralAdministrative": 864300000, "nonRecurring": {}, "otherOperatingExpenses": 135300000, "totalOperatingExpenses": 17403800000, "operatingIncome": 1329700000, "totalOtherIncomeExpenseNet": 222000000, "ebit": 1329700000, "interestExpense": -37500000, "incomeBeforeTax": 1551700000, "incomeTaxExpense": 397700000, "minorityInterest": {}, "netIncomeFromContinuingOps": 1154000000, "discontinuedOperations": {}, "extraordinaryItems": {}, "effectOfAccountingCharges": {}, "otherItems": {}, "netIncome": 1154000000, "netIncomeApplicableToCommonShares": 1154000000}], "maxAge": 86400}, "cashflowStatementHistoryQuarterly": {"cashflowStatements": [{"maxAge": 1, "endDate": "2020-12-31", "netIncome": 1021000000, "changeToLiabilities": 0}, {"maxAge": 1, "endDate": "2020-09-30", "netIncome": 840700000, "changeToLiabilities": 0}, {"maxAge": 1, "endDate": "2020-06-30", "netIncome": 344600000, "changeToLiabilities": 0}, {"maxAge": 1, "endDate": "2020-03-31", "netIncome": 1154000000, "changeToLiabilities": 0}], "maxAge": 86400}, "insiderHolders": {"holders": [{"maxAge": 1, "name": "President of India", "relation": "Promoter", "url": "", "transactionDescription": "Sale", "latestTransDate": "2021-03-04", "positionDirect": 344150825, "positionDirectDate": "2021-03-04"}], "maxAge": 1}, "calendarEvents": {"maxAge": 1, "earnings": {"earningsDate": ["2021-02-16 05:30:S"]}, "exDividendDate": "2021-02-23 05:30:00"}, "price": {"maxAge": 1, "regularMarketChangePercent": -0.010497204, "regularMarketChange": -0.94999695, "regularMarketTime": "2021-04-30 15:29:58", "priceHint": 2, "regularMarketPrice": 89.55, "regularMarketDayHigh": 91.2, "regularMarketDayLow": 89.3, "regularMarketVolume": 1595465, "averageDailyVolume10Day": 1346543, "averageDailyVolume3Month": 5092087, "regularMarketPreviousClose": 90.5, "regularMarketSource": "FREE_REALTIME", "regularMarketOpen": 89.3, "exchange": "NSI", "exchangeName": "NSE", "exchangeDataDelayedBy": 15, "marketState": "CLOSED", "quoteType": "EQUITY", "symbol": "IRCON.NS", "underlyingSymbol": null, "shortName": "IRCON INTERNATIONA", "longName": "Ircon International Limited", "currency": "INR", "quoteSourceName": "Delayed Quote", "currencySymbol": "\u20b9", "fromCurrency": null, "toCurrency": null, "lastMarket": null, "marketCap": 42111602688}, "balanceSheetHistory": {"balanceSheetStatements": [{"maxAge": 1, "endDate": "2020-03-31", "cash": 8931100000, "shortTermInvestments": 17768400000, "netReceivables": 20455900000, "inventory": 3206700000, "otherCurrentAssets": 24442200000, "totalCurrentAssets": 74841500000, "longTermInvestments": 8116600000, "propertyPlantEquipment": 2839700000, "intangibleAssets": 12383600000, "otherAssets": 30602200000, "deferredLongTermAssetCharges": 901400000, "totalAssets": 128783600000, "accountsPayable": 5891900000, "shortLongTermDebt": 6153100000, "otherCurrentLiab": 40544300000, "longTermDebt": 18459200000, "otherLiab": 7847600000, "totalCurrentLiabilities": 60762200000, "totalLiab": 87070400000, "commonStock": 940500000, "retainedEarnings": 40765300000, "treasuryStock": 7400000, "otherStockholderEquity": 7400000, "totalStockholderEquity": 41713200000, "netTangibleAssets": 29329600000}, {"maxAge": 1, "endDate": "2019-03-31", "cash": 8921200000, "shortTermInvestments": 21799300000, "netReceivables": 22875700000, "inventory": 3319400000, "otherCurrentAssets": 16984100000, "totalCurrentAssets": 74949800000, "longTermInvestments": 7088300000, "propertyPlantEquipment": 1842500000, "intangibleAssets": 12835100000, "otherAssets": 36468900000, "deferredLongTermAssetCharges": 1284200000, "totalAssets": 133184600000, "accountsPayable": 5654900000, "shortLongTermDebt": 5165300000, "otherCurrentLiab": 35763900000, "longTermDebt": 25600000000, "otherLiab": 11354100000, "totalCurrentLiabilities": 56588300000, "totalLiab": 93542400000, "commonStock": 940500000, "retainedEarnings": 38655700000, "treasuryStock": 46000000, "otherStockholderEquity": 46000000, "totalStockholderEquity": 39642200000, "netTangibleAssets": 26807100000}, {"maxAge": 1, "endDate": "2018-03-31", "cash": 15541100000, "shortTermInvestments": 31175400000, "netReceivables": 14500400000, "inventory": 1407400000, "otherCurrentAssets": 11279200000, "totalCurrentAssets": 76129900000, "longTermInvestments": 5680900000, "propertyPlantEquipment": 1437400000, "intangibleAssets": 10296900000, "otherAssets": 34163600000, "deferredLongTermAssetCharges": 1338700000, "totalAssets": 127708700000, "accountsPayable": 5103300000, "otherCurrentLiab": 34464500000, "longTermDebt": 32000000000, "otherLiab": 13152600000, "totalCurrentLiabilities": 44943800000, "totalLiab": 90096400000, "commonStock": 940500000, "retainedEarnings": 36535100000, "treasuryStock": 136700000, "otherStockholderEquity": 136700000, "totalStockholderEquity": 37612300000, "netTangibleAssets": 27315400000}, {"maxAge": 1, "endDate": "2017-03-31", "cash": 14537440000, "shortTermInvestments": 30884560000, "netReceivables": 12398500000, "inventory": 1844120000, "otherCurrentAssets": 6785250000, "totalCurrentAssets": 68984740000, "longTermInvestments": 5309380000, "propertyPlantEquipment": 1476070000, "intangibleAssets": 6180600000, "otherAssets": 10363270000, "deferredLongTermAssetCharges": 1450480000, "totalAssets": 92314060000, "accountsPayable": 3606460000, "otherCurrentLiab": 27802780000, "otherLiab": 20322810000, "minorityInterest": 196210000, "totalCurrentLiabilities": 33626000000, "totalLiab": 53948810000, "commonStock": 989800000, "retainedEarnings": 37123650000, "treasuryStock": 55590000, "otherStockholderEquity": 55590000, "totalStockholderEquity": 38169040000, "netTangibleAssets": 31988440000}], "maxAge": 86400}, "financialData": {"maxAge": 86400, "currentPrice": 89.55, "recommendationKey": "none", "totalCash": 50569699328, "totalCashPerShare": 107.479, "ebitda": 4603274752, "totalDebt": 12306100224, "totalRevenue": 47936598016, "debtToEquity": 29.356, "revenuePerShare": 101.872, "grossProfits": 9341400000, "earningsGrowth": -0.283, "revenueGrowth": 0.117, "grossMargins": 0.15991999, "ebitdaMargins": 0.09603, "operatingMargins": 0.07408, "profitMargins": 0.0701, "financialCurrency": "INR"}}}