{"IRCTC.NS": {"assetProfile": {"address1": "Statesman House, B-148", "address2": "11th Floor Barakhamba Road Connaught Place", "city": "New Delhi", "zip": "110001", "country": "India", "phone": "91 11 2331 1263", "fax": "91 11 2331 1259", "website": "http://www.irctc.com", "industry": "Railroads", "sector": "Industrials", "longBusinessSummary": "Indian Railway Catering & Tourism Corporation Limited provides catering and hospitality, Internet ticketing, travel and tourism, and packaged drinking water services in India. The company offers mobile catering services, including on-board catering management services through pantry cars on trains; train side vending contracts on mail/express and superfast trains; and pantry cars re-designing and development services. It is also involved in the management of various static catering units of railways, such as refreshment rooms, Jan Ahaars, and cell kitchens, as well as base kitchens; and eight executive lounges in the railway stations, as well as reclining sofa, meals in buffet service, Wi-Fi internet services, shower facilities, and others. In addition, the company operates and maintains railway retiring rooms; operates two budget hotels under the Rail Yatri Niwas name; and offers e-catering, Internet ticketing, and accommodation services. Further, it operates irctctourism.com, a tourism portal; and provides rail-based tourism services comprising rail tour packages, special tourist trains, special interest trains, Buddhist circuit tourist trains, majestic tourist trains, and Maharajas' Express luxury train services, as well as train, coach, and saloon charter services. Additionally, the company offers packaged drinking water under the Rail Neer name; air ticket booking and travel insurance services; and cruise packages and air charter services. The company was founded in 1999 and is based in New Delhi, India.", "fullTimeEmployees": 1446, "companyOfficers": [{"maxAge": 1, "name": "Ms. Rajni  Hasija", "title": "Chairman, MD & Director of Tourism & Marketing and Director of Catering Services", "fiscalYear": 2020, "totalPay": 5506199, "exercisedValue": 0, "unexercisedValue": 0}, {"maxAge": 1, "name": "Mr. Ajai  Srivastava", "title": "Group Gen. Mang. of Fin.", "fiscalYear": 2020, "totalPay": 3728037, "exercisedValue": 0, "unexercisedValue": 0}, {"maxAge": 1, "name": "Ms. Suman  Kalra", "title": "Company Sec. & Compliance Officer", "fiscalYear": 2020, "totalPay": 3174108, "exercisedValue": 0, "unexercisedValue": 0}, {"maxAge": 1, "name": "Mr. -  Narendra", "title": "Director of Fin.", "fiscalYear": 2020, "totalPay": 0, "exercisedValue": 0, "unexercisedValue": 0}, {"maxAge": 1, "name": "Mr. Ajit  Kumar", "title": "CFO, Director of Fin. & Director", "exercisedValue": 0, "unexercisedValue": 0}, {"maxAge": 1, "name": "Mr. Sandip  Trivedi", "title": "Group Gen. Mang.- HRD", "exercisedValue": 0, "unexercisedValue": 0}, {"maxAge": 1, "name": "Mr. Anoop  Srivastava", "title": "Chief Risk & Law Officer and CSR Nodal Officer", "exercisedValue": 0, "unexercisedValue": 0}, {"maxAge": 1, "name": "Dr. Parag  Agrawal", "title": "Chief Vigilance Officer", "exercisedValue": 0, "unexercisedValue": 0}], "compensationAsOfEpochDate": "2020-12-31 05:30:00", "maxAge": 86400}, "cashflowStatementHistory": {"cashflowStatements": [{"maxAge": 1, "endDate": "2020-03-31", "netIncome": 5285713000, "depreciation": 369496000, "changeToNetincome": -857519000, "changeToAccountReceivables": -2019586000, "changeToLiabilities": -235908000, "changeToInventory": -18743000, "changeToOperatingActivities": 1499856000, "totalCashFromOperatingActivities": 4053196000, "capitalExpenditures": -352883000, "investments": -190678000, "otherCashflowsFromInvestingActivities": 660734000, "totalCashflowsFromInvestingActivities": 121963000, "dividendsPaid": -2223720000, "netBorrowings": -121100000, "otherCashflowsFromFinancingActivities": -457092000, "totalCashFromFinancingActivities": -2801912000, "changeInCash": 1373246000}, {"maxAge": 1, "endDate": "2019-03-31", "netIncome": 3085639000, "depreciation": 245660000, "changeToNetincome": -517008000, "changeToAccountReceivables": -355356000, "changeToLiabilities": 420674000, "changeToInventory": -4827000, "changeToOperatingActivities": 2074837000, "totalCashFromOperatingActivities": 4990355000, "capitalExpenditures": -542808000, "investments": -3392524000, "otherCashflowsFromInvestingActivities": 404643000, "totalCashflowsFromInvestingActivities": -3527275000, "dividendsPaid": -1488092000, "netBorrowings": -121100000, "otherCashflowsFromFinancingActivities": -305883000, "totalCashFromFinancingActivities": -1793975000, "changeInCash": -330894000}, {"maxAge": 1, "endDate": "2018-03-31", "netIncome": 2206190000, "depreciation": 172610000, "changeToNetincome": -437400000, "changeToAccountReceivables": -2615240000, "changeToLiabilities": 132510000, "changeToInventory": -8260000, "changeToOperatingActivities": 721840000, "totalCashFromOperatingActivities": 236250000, "capitalExpenditures": -345260000, "investments": 261310000, "otherCashflowsFromInvestingActivities": 483920000, "totalCashflowsFromInvestingActivities": 402060000, "dividendsPaid": -471850000, "netBorrowings": -121100000, "otherCashflowsFromFinancingActivities": -96060000, "totalCashFromFinancingActivities": -567910000, "changeInCash": 70410000}, {"maxAge": 1, "endDate": "2017-03-31", "netIncome": 2290810000, "depreciation": 167550000, "changeToNetincome": -555680000, "changeToAccountReceivables": -371860000, "changeToLiabilities": 858810000, "changeToInventory": 16800000, "changeToOperatingActivities": 906530000, "totalCashFromOperatingActivities": 3382370000, "capitalExpenditures": -321250000, "investments": 607760000, "otherCashflowsFromInvestingActivities": 647980000, "totalCashflowsFromInvestingActivities": 935660000, "dividendsPaid": -1129540000, "netBorrowings": -121100000, "otherCashflowsFromFinancingActivities": -229950000, "totalCashFromFinancingActivities": -1359490000, "changeInCash": 2958540000}], "maxAge": 86400}, "institutionOwnership": {"maxAge": 1, "ownershipList": []}, "majorHoldersBreakdown": {"maxAge": 1, "insidersPercentHeld": 0.67397004, "institutionsPercentHeld": 0.13509, "institutionsFloatPercentHeld": 0.41434, "institutionsCount": 44}, "balanceSheetHistoryQuarterly": {"balanceSheetStatements": [{"maxAge": 1, "endDate": "2020-12-31", "totalStockholderEquity": 13367225000, "netTangibleAssets": 13304399000}, {"maxAge": 1, "endDate": "2020-09-30", "cash": 15348558000, "shortTermInvestments": 1270745000, "netReceivables": 8501963000, "inventory": 82294000, "otherCurrentAssets": 2313475000, "totalCurrentAssets": 27517035000, "longTermInvestments": 838000, "propertyPlantEquipment": 2682670000, "intangibleAssets": 62826000, "otherAssets": 1665305000, "deferredLongTermAssetCharges": 679413000, "totalAssets": 31928674000, "accountsPayable": 2124921000, "otherCurrentLiab": 14750269000, "otherLiab": 1340392000, "totalCurrentLiabilities": 17221057000, "totalLiab": 18561449000, "commonStock": 1600000000, "retainedEarnings": 11767225000, "totalStockholderEquity": 13367225000, "netTangibleAssets": 13304399000}, {"maxAge": 1, "endDate": "2020-06-30", "totalStockholderEquity": 13278176000, "netTangibleAssets": 13234771000}, {"maxAge": 1, "endDate": "2020-03-31", "cash": 5973941000, "shortTermInvestments": 5854123000, "netReceivables": 9608673000, "inventory": 97630000, "otherCurrentAssets": 6919600000, "totalCurrentAssets": 28579917000, "longTermInvestments": 838000, "propertyPlantEquipment": 2678701000, "intangibleAssets": 43405000, "otherAssets": 1195521000, "deferredLongTermAssetCharges": 657245000, "totalAssets": 32498382000, "accountsPayable": 1695381000, "otherCurrentLiab": 8568183000, "otherLiab": 805327000, "totalCurrentLiabilities": 17862915000, "totalLiab": 19220206000, "commonStock": 1600000000, "retainedEarnings": 11678176000, "totalStockholderEquity": 13278176000, "netTangibleAssets": 13234771000}], "maxAge": 86400}, "indexTrend": {"maxAge": 1, "symbol": "SP5", "peRatio": 19.7411, "pegRatio": 1.34172, "estimates": [{"period": "0q", "growth": 0.549}, {"period": "+1q", "growth": 0.431}, {"period": "0y", "growth": 0.305}, {"period": "+1y", "growth": 0.109}, {"period": "+5y", "growth": 0.120865}, {"period": "-5y"}]}, "defaultKeyStatistics": {"maxAge": 1, "priceHint": 2, "enterpriseValue": 270004699136, "profitMargins": 0.22957, "floatShares": 49360000, "sharesOutstanding": 160000000, "heldPercentInsiders": 0.67397004, "heldPercentInstitutions": 0.13509, "category": null, "bookValue": 83.545, "priceToBook": 21.442337, "fundFamily": null, "legalType": null, "lastFiscalYearEnd": "2020-03-31 05:30:00", "nextFiscalYearEnd": "2022-03-31 05:30:00", "mostRecentQuarter": "2020-12-31 05:30:00", "earningsQuarterlyGrowth": -0.621, "netIncomeToCommon": 2367238912, "trailingEps": 14.792, "lastSplitFactor": null, "enterpriseToRevenue": 26.185, "enterpriseToEbitda": 112.413, "52WeekChange": 0.39696646, "SandP52WeekChange": 0.48148263, "lastDividendValue": 2.5, "lastDividendDate": 1603065600}, "summaryProfile": {"address1": "Statesman House, B-148", "address2": "11th Floor Barakhamba Road Connaught Place", "city": "New Delhi", "zip": "110001", "country": "India", "phone": "91 11 2331 1263", "fax": "91 11 2331 1259", "website": "http://www.irctc.com", "industry": "Railroads", "sector": "Industrials", "longBusinessSummary": "Indian Railway Catering & Tourism Corporation Limited provides catering and hospitality, Internet ticketing, travel and tourism, and packaged drinking water services in India. The company offers mobile catering services, including on-board catering management services through pantry cars on trains; train side vending contracts on mail/express and superfast trains; and pantry cars re-designing and development services. It is also involved in the management of various static catering units of railways, such as refreshment rooms, Jan Ahaars, and cell kitchens, as well as base kitchens; and eight executive lounges in the railway stations, as well as reclining sofa, meals in buffet service, Wi-Fi internet services, shower facilities, and others. In addition, the company operates and maintains railway retiring rooms; operates two budget hotels under the Rail Yatri Niwas name; and offers e-catering, Internet ticketing, and accommodation services. Further, it operates irctctourism.com, a tourism portal; and provides rail-based tourism services comprising rail tour packages, special tourist trains, special interest trains, Buddhist circuit tourist trains, majestic tourist trains, and Maharajas' Express luxury train services, as well as train, coach, and saloon charter services. Additionally, the company offers packaged drinking water under the Rail Neer name; air ticket booking and travel insurance services; and cruise packages and air charter services. The company was founded in 1999 and is based in New Delhi, India.", "fullTimeEmployees": 1446, "companyOfficers": [], "maxAge": 86400}, "netSharePurchaseActivity": {"maxAge": 1, "period": "6m", "buyInfoCount": 0, "buyInfoShares": 0, "sellInfoCount": 0, "netInfoCount": 0, "netInfoShares": 0, "netPercentInsiderShares": 0.0, "totalInsiderShares": 107835208}, "insiderTransactions": {"transactions": [{"maxAge": 1, "shares": 32000000, "filerUrl": "", "transactionText": "", "filerName": "President of India", "filerRelation": "Promoter", "moneyText": "", "startDate": "2020-12-11", "ownership": "D"}], "maxAge": 1}, "quoteType": {"exchange": "NSI", "quoteType": "EQUITY", "symbol": "IRCTC.NS", "underlyingSymbol": "IRCTC.NS", "shortName": "Indian Rail Tour Corp Ltd", "longName": "Indian Railway Catering & Tourism Corporation Limited", "firstTradeDateEpochUtc": "2019-10-14 09:15:00", "timeZoneFullName": "Asia/Kolkata", "timeZoneShortName": "IST", "uuid": "cf6097b0-b9e9-3873-86f8-1100b5b42e61", "messageBoardId": "finmb_26171986", "gmtOffSetMilliseconds": 19800000, "maxAge": 1}, "incomeStatementHistory": {"incomeStatementHistory": [{"maxAge": 1, "endDate": "2020-03-31", "totalRevenue": 22754839000, "costOfRevenue": 14381266000, "grossProfit": 8373573000, "researchDevelopment": {}, "sellingGeneralAdministrative": 152004000, "nonRecurring": {}, "otherOperatingExpenses": 1027916000, "totalOperatingExpenses": 15960569000, "operatingIncome": 6794270000, "totalOtherIncomeExpenseNet": 659232000, "ebit": 6794270000, "interestExpense": -52765000, "incomeBeforeTax": 7453502000, "incomeTaxExpense": 2167789000, "minorityInterest": {}, "netIncomeFromContinuingOps": 5285713000, "discontinuedOperations": {}, "extraordinaryItems": {}, "effectOfAccountingCharges": {}, "otherItems": {}, "netIncome": 5285713000, "netIncomeApplicableToCommonShares": 5285713000}, {"maxAge": 1, "endDate": "2019-03-31", "totalRevenue": 18700022000, "costOfRevenue": 13204618000, "grossProfit": 5495404000, "researchDevelopment": {}, "sellingGeneralAdministrative": 217291000, "nonRecurring": {}, "otherOperatingExpenses": 1443671000, "totalOperatingExpenses": 15151976000, "operatingIncome": 3548046000, "totalOtherIncomeExpenseNet": 1237558000, "ebit": 3548046000, "interestExpense": -23000, "incomeBeforeTax": 4785604000, "incomeTaxExpense": 1699965000, "minorityInterest": {}, "netIncomeFromContinuingOps": 3085639000, "discontinuedOperations": {}, "extraordinaryItems": {}, "effectOfAccountingCharges": {}, "otherItems": {}, "netIncome": 3085639000, "netIncomeApplicableToCommonShares": 3059299000}, {"maxAge": 1, "endDate": "2018-03-31", "totalRevenue": 14660940000, "costOfRevenue": 10727320000, "grossProfit": 3933620000, "researchDevelopment": {}, "sellingGeneralAdministrative": 272620000, "nonRecurring": {}, "otherOperatingExpenses": 925440000, "totalOperatingExpenses": 12161620000, "operatingIncome": 2499320000, "totalOtherIncomeExpenseNet": 957010000, "ebit": 2499320000, "interestExpense": -1250000, "incomeBeforeTax": 3456330000, "incomeTaxExpense": 1250140000, "minorityInterest": {}, "netIncomeFromContinuingOps": 2206190000, "discontinuedOperations": {}, "extraordinaryItems": {}, "effectOfAccountingCharges": {}, "otherItems": {}, "netIncome": 2206190000, "netIncomeApplicableToCommonShares": 2206190000}, {"maxAge": 1, "endDate": "2017-03-31", "totalRevenue": 15196490000, "costOfRevenue": 11126890000, "grossProfit": 4069600000, "researchDevelopment": {}, "sellingGeneralAdministrative": 164360000, "nonRecurring": {}, "otherOperatingExpenses": 769650000, "totalOperatingExpenses": 12285040000, "operatingIncome": 2911450000, "totalOtherIncomeExpenseNet": 639220000, "ebit": 2911450000, "interestExpense": -1160000, "incomeBeforeTax": 3550670000, "incomeTaxExpense": 1259860000, "minorityInterest": {}, "netIncomeFromContinuingOps": 2290810000, "discontinuedOperations": {}, "extraordinaryItems": {}, "effectOfAccountingCharges": {}, "otherItems": {}, "netIncome": 2290810000, "netIncomeApplicableToCommonShares": 2290810000}], "maxAge": 86400}, "fundOwnership": {"maxAge": 1, "ownershipList": []}, "summaryDetail": {"maxAge": 1, "priceHint": 2, "previousClose": 1792.55, "open": 1784.9, "dayLow": 1757.75, "dayHigh": 1809.15, "regularMarketPreviousClose": 1792.55, "regularMarketOpen": 1784.9, "regularMarketDayLow": 1757.75, "regularMarketDayHigh": 1809.15, "dividendRate": 12.5, "dividendYield": 0.0069999998, "exDividendDate": "2020-10-19 05:30:00", "payoutRatio": 0.84459996, "trailingPE": 121.106, "volume": 756590, "regularMarketVolume": 756590, "averageVolume": 2416072, "averageVolume10days": 1310897, "averageDailyVolume10Day": 1310897, "bid": 0.0, "ask": 0.0, "marketCap": 286487871488, "fiftyTwoWeekLow": 1190.0, "fiftyTwoWeekHigh": 2073.0, "priceToSalesTrailing12Months": 27.783255, "fiftyDayAverage": 1742.7153, "twoHundredDayAverage": 1553.8173, "trailingAnnualDividendRate": 2.5, "trailingAnnualDividendYield": 0.0013946611, "currency": "INR", "fromCurrency": null, "toCurrency": null, "lastMarket": null, "algorithm": null, "tradeable": false}, "incomeStatementHistoryQuarterly": {"incomeStatementHistory": [{"maxAge": 1, "endDate": "2020-12-31", "totalRevenue": 2243737000, "costOfRevenue": 1163695000, "grossProfit": 1080042000, "researchDevelopment": {}, "sellingGeneralAdministrative": {}, "nonRecurring": {}, "otherOperatingExpenses": 133568000, "totalOperatingExpenses": 1393436000, "operatingIncome": 850301000, "totalOtherIncomeExpenseNet": 193592000, "ebit": 850301000, "interestExpense": -13980000, "incomeBeforeTax": 1043893000, "incomeTaxExpense": 263036000, "minorityInterest": {}, "netIncomeFromContinuingOps": 780857000, "discontinuedOperations": {}, "extraordinaryItems": {}, "effectOfAccountingCharges": {}, "otherItems": {}, "netIncome": 780857000, "netIncomeApplicableToCommonShares": 780857000}, {"maxAge": 1, "endDate": "2020-09-30", "totalRevenue": 885585000, "costOfRevenue": 769261000, "grossProfit": 116324000, "researchDevelopment": {}, "sellingGeneralAdministrative": {}, "nonRecurring": {}, "otherOperatingExpenses": 172181000, "totalOperatingExpenses": 1030797000, "operatingIncome": -145212000, "totalOtherIncomeExpenseNet": 612011000, "ebit": -145212000, "interestExpense": -13343000, "incomeBeforeTax": 466799000, "incomeTaxExpense": 140453000, "minorityInterest": {}, "netIncomeFromContinuingOps": 326346000, "discontinuedOperations": {}, "extraordinaryItems": {}, "effectOfAccountingCharges": {}, "otherItems": {}, "netIncome": 326346000, "netIncomeApplicableToCommonShares": 326346000}, {"maxAge": 1, "endDate": "2020-06-30", "totalRevenue": 1313314000, "costOfRevenue": 1420832000, "grossProfit": -107518000, "researchDevelopment": {}, "sellingGeneralAdministrative": {}, "nonRecurring": {}, "otherOperatingExpenses": 331061000, "totalOperatingExpenses": 1841868000, "operatingIncome": -528554000, "totalOtherIncomeExpenseNet": 234751000, "ebit": -528554000, "interestExpense": -16800000, "incomeBeforeTax": -293803000, "incomeTaxExpense": -47761000, "minorityInterest": {}, "netIncomeFromContinuingOps": -246042000, "discontinuedOperations": {}, "extraordinaryItems": {}, "effectOfAccountingCharges": {}, "otherItems": {}, "netIncome": -246042000, "netIncomeApplicableToCommonShares": -246042000}, {"maxAge": 1, "endDate": "2020-03-31", "totalRevenue": 5868894000, "costOfRevenue": 3435192000, "grossProfit": 2433702000, "researchDevelopment": {}, "sellingGeneralAdministrative": 152004000, "nonRecurring": {}, "otherOperatingExpenses": 203091000, "totalOperatingExpenses": 3894213000, "operatingIncome": 1974681000, "totalOtherIncomeExpenseNet": 115128000, "ebit": 1974681000, "interestExpense": -8742000, "incomeBeforeTax": 2089809000, "incomeTaxExpense": 583731000, "minorityInterest": {}, "netIncomeFromContinuingOps": 1506078000, "discontinuedOperations": {}, "extraordinaryItems": {}, "effectOfAccountingCharges": {}, "otherItems": {}, "netIncome": 1506078000, "netIncomeApplicableToCommonShares": 1506078000}], "maxAge": 86400}, "cashflowStatementHistoryQuarterly": {"cashflowStatements": [{"maxAge": 1, "endDate": "2020-12-31", "netIncome": 780857000, "changeToLiabilities": 0}, {"maxAge": 1, "endDate": "2020-09-30", "netIncome": 326346000, "changeToLiabilities": 0}, {"maxAge": 1, "endDate": "2020-06-30", "netIncome": -246042000, "changeToLiabilities": 0}, {"maxAge": 1, "endDate": "2020-03-31", "netIncome": 1506078000, "changeToLiabilities": 0}], "maxAge": 86400}, "insiderHolders": {"holders": [{"maxAge": 1, "name": "President of India", "relation": "Promoter", "url": "", "transactionDescription": "Sale", "latestTransDate": "2020-12-11", "positionDirect": 107840000, "positionDirectDate": "2020-12-11"}], "maxAge": 1}, "calendarEvents": {"maxAge": 1, "earnings": {"earningsDate": ["2021-01-29 05:30:S"]}, "exDividendDate": "2020-10-19 05:30:00"}, "price": {"maxAge": 1, "regularMarketChangePercent": -0.0006415578, "regularMarketChange": -1.1500244, "regularMarketTime": "2021-04-30 15:30:00", "priceHint": 2, "regularMarketPrice": 1791.4, "regularMarketDayHigh": 1809.15, "regularMarketDayLow": 1757.75, "regularMarketVolume": 756590, "averageDailyVolume10Day": 1310897, "averageDailyVolume3Month": 2416072, "regularMarketPreviousClose": 1792.55, "regularMarketSource": "FREE_REALTIME", "regularMarketOpen": 1784.9, "exchange": "NSI", "exchangeName": "NSE", "exchangeDataDelayedBy": 15, "marketState": "CLOSED", "quoteType": "EQUITY", "symbol": "IRCTC.NS", "underlyingSymbol": null, "shortName": "Indian Rail Tour Corp Ltd", "longName": "Indian Railway Catering & Tourism Corporation Limited", "currency": "INR", "quoteSourceName": "Delayed Quote", "currencySymbol": "\u20b9", "fromCurrency": null, "toCurrency": null, "lastMarket": null, "marketCap": 286487871488}, "balanceSheetHistory": {"balanceSheetStatements": [{"maxAge": 1, "endDate": "2020-03-31", "cash": 5973941000, "shortTermInvestments": 5854123000, "netReceivables": 9608673000, "inventory": 97630000, "otherCurrentAssets": 6919600000, "totalCurrentAssets": 28579917000, "longTermInvestments": 838000, "propertyPlantEquipment": 2678701000, "intangibleAssets": 43405000, "otherAssets": 1195521000, "deferredLongTermAssetCharges": 657245000, "totalAssets": 32498382000, "accountsPayable": 1695381000, "otherCurrentLiab": 8568183000, "otherLiab": 805327000, "totalCurrentLiabilities": 17862915000, "totalLiab": 19220206000, "commonStock": 1600000000, "retainedEarnings": 11678176000, "totalStockholderEquity": 13278176000, "netTangibleAssets": 13234771000}, {"maxAge": 1, "endDate": "2019-03-31", "cash": 4600695000, "shortTermInvestments": 5664274000, "netReceivables": 6407154000, "inventory": 78887000, "otherCurrentAssets": 5737105000, "totalCurrentAssets": 22645390000, "longTermInvestments": 838000, "propertyPlantEquipment": 1874262000, "intangibleAssets": 75480000, "otherAssets": 1346395000, "deferredLongTermAssetCharges": 817199000, "totalAssets": 25942365000, "accountsPayable": 1931288000, "otherCurrentLiab": 6682394000, "otherLiab": 666933000, "totalCurrentLiabilities": 14565239000, "totalLiab": 15232172000, "commonStock": 1600000000, "retainedEarnings": 9110193000, "totalStockholderEquity": 10710193000, "netTangibleAssets": 10634713000}, {"maxAge": 1, "endDate": "2018-03-31", "cash": 4931590000, "shortTermInvestments": 3383600000, "netReceivables": 5824030000, "inventory": 74060000, "otherCurrentAssets": 6362600000, "totalCurrentAssets": 20602260000, "longTermInvestments": 9700000, "propertyPlantEquipment": 1632970000, "intangibleAssets": 65630000, "otherAssets": 880500000, "deferredLongTermAssetCharges": 463500000, "totalAssets": 23191060000, "accountsPayable": 1508270000, "otherCurrentLiab": 5884750000, "otherLiab": 896360000, "totalCurrentLiabilities": 12749440000, "totalLiab": 13645800000, "commonStock": 400000000, "retainedEarnings": 9145260000, "totalStockholderEquity": 9545260000, "netTangibleAssets": 9479630000}, {"maxAge": 1, "endDate": "2017-03-31", "cash": 4861180000, "shortTermInvestments": 3625030000, "netReceivables": 3190300000, "inventory": 65800000, "otherCurrentAssets": 3870960000, "totalCurrentAssets": 15666860000, "longTermInvestments": 4120000, "propertyPlantEquipment": 1746090000, "intangibleAssets": 126180000, "otherAssets": 721290000, "deferredLongTermAssetCharges": 575180000, "totalAssets": 18264540000, "accountsPayable": 1375750000, "otherCurrentLiab": 3865810000, "otherLiab": 921870000, "totalCurrentLiabilities": 9477080000, "totalLiab": 10398950000, "commonStock": 400000000, "retainedEarnings": 7465590000, "totalStockholderEquity": 7865590000, "netTangibleAssets": 7739410000}], "maxAge": 86400}, "financialData": {"maxAge": 86400, "currentPrice": 1791.4, "recommendationKey": "none", "totalCash": 16619302912, "totalCashPerShare": 103.871, "ebitda": 2401902848, "totalDebt": 0, "totalRevenue": 10311530496, "revenuePerShare": 64.432, "grossProfits": 8373573000, "earningsGrowth": -0.621, "revenueGrowth": -0.687, "grossMargins": 0.34160998, "ebitdaMargins": 0.23292999, "operatingMargins": 0.20862, "profitMargins": 0.22957, "financialCurrency": "INR"}}}