{"IRFC.NS": {"assetProfile": {"address1": "Hotel The Ashok", "address2": "Room Nos. 1316 - 1349, 3rd Floor Diplomatic Enclave, 50-B Chanakyapuri", "city": "New Delhi", "zip": "110021", "country": "India", "website": "http://www.irfc.nic.in", "industry": "Credit Services", "sector": "Financial Services", "longBusinessSummary": "Indian Railway Finance Corporation Limited operates as a financing company in India. The company engages in borrowing funds from the financial markets to finance the acquisition/creation of assets that are leased out to the Indian Railways as finance lease. It also operates as a non-deposit taking non-banking financial and infrastructure finance company. The company was founded in 1986 and is based in New Delhi, India.", "fullTimeEmployees": 24, "companyOfficers": [{"maxAge": 1, "name": "Mr. Amitabh  Banerjee", "age": 57, "title": "MD & Chairman", "yearBorn": 1963, "fiscalYear": 2020, "totalPay": 5470536, "exercisedValue": 0, "unexercisedValue": 0}, {"maxAge": 1, "name": "Mr. Vijay Babulal Shirode", "age": 40, "title": "Company Sec., Compliance Officer, Group GM of Term Loans & Deputy GM of Law", "yearBorn": 1980, "fiscalYear": 2020, "totalPay": 2569000, "exercisedValue": 0, "unexercisedValue": 0}, {"maxAge": 1, "name": "Ms. Shelly  Verma", "title": "Director of Fin., CFO & Director", "exercisedValue": 0, "unexercisedValue": 0}, {"maxAge": 1, "name": "Dr. Madhukar  Sinha", "title": "Chief Vigilance Officer", "exercisedValue": 0, "unexercisedValue": 0}], "compensationAsOfEpochDate": "2020-12-31 05:30:00", "maxAge": 86400}, "cashflowStatementHistory": {"cashflowStatements": [{"maxAge": 1, "endDate": "2020-03-31", "netIncome": 31920960000, "depreciation": 4430000, "changeToNetincome": -7531140000, "changeToLiabilities": 0, "changeToOperatingActivities": -652928310000, "totalCashFromOperatingActivities": -627175860000, "capitalExpenditures": -2410000, "investments": 11160000, "otherCashflowsFromInvestingActivities": 5920000, "totalCashflowsFromInvestingActivities": 14720000, "dividendsPaid": -2000000000, "netBorrowings": 604548980000, "otherCashflowsFromFinancingActivities": -411110000, "totalCashFromFinancingActivities": 627137870000, "changeInCash": -23270000, "issuanceOfStock": 25000000000}, {"maxAge": 1, "endDate": "2019-03-31", "netIncome": 21399330000, "depreciation": 4090000, "changeToNetincome": 142570000, "changeToLiabilities": 0, "changeToOperatingActivities": -440265210000, "totalCashFromOperatingActivities": -417481880000, "capitalExpenditures": -4220000, "investments": 12120000, "otherCashflowsFromInvestingActivities": 5140000, "totalCashflowsFromInvestingActivities": 13140000, "dividendsPaid": -3750000000, "netBorrowings": 393475410000, "otherCashflowsFromFinancingActivities": -770880000, "totalCashFromFinancingActivities": 417494530000, "changeInCash": 25790000, "issuanceOfStock": 28540000000}, {"maxAge": 1, "endDate": "2018-03-31", "netIncome": 20014600000, "depreciation": 3470000, "changeToNetincome": -698270000, "changeToLiabilities": 0, "changeToOperatingActivities": -302101240000, "totalCashFromOperatingActivities": -280761250000, "capitalExpenditures": -1480000, "investments": 13280000, "otherCashflowsFromInvestingActivities": 4870000, "totalCashflowsFromInvestingActivities": 16750000, "dividendsPaid": -2335240000, "netBorrowings": 283556990000, "otherCashflowsFromFinancingActivities": -475400000, "totalCashFromFinancingActivities": 280746350000, "changeInCash": 1850000, "issuanceOfStock": 28540000000}, {"maxAge": 1, "endDate": "2017-03-31", "netIncome": 9338114000, "depreciation": 3502000, "changeToNetincome": 13967205000, "changeToLiabilities": 0, "changeToOperatingActivities": -214507302000, "totalCashFromOperatingActivities": -194551836000, "capitalExpenditures": -1366000, "investments": 14550000, "otherCashflowsFromInvestingActivities": 4542000, "totalCashflowsFromInvestingActivities": 17854000, "dividendsPaid": -6678062000, "netBorrowings": 189299252000, "otherCashflowsFromFinancingActivities": -124115000, "totalCashFromFinancingActivities": 182497075000, "changeInCash": -12036907000, "issuanceOfStock": 28540000000}], "maxAge": 86400}, "institutionOwnership": {"ownershipList": [], "maxAge": 1}, "majorHoldersBreakdown": {"maxAge": 1, "insidersPercentHeld": 0.86364, "institutionsPercentHeld": 0.02823, "institutionsFloatPercentHeld": 0.20698, "institutionsCount": 3}, "balanceSheetHistoryQuarterly": {"balanceSheetStatements": [{"maxAge": 1, "endDate": "2020-12-31", "cash": 2231770000, "netReceivables": 1663706690000, "totalCurrentAssets": 1665941930000, "longTermInvestments": 1398906990000, "propertyPlantEquipment": 109260000, "intangibleAssets": 420000, "otherAssets": 18215470000, "totalAssets": 3083174070000, "otherCurrentLiab": 668240000, "longTermDebt": 2574657080000, "otherLiab": 176924850000, "totalCurrentLiabilities": 4248990000, "totalLiab": 2755830920000, "commonStock": 118804600000, "treasuryStock": 208538550000, "otherStockholderEquity": 208538550000, "totalStockholderEquity": 327343150000, "netTangibleAssets": 327342730000}, {"maxAge": 1, "endDate": "2020-09-30", "cash": 16610000, "netReceivables": 1693121500000, "otherCurrentAssets": 1188506030000, "totalCurrentAssets": 2881644140000, "longTermInvestments": 114050000, "propertyPlantEquipment": 109270000, "intangibleAssets": 410000, "otherAssets": 37997940000, "totalAssets": 2919865810000, "shortLongTermDebt": 124331960000, "otherCurrentLiab": 5496220000, "longTermDebt": 2303679640000, "otherLiab": 9817020000, "totalCurrentLiabilities": 289499480000, "totalLiab": 2602996140000, "commonStock": 118804600000, "retainedEarnings": 198168390000, "treasuryStock": -103320000, "otherStockholderEquity": -103320000, "totalStockholderEquity": 316869670000, "netTangibleAssets": 316869260000}, {"maxAge": 1, "endDate": "2020-06-30", "cash": 16610000, "netReceivables": 1693121500000, "otherCurrentAssets": 1188506030000, "totalCurrentAssets": 2881644140000, "longTermInvestments": 114050000, "propertyPlantEquipment": 109270000, "intangibleAssets": 410000, "otherAssets": 37997940000, "totalAssets": 2919865810000, "shortLongTermDebt": 124331960000, "otherCurrentLiab": 5496220000, "longTermDebt": 2303679640000, "otherLiab": 9817020000, "totalCurrentLiabilities": 289499480000, "totalLiab": 2602996140000, "commonStock": 118804600000, "retainedEarnings": 198168390000, "treasuryStock": -103320000, "otherStockholderEquity": -103320000, "totalStockholderEquity": 316869670000, "netTangibleAssets": 316869260000}, {"maxAge": 1, "endDate": "2019-12-31"}], "maxAge": 86400}, "indexTrend": {"maxAge": 1, "symbol": "SP5", "peRatio": 19.7411, "pegRatio": 1.34172, "estimates": [{"period": "0q", "growth": 0.549}, {"period": "+1q", "growth": 0.431}, {"period": "0y", "growth": 0.305}, {"period": "+1y", "growth": 0.109}, {"period": "+5y", "growth": 0.120865}, {"period": "-5y"}]}, "defaultKeyStatistics": {"maxAge": 1, "priceHint": 2, "enterpriseValue": 2829056475136, "profitMargins": 0.96676004, "sharesOutstanding": 13068499968, "heldPercentInsiders": 0.86364, "heldPercentInstitutions": 0.02823, "category": null, "bookValue": 27.553, "priceToBook": 0.77305555, "fundFamily": null, "legalType": null, "lastFiscalYearEnd": "2020-03-31 05:30:00", "nextFiscalYearEnd": "2022-03-31 05:30:00", "mostRecentQuarter": "2020-12-31 05:30:00", "earningsQuarterlyGrowth": 0.154, "netIncomeToCommon": 35882438656, "trailingEps": 3.181, "lastSplitFactor": null, "enterpriseToRevenue": 76.222}, "summaryProfile": {"address1": "Hotel The Ashok", "address2": "Room Nos. 1316 - 1349, 3rd Floor Diplomatic Enclave, 50-B Chanakyapuri", "city": "New Delhi", "zip": "110021", "country": "India", "website": "http://www.irfc.nic.in", "industry": "Credit Services", "sector": "Financial Services", "longBusinessSummary": "Indian Railway Finance Corporation Limited operates as a financing company in India. The company engages in borrowing funds from the financial markets to finance the acquisition/creation of assets that are leased out to the Indian Railways as finance lease. It also operates as a non-deposit taking non-banking financial and infrastructure finance company. The company was founded in 1986 and is based in New Delhi, India.", "fullTimeEmployees": 24, "companyOfficers": [], "maxAge": 86400}, "netSharePurchaseActivity": {"maxAge": 1, "period": "6m", "buyInfoCount": 0, "buyInfoShares": 0, "sellInfoCount": 0, "netInfoCount": 0, "netInfoShares": 0, "netPercentInsiderShares": 0.0, "totalInsiderShares": 10260441088}, "quoteType": {"exchange": "NSI", "quoteType": "EQUITY", "symbol": "IRFC.NS", "underlyingSymbol": "IRFC.NS", "shortName": "Indian Railway Fin Corp L", "longName": "Indian Railway Finance Corporation Limited", "firstTradeDateEpochUtc": "2021-01-29 09:15:00", "timeZoneFullName": "Asia/Kolkata", "timeZoneShortName": "IST", "uuid": "850ccddb-a4d0-35b3-9259-ed00acafb5c3", "gmtOffSetMilliseconds": 19800000, "maxAge": 1}, "incomeStatementHistory": {"incomeStatementHistory": [{"maxAge": 1, "endDate": "2020-03-31", "totalRevenue": 32684860000, "costOfRevenue": 3430000, "grossProfit": 32681430000, "researchDevelopment": {}, "sellingGeneralAdministrative": 69120000, "nonRecurring": {}, "otherOperatingExpenses": 683400000, "totalOperatingExpenses": 760530000, "operatingIncome": 31924330000, "totalOtherIncomeExpenseNet": -3370000, "ebit": 0, "interestExpense": {}, "incomeBeforeTax": 31920960000, "incomeTaxExpense": 0, "minorityInterest": {}, "netIncomeFromContinuingOps": 31920960000, "discontinuedOperations": {}, "extraordinaryItems": {}, "effectOfAccountingCharges": {}, "otherItems": {}, "netIncome": 31920960000, "netIncomeApplicableToCommonShares": 31920960000}, {"maxAge": 1, "endDate": "2019-03-31", "totalRevenue": 28157210000, "costOfRevenue": 2540000, "grossProfit": 28154670000, "researchDevelopment": {}, "sellingGeneralAdministrative": 70820000, "nonRecurring": {}, "otherOperatingExpenses": 525860000, "totalOperatingExpenses": 603400000, "operatingIncome": 27553810000, "totalOtherIncomeExpenseNet": -380000, "ebit": 0, "interestExpense": {}, "incomeBeforeTax": 27553430000, "incomeTaxExpense": 6154100000, "minorityInterest": {}, "netIncomeFromContinuingOps": 21399330000, "discontinuedOperations": {}, "extraordinaryItems": {}, "effectOfAccountingCharges": {}, "otherItems": {}, "netIncome": 21399330000, "netIncomeApplicableToCommonShares": 21399330000}, {"maxAge": 1, "endDate": "2018-03-31", "totalRevenue": 25835240000, "costOfRevenue": 2500000, "grossProfit": 25832740000, "researchDevelopment": {}, "sellingGeneralAdministrative": 62800000, "nonRecurring": {}, "otherOperatingExpenses": 445240000, "totalOperatingExpenses": 514080000, "operatingIncome": 25321160000, "totalOtherIncomeExpenseNet": -1730000, "ebit": 0, "interestExpense": {}, "incomeBeforeTax": 25319430000, "incomeTaxExpense": 5304830000, "minorityInterest": {}, "netIncomeFromContinuingOps": 20014600000, "discontinuedOperations": {}, "extraordinaryItems": {}, "effectOfAccountingCharges": {}, "otherItems": {}, "netIncome": 20014600000, "netIncomeApplicableToCommonShares": 20014600000}, {"maxAge": 1, "endDate": "2017-03-31", "totalRevenue": 21654331000, "costOfRevenue": 0, "grossProfit": 21654331000, "researchDevelopment": {}, "sellingGeneralAdministrative": 202869000, "nonRecurring": {}, "otherOperatingExpenses": 106687000, "totalOperatingExpenses": 313058000, "operatingIncome": 21341273000, "totalOtherIncomeExpenseNet": -8589000, "ebit": 0, "interestExpense": {}, "incomeBeforeTax": 21332684000, "incomeTaxExpense": 11994570000, "minorityInterest": {}, "netIncomeFromContinuingOps": 9338114000, "discontinuedOperations": {}, "extraordinaryItems": {}, "effectOfAccountingCharges": {}, "otherItems": {}, "netIncome": 9338114000, "netIncomeApplicableToCommonShares": 9338114000}], "maxAge": 86400}, "fundOwnership": {"ownershipList": [], "maxAge": 1}, "summaryDetail": {"maxAge": 1, "priceHint": 2, "previousClose": 21.15, "open": 21.05, "dayLow": 21.0, "dayHigh": 21.4, "regularMarketPreviousClose": 21.15, "regularMarketOpen": 21.05, "regularMarketDayLow": 21.0, "regularMarketDayHigh": 21.4, "dividendRate": 2.1, "dividendYield": 0.099300005, "exDividendDate": "2021-02-17 05:30:00", "payoutRatio": 0.0, "trailingPE": 6.6960073, "volume": 11710931, "regularMarketVolume": 11710931, "averageVolume": 35178438, "averageVolume10days": 14813207, "averageDailyVolume10Day": 14813207, "bid": 0.0, "ask": 0.0, "marketCap": 278359048192, "fiftyTwoWeekLow": 21.0, "fiftyTwoWeekHigh": 26.7, "priceToSalesTrailing12Months": 7.499669, "fiftyDayAverage": 24.541176, "twoHundredDayAverage": 24.702223, "trailingAnnualDividendRate": 1.58, "trailingAnnualDividendYield": 0.0747045, "currency": "INR", "fromCurrency": null, "lastMarket": null, "algorithm": null, "tradeable": false}, "incomeStatementHistoryQuarterly": {"incomeStatementHistory": [{"maxAge": 1, "endDate": "2020-12-31", "totalRevenue": 10434290000, "costOfRevenue": -1880000, "grossProfit": 10436170000, "researchDevelopment": {}, "sellingGeneralAdministrative": 22880000, "nonRecurring": {}, "otherOperatingExpenses": -55060000, "totalOperatingExpenses": -32890000, "operatingIncome": 10467180000, "totalOtherIncomeExpenseNet": 220000, "ebit": 0, "interestExpense": {}, "incomeBeforeTax": 10467400000, "incomeTaxExpense": 0, "minorityInterest": {}, "netIncomeFromContinuingOps": 10467400000, "discontinuedOperations": {}, "extraordinaryItems": {}, "effectOfAccountingCharges": {}, "otherItems": {}, "netIncome": 10467400000, "netIncomeApplicableToCommonShares": 10467400000}, {"maxAge": 1, "endDate": "2020-09-30", "totalRevenue": 9770190000, "costOfRevenue": 940000, "grossProfit": 9769250000, "researchDevelopment": {}, "sellingGeneralAdministrative": 15235000, "nonRecurring": {}, "otherOperatingExpenses": 318530000, "totalOperatingExpenses": 335875000, "operatingIncome": 9434315000, "totalOtherIncomeExpenseNet": -110000, "ebit": 0, "interestExpense": {}, "incomeBeforeTax": 9434205000, "incomeTaxExpense": 0, "minorityInterest": {}, "netIncomeFromContinuingOps": 9434205000, "discontinuedOperations": {}, "extraordinaryItems": {}, "effectOfAccountingCharges": {}, "otherItems": {}, "netIncome": 9434205000, "netIncomeApplicableToCommonShares": 9434205000}, {"maxAge": 1, "endDate": "2020-06-30", "totalRevenue": 9770190000, "costOfRevenue": 940000, "grossProfit": 9769250000, "researchDevelopment": {}, "sellingGeneralAdministrative": 15235000, "nonRecurring": {}, "otherOperatingExpenses": 318530000, "totalOperatingExpenses": 335875000, "operatingIncome": 9434315000, "totalOtherIncomeExpenseNet": -110000, "ebit": 0, "interestExpense": {}, "incomeBeforeTax": 9434205000, "incomeTaxExpense": 0, "minorityInterest": {}, "netIncomeFromContinuingOps": 9434205000, "discontinuedOperations": {}, "extraordinaryItems": {}, "effectOfAccountingCharges": {}, "otherItems": {}, "netIncome": 9434205000, "netIncomeApplicableToCommonShares": 9434205000}, {"maxAge": 1, "endDate": "2019-12-31", "totalRevenue": 9039540000, "costOfRevenue": -1440000, "grossProfit": 9040980000, "researchDevelopment": {}, "sellingGeneralAdministrative": 9840000, "nonRecurring": {}, "otherOperatingExpenses": -38720000, "totalOperatingExpenses": -29100000, "operatingIncome": 9068640000, "totalOtherIncomeExpenseNet": 1760000, "ebit": 0, "interestExpense": {}, "incomeBeforeTax": 9070400000, "incomeTaxExpense": 0, "minorityInterest": {}, "netIncomeFromContinuingOps": 9070400000, "discontinuedOperations": {}, "extraordinaryItems": {}, "effectOfAccountingCharges": {}, "otherItems": {}, "netIncome": 9070400000, "netIncomeApplicableToCommonShares": 9070400000}], "maxAge": 86400}, "cashflowStatementHistoryQuarterly": {"cashflowStatements": [{"maxAge": 1, "endDate": "2020-12-31", "netIncome": 10467400000, "depreciation": 1230000, "changeToNetincome": -777850000, "changeToLiabilities": 0, "changeToOperatingActivities": -124213900000, "totalCashFromOperatingActivities": -114504760000, "capitalExpenditures": -1180000, "investments": 4910000, "totalCashflowsFromInvestingActivities": 3730000, "dividendsPaid": -5000000000, "netBorrowings": 120795000000, "totalCashFromFinancingActivities": 115795000000, "changeInCash": 1293970000}, {"maxAge": 1, "endDate": "2020-09-30", "netIncome": 9434205000, "depreciation": 1140000, "changeToNetincome": -1088070000, "changeToLiabilities": 0, "changeToOperatingActivities": -63008945000, "totalCashFromOperatingActivities": -54520790000, "capitalExpenditures": -990000, "investments": 2570000, "otherCashflowsFromInvestingActivities": 1160000, "totalCashflowsFromInvestingActivities": 2880000, "dividendsPaid": -5000000000, "netBorrowings": 54519315000, "totalCashFromFinancingActivities": 54519315000, "changeInCash": 1405000}, {"maxAge": 1, "endDate": "2020-06-30", "netIncome": 9434205000, "depreciation": 1140000, "changeToNetincome": -1088070000, "changeToLiabilities": 0, "changeToOperatingActivities": -63008945000, "totalCashFromOperatingActivities": -54520790000, "capitalExpenditures": -990000, "investments": 2570000, "otherCashflowsFromInvestingActivities": 1160000, "totalCashflowsFromInvestingActivities": 2880000, "dividendsPaid": -5000000000, "netBorrowings": 54519315000, "totalCashFromFinancingActivities": 54519315000, "changeInCash": 1405000}, {"maxAge": 1, "endDate": "2019-12-31", "netIncome": 9070400000, "depreciation": 1320000, "changeToNetincome": -870000, "changeToLiabilities": 0, "changeToOperatingActivities": -88776950000, "totalCashFromOperatingActivities": -79462040000, "capitalExpenditures": -750000, "investments": 5400000, "otherCashflowsFromInvestingActivities": 2640000, "totalCashflowsFromInvestingActivities": 7340000, "dividendsPaid": -2000000000, "netBorrowings": 81867770000, "otherCashflowsFromFinancingActivities": -411110000, "totalCashFromFinancingActivities": 79456660000, "changeInCash": 1960000}], "maxAge": 86400}, "insiderHolders": {"holders": [], "maxAge": 1}, "calendarEvents": {"maxAge": 1, "earnings": {"earningsDate": []}, "exDividendDate": "2021-02-17 05:30:00"}, "upgradeDowngradeHistory": {"history": [], "maxAge": 86400}, "price": {"maxAge": 1, "regularMarketChangePercent": 0.0070921807, "regularMarketChange": 0.14999962, "regularMarketTime": "2021-04-30 15:30:00", "priceHint": 2, "regularMarketPrice": 21.3, "regularMarketDayHigh": 21.4, "regularMarketDayLow": 21.0, "regularMarketVolume": 11710931, "averageDailyVolume10Day": 14813207, "averageDailyVolume3Month": 35178438, "regularMarketPreviousClose": 21.15, "regularMarketSource": "FREE_REALTIME", "regularMarketOpen": 21.05, "exchange": "NSI", "exchangeName": "NSE", "exchangeDataDelayedBy": 15, "marketState": "CLOSED", "quoteType": "EQUITY", "symbol": "IRFC.NS", "underlyingSymbol": null, "shortName": "Indian Railway Fin Corp L", "longName": "Indian Railway Finance Corporation Limited", "currency": "INR", "quoteSourceName": "Delayed Quote", "currencySymbol": "\u20b9", "fromCurrency": null, "lastMarket": null, "marketCap": 278359048192}, "balanceSheetHistory": {"balanceSheetStatements": [{"maxAge": 1, "endDate": "2020-03-31", "cash": 13800000, "netReceivables": 1636374430000, "otherCurrentAssets": 1118392430000, "totalCurrentAssets": 2754780660000, "longTermInvestments": 115120000, "propertyPlantEquipment": 110040000, "intangibleAssets": 430000, "otherAssets": 35040000, "totalAssets": 2755041290000, "shortLongTermDebt": 228004190000, "otherCurrentLiab": 2520530000, "longTermDebt": 2077128930000, "otherLiab": 18520000, "totalCurrentLiabilities": 374896320000, "totalLiab": 2452043770000, "commonStock": 118804600000, "retainedEarnings": 184299810000, "treasuryStock": -106890000, "otherStockholderEquity": -106890000, "totalStockholderEquity": 302997520000, "netTangibleAssets": 302997090000}, {"maxAge": 1, "endDate": "2019-03-31", "cash": 37070000, "netReceivables": 1362491530000, "otherCurrentAssets": 701114690000, "totalCurrentAssets": 2064110190000, "longTermInvestments": 131450000, "propertyPlantEquipment": 112250000, "intangibleAssets": 500000, "otherAssets": 28560000, "totalAssets": 2064382950000, "shortLongTermDebt": 200464040000, "otherCurrentLiab": 188820000, "longTermDebt": 1509002940000, "otherLiab": 19360000, "totalCurrentLiabilities": 306697660000, "totalLiab": 1815719960000, "commonStock": 93804600000, "retainedEarnings": 97644720000, "treasuryStock": 57213670000, "otherStockholderEquity": 57213670000, "totalStockholderEquity": 248662990000, "netTangibleAssets": 248662490000}, {"maxAge": 1, "endDate": "2018-03-31", "cash": 11280000, "netReceivables": 1213617920000, "otherCurrentAssets": 399633690000, "totalCurrentAssets": 1614231360000, "longTermInvestments": 139780000, "propertyPlantEquipment": 112690000, "intangibleAssets": 270000, "otherAssets": 26310000, "totalAssets": 1614510410000, "shortLongTermDebt": 185850300000, "otherCurrentLiab": 517900000, "longTermDebt": 1144229100000, "otherLiab": 16610000, "totalCurrentLiabilities": 267021870000, "totalLiab": 1411267580000, "commonStock": 65264600000, "retainedEarnings": 84966450000, "treasuryStock": 53011780000, "capitalSurplus": 42109000, "otherStockholderEquity": 53011780000, "totalStockholderEquity": 203242830000, "netTangibleAssets": 203242560000}, {"maxAge": 1, "endDate": "2017-03-31", "cash": 75175000, "netReceivables": 1038885698000, "otherCurrentAssets": 7357000, "totalCurrentAssets": 1041132944000, "longTermInvestments": 4605327000, "propertyPlantEquipment": 115035000, "intangibleAssets": 119000, "otherAssets": 250642883000, "totalAssets": 1296496308000, "shortLongTermDebt": 39152400000, "otherCurrentLiab": 552673000, "longTermDebt": 976218626000, "otherLiab": 72206872000, "totalCurrentLiabilities": 127974839000, "totalLiab": 1176400337000, "commonStock": 65264600000, "retainedEarnings": 6039870000, "treasuryStock": 48749392000, "capitalSurplus": 42109000, "otherStockholderEquity": 48749392000, "totalStockholderEquity": 120095971000, "netTangibleAssets": 120095852000}], "maxAge": 86400}, "financialData": {"maxAge": 86400, "currentPrice": 21.3, "recommendationKey": "none", "totalCash": 2235239936, "totalCashPerShare": 0.188, "totalDebt": 2578237882368, "quickRatio": 392.08, "currentRatio": 392.08, "totalRevenue": 37116178432, "debtToEquity": 787.625, "revenuePerShare": 3.291, "grossProfits": 32681430000, "operatingCashflow": -664817500160, "earningsGrowth": -0.093, "revenueGrowth": 0.154, "grossMargins": 0.99991, "ebitdaMargins": 0.0, "operatingMargins": 0.96685, "profitMargins": 0.96676004, "financialCurrency": "INR"}}}