{"IRFC.BO": {"cashflowStatementHistory": {"cashflowStatements": [{"maxAge": 1, "endDate": "2018-03-31", "netIncome": 21624810000, "changeToLiabilities": 0}, {"maxAge": 1, "endDate": "2017-03-31", "netIncome": 9338114000, "changeToLiabilities": 0}, {"maxAge": 1, "endDate": "2016-03-31", "netIncome": 8486926000, "depreciation": 3379000, "changeToNetincome": 11427361000, "changeToLiabilities": 0, "changeToOperatingActivities": -179395280000, "totalCashFromOperatingActivities": -163774988000, "capitalExpenditures": -1184000, "investments": 15946000, "otherCashflowsFromInvestingActivities": 4490000, "totalCashflowsFromInvestingActivities": 19372000, "dividendsPaid": -1519999000, "netBorrowings": 153934190000, "otherCashflowsFromFinancingActivities": -597164000, "totalCashFromFinancingActivities": 175817027000, "changeInCash": 12061410000}, {"maxAge": 1, "endDate": "2015-03-31", "netIncome": 7582997000, "depreciation": 4421000, "changeToNetincome": 11557362000, "changeToLiabilities": 0, "changeToOperatingActivities": -28860957000, "totalCashFromOperatingActivities": -12920389000, "capitalExpenditures": -791000, "investments": 17472000, "otherCashflowsFromInvestingActivities": 3953000, "totalCashflowsFromInvestingActivities": 20647000, "dividendsPaid": -2139568000, "netBorrowings": 7295355000, "otherCashflowsFromFinancingActivities": -597164000, "totalCashFromFinancingActivities": 10580787000, "changeInCash": -2318955000}], "maxAge": 86400}, "balanceSheetHistoryQuarterly": {"balanceSheetStatements": [{"maxAge": 1, "endDate": "2018-03-31"}, {"maxAge": 1, "endDate": "2017-12-31", "shortLongTermDebt": 1028775839000, "totalStockholderEquity": 126038380000, "netTangibleAssets": 126038096000}, {"maxAge": 1, "endDate": "2017-09-30", "cash": 22617510000, "netReceivables": 1045835200000, "otherCurrentAssets": 3881000, "totalCurrentAssets": 1070735144000, "longTermInvestments": 1158108000, "propertyPlantEquipment": 113741000, "intangibleAssets": 284000, "otherAssets": 295841561000, "totalAssets": 1367848838000, "shortLongTermDebt": 1028775839000, "otherCurrentLiab": 91616698000, "longTermDebt": 950510937000, "otherLiab": 81893055000, "totalCurrentLiabilities": 209406466000, "totalLiab": 1241810458000, "commonStock": 65264600000, "retainedEarnings": 11982279000, "treasuryStock": 48749392000, "capitalSurplus": 42109000, "otherStockholderEquity": 48749392000, "totalStockholderEquity": 126038380000, "netTangibleAssets": 126038096000}, {"maxAge": 1, "endDate": "2017-06-30", "cash": 22617510000, "netReceivables": 1045835200000, "otherCurrentAssets": 3881000, "totalCurrentAssets": 1070735144000, "longTermInvestments": 1158108000, "propertyPlantEquipment": 113741000, "intangibleAssets": 284000, "otherAssets": 295841561000, "totalAssets": 1367848838000, "shortLongTermDebt": 1028775839000, "otherCurrentLiab": 91616698000, "longTermDebt": 950510937000, "otherLiab": 81893055000, "totalCurrentLiabilities": 209406466000, "totalLiab": 1241810458000, "commonStock": 65264600000, "retainedEarnings": 11982279000, "treasuryStock": 48749392000, "capitalSurplus": 42109000, "otherStockholderEquity": 48749392000, "totalStockholderEquity": 126038380000, "netTangibleAssets": 126038096000}], "maxAge": 86400}, "indexTrend": {"maxAge": 1, "symbol": "SP5", "peRatio": 19.7411, "pegRatio": 1.34172, "estimates": [{"period": "0q", "growth": 0.549}, {"period": "+1q", "growth": 0.431}, {"period": "0y", "growth": 0.305}, {"period": "+1y", "growth": 0.109}, {"period": "+5y", "growth": 0.120865}, {"period": "-5y"}]}, "quoteType": {"exchange": "BSE", "quoteType": "EQUITY", "symbol": "IRFC.BO", "underlyingSymbol": "IRFC.BO", "shortName": "Indian Railway Finance Corpora", "longName": null, "firstTradeDateEpochUtc": null, "timeZoneFullName": "Asia/Kolkata", "timeZoneShortName": "IST", "uuid": "77c53940-e2e0-3da9-bb06-aae9ab595b2f", "gmtOffSetMilliseconds": 19800000, "maxAge": 1}, "incomeStatementHistory": {"incomeStatementHistory": [{"maxAge": 1, "endDate": "2018-03-31", "totalRevenue": 27934940000, "costOfRevenue": 0, "grossProfit": 27934940000, "researchDevelopment": {}, "sellingGeneralAdministrative": 52420000, "nonRecurring": {}, "otherOperatingExpenses": 451520000, "totalOperatingExpenses": 503940000, "operatingIncome": 27431000000, "totalOtherIncomeExpenseNet": -1670000, "ebit": 0, "interestExpense": {}, "incomeBeforeTax": 27429330000, "incomeTaxExpense": 5804520000, "minorityInterest": {}, "netIncomeFromContinuingOps": 21624810000, "discontinuedOperations": {}, "extraordinaryItems": {}, "effectOfAccountingCharges": {}, "otherItems": {}, "netIncome": 21624810000, "netIncomeApplicableToCommonShares": 21624810000}, {"maxAge": 1, "endDate": "2017-03-31", "totalRevenue": 21654331000, "costOfRevenue": 0, "grossProfit": 21654331000, "researchDevelopment": {}, "sellingGeneralAdministrative": 202869000, "nonRecurring": {}, "otherOperatingExpenses": 106687000, "totalOperatingExpenses": 313058000, "operatingIncome": 21341273000, "totalOtherIncomeExpenseNet": -8589000, "ebit": 0, "interestExpense": {}, "incomeBeforeTax": 21332684000, "incomeTaxExpense": 11994570000, "minorityInterest": {}, "netIncomeFromContinuingOps": 9338114000, "discontinuedOperations": {}, "extraordinaryItems": {}, "effectOfAccountingCharges": {}, "otherItems": {}, "netIncome": 9338114000, "netIncomeApplicableToCommonShares": 9338114000}, {"maxAge": 1, "endDate": "2016-03-31", "totalRevenue": 19938966000, "costOfRevenue": 0, "grossProfit": 19938966000, "researchDevelopment": {}, "sellingGeneralAdministrative": 343265000, "nonRecurring": {}, "otherOperatingExpenses": 96156000, "totalOperatingExpenses": 442887000, "operatingIncome": 19496079000, "totalOtherIncomeExpenseNet": 3079000, "ebit": 0, "interestExpense": {}, "incomeBeforeTax": 19499158000, "incomeTaxExpense": 11012232000, "minorityInterest": {}, "netIncomeFromContinuingOps": 8486926000, "discontinuedOperations": {}, "extraordinaryItems": {}, "effectOfAccountingCharges": {}, "otherItems": {}, "netIncome": 8486926000, "netIncomeApplicableToCommonShares": 8486926000}, {"maxAge": 1, "endDate": "2015-03-31", "totalRevenue": 19551195000, "costOfRevenue": 0, "grossProfit": 19551195000, "researchDevelopment": {}, "sellingGeneralAdministrative": 298934000, "nonRecurring": {}, "otherOperatingExpenses": 115741000, "totalOperatingExpenses": 419096000, "operatingIncome": 19132099000, "totalOtherIncomeExpenseNet": 9642000, "ebit": 0, "interestExpense": {}, "incomeBeforeTax": 19141741000, "incomeTaxExpense": 11558744000, "minorityInterest": {}, "netIncomeFromContinuingOps": 7582997000, "discontinuedOperations": {}, "extraordinaryItems": {}, "effectOfAccountingCharges": {}, "otherItems": {}, "netIncome": 7582997000, "netIncomeApplicableToCommonShares": 7582997000}], "maxAge": 86400}, "summaryDetail": {"maxAge": 1, "priceHint": 2, "previousClose": 21.2, "open": 21.0, "dayLow": 21.0, "dayHigh": 21.4, "regularMarketPreviousClose": 21.2, "regularMarketOpen": 21.0, "regularMarketDayLow": 21.0, "regularMarketDayHigh": 21.4, "volume": 2188108, "regularMarketVolume": 2188108, "bid": 21.25, "ask": 21.25, "fiftyTwoWeekLow": 21.0, "fiftyTwoWeekHigh": 21.4, "currency": "INR", "fromCurrency": null, "lastMarket": null, "algorithm": null, "tradeable": false}, "incomeStatementHistoryQuarterly": {"incomeStatementHistory": [{"maxAge": 1, "endDate": "2018-03-31", "totalRevenue": 6021865500, "costOfRevenue": 0, "grossProfit": 6021865500, "researchDevelopment": {}, "sellingGeneralAdministrative": -14824500, "nonRecurring": {}, "otherOperatingExpenses": -444246000, "totalOperatingExpenses": -460027000, "operatingIncome": 6481892500, "totalOtherIncomeExpenseNet": 531290000, "ebit": 0, "interestExpense": {}, "incomeBeforeTax": 7013182500, "incomeTaxExpense": -828013000, "minorityInterest": {}, "netIncomeFromContinuingOps": 7841195500, "discontinuedOperations": {}, "extraordinaryItems": {}, "effectOfAccountingCharges": {}, "otherItems": {}, "netIncome": 7841195500, "netIncomeApplicableToCommonShares": 7841195500}, {"maxAge": 1, "endDate": "2017-12-31", "totalRevenue": 6021865500, "costOfRevenue": 0, "grossProfit": 6021865500, "researchDevelopment": {}, "sellingGeneralAdministrative": -14824500, "nonRecurring": {}, "otherOperatingExpenses": -444246000, "totalOperatingExpenses": -460027000, "operatingIncome": 6481892500, "totalOtherIncomeExpenseNet": 531290000, "ebit": 0, "interestExpense": {}, "incomeBeforeTax": 7013182500, "incomeTaxExpense": -828013000, "minorityInterest": {}, "netIncomeFromContinuingOps": 7841195500, "discontinuedOperations": {}, "extraordinaryItems": {}, "effectOfAccountingCharges": {}, "otherItems": {}, "netIncome": 7841195500, "netIncomeApplicableToCommonShares": 7841195500}, {"maxAge": 1, "endDate": "2017-09-30", "totalRevenue": 7945604500, "costOfRevenue": 0, "grossProfit": 7945604500, "researchDevelopment": {}, "sellingGeneralAdministrative": 41034500, "nonRecurring": {}, "otherOperatingExpenses": 670006000, "totalOperatingExpenses": 711997000, "operatingIncome": 7233607500, "totalOtherIncomeExpenseNet": -532125000, "ebit": 0, "interestExpense": {}, "incomeBeforeTax": 6701482500, "incomeTaxExpense": 3730273000, "minorityInterest": {}, "netIncomeFromContinuingOps": 2971209500, "discontinuedOperations": {}, "extraordinaryItems": {}, "effectOfAccountingCharges": {}, "otherItems": {}, "netIncome": 2971209500, "netIncomeApplicableToCommonShares": 2971209500}, {"maxAge": 1, "endDate": "2017-06-30", "totalRevenue": 7945604500, "costOfRevenue": 0, "grossProfit": 7945604500, "researchDevelopment": {}, "sellingGeneralAdministrative": 41034500, "nonRecurring": {}, "otherOperatingExpenses": 670006000, "totalOperatingExpenses": 711997000, "operatingIncome": 7233607500, "totalOtherIncomeExpenseNet": -532125000, "ebit": 0, "interestExpense": {}, "incomeBeforeTax": 6701482500, "incomeTaxExpense": 3730273000, "minorityInterest": {}, "netIncomeFromContinuingOps": 2971209500, "discontinuedOperations": {}, "extraordinaryItems": {}, "effectOfAccountingCharges": {}, "otherItems": {}, "netIncome": 2971209500, "netIncomeApplicableToCommonShares": 2971209500}], "maxAge": 86400}, "cashflowStatementHistoryQuarterly": {"cashflowStatements": [{"maxAge": 1, "endDate": "2018-03-31", "netIncome": 7841195500, "changeToLiabilities": 0}, {"maxAge": 1, "endDate": "2017-12-31", "netIncome": 7841195500, "changeToLiabilities": 0}, {"maxAge": 1, "endDate": "2017-09-30", "netIncome": 2971209500, "depreciation": 934000, "changeToNetincome": 4259611500, "changeToLiabilities": 0, "changeToOperatingActivities": 28593449000, "totalCashFromOperatingActivities": 34436457000, "capitalExpenditures": -413500, "investments": 3396000, "otherCashflowsFromInvestingActivities": 1198500, "totalCashflowsFromInvestingActivities": 4191000, "dividendsPaid": -167627500, "netBorrowings": -22967733500, "otherCashflowsFromFinancingActivities": -34119500, "totalCashFromFinancingActivities": -23169480500, "changeInCash": 11271167500}, {"maxAge": 1, "endDate": "2017-06-30", "netIncome": 2971209500, "depreciation": 934000, "changeToNetincome": 4259611500, "changeToLiabilities": 0, "changeToOperatingActivities": 28593449000, "totalCashFromOperatingActivities": 34436457000, "capitalExpenditures": -413500, "investments": 3396000, "otherCashflowsFromInvestingActivities": 1198500, "totalCashflowsFromInvestingActivities": 4191000, "dividendsPaid": -167627500, "netBorrowings": -22967733500, "otherCashflowsFromFinancingActivities": -34119500, "totalCashFromFinancingActivities": -23169480500, "changeInCash": 11271167500}], "maxAge": 86400}, "insiderHolders": {"holders": [], "maxAge": 1}, "calendarEvents": {"maxAge": 1, "earnings": {"earningsDate": []}}, "price": {"maxAge": 1, "regularMarketChangePercent": 0.004716909, "regularMarketChange": 0.099998474, "regularMarketTime": "2021-04-30 15:59:36", "priceHint": 2, "regularMarketPrice": 21.3, "regularMarketDayHigh": 21.4, "regularMarketDayLow": 21.0, "regularMarketVolume": 2188108, "regularMarketPreviousClose": 21.2, "regularMarketSource": "FREE_REALTIME", "regularMarketOpen": 21.0, "exchange": "BSE", "exchangeName": "BSE", "exchangeDataDelayedBy": 0, "marketState": "CLOSED", "quoteType": "EQUITY", "symbol": "IRFC.BO", "underlyingSymbol": null, "shortName": "Indian Railway Finance Corpora", "longName": null, "currency": "INR", "quoteSourceName": "Delayed Quote", "currencySymbol": "\u20b9", "fromCurrency": null, "lastMarket": null}, "balanceSheetHistory": {"balanceSheetStatements": [{"maxAge": 1, "endDate": "2018-03-31"}, {"maxAge": 1, "endDate": "2017-03-31", "cash": 75175000, "netReceivables": 1038885698000, "otherCurrentAssets": 7357000, "totalCurrentAssets": 1041132944000, "longTermInvestments": 2380027000, "propertyPlantEquipment": 115035000, "intangibleAssets": 119000, "otherAssets": 252868183000, "totalAssets": 1296496308000, "shortLongTermDebt": 1073130291000, "otherCurrentLiab": 552673000, "longTermDebt": 976218626000, "otherLiab": 72206872000, "totalCurrentLiabilities": 127974839000, "totalLiab": 1176400337000, "commonStock": 65264600000, "retainedEarnings": 6039870000, "treasuryStock": 48749392000, "capitalSurplus": 42109000, "otherStockholderEquity": 48749392000, "totalStockholderEquity": 120095971000, "netTangibleAssets": 120095852000}, {"maxAge": 1, "endDate": "2016-03-31", "cash": 12112082000, "netReceivables": 953958257000, "otherCurrentAssets": 35965000, "totalCurrentAssets": 967712539000, "longTermInvestments": 3016938000, "propertyPlantEquipment": 117381000, "intangibleAssets": 206000, "otherAssets": 113156812000, "totalAssets": 1084003876000, "shortLongTermDebt": 879544140900, "otherCurrentLiab": 3173730000, "longTermDebt": 763329410000, "otherLiab": 57183787000, "totalCurrentLiabilities": 148237177000, "totalLiab": 968750374000, "commonStock": 45264600000, "retainedEarnings": 6039870000, "treasuryStock": 63906923000, "capitalSurplus": 42109000, "otherStockholderEquity": 63906923000, "totalStockholderEquity": 115253502000, "netTangibleAssets": 115253296000}, {"maxAge": 1, "endDate": "2015-03-31", "cash": 50672000, "netReceivables": 836540273000, "otherCurrentAssets": 354270000, "totalCurrentAssets": 836945215000, "longTermInvestments": 109175000, "propertyPlantEquipment": 119938000, "intangibleAssets": 129000, "otherAssets": 39295446000, "totalAssets": 876469903000, "shortLongTermDebt": 712735394000, "otherCurrentLiab": 2458478000, "longTermDebt": 617841416000, "otherLiab": 49634249000, "totalCurrentLiabilities": 122178154000, "totalLiab": 789653819000, "commonStock": 35839600000, "retainedEarnings": 6039870000, "treasuryStock": 44930899000, "capitalSurplus": 5715000, "otherStockholderEquity": 44930899000, "totalStockholderEquity": 86816084000, "netTangibleAssets": 86815955000}], "maxAge": 86400}, "financialData": {"maxAge": 86400, "currentPrice": 21.3, "recommendationKey": "none", "grossProfits": 27934940000, "financialCurrency": null}}}