{"IRIS.BO": {"cashflowStatementHistory": {"cashflowStatements": [{"maxAge": 1, "endDate": "2020-03-31", "netIncome": 4663385, "depreciation": 4083668, "changeToNetincome": -60150, "changeToAccountReceivables": -56151923, "changeToLiabilities": -8257494, "changeToOperatingActivities": 15376972, "totalCashFromOperatingActivities": 17217121, "capitalExpenditures": -2113049, "otherCashflowsFromInvestingActivities": 1335537, "totalCashflowsFromInvestingActivities": -4072932, "netBorrowings": -17088889, "otherCashflowsFromFinancingActivities": -12758141, "totalCashFromFinancingActivities": -29847030, "changeInCash": -16702841}, {"maxAge": 1, "endDate": "2019-03-31", "netIncome": -61061885, "depreciation": 40860489, "changeToNetincome": 25134899, "changeToAccountReceivables": 14785928, "changeToLiabilities": -11703986, "changeToOperatingActivities": 204149, "totalCashFromOperatingActivities": 8219594, "capitalExpenditures": -1326471, "otherCashflowsFromInvestingActivities": 5068249, "totalCashflowsFromInvestingActivities": -108476, "netBorrowings": -22785185, "otherCashflowsFromFinancingActivities": -14457888, "totalCashFromFinancingActivities": -37243073, "changeInCash": -29131955}, {"maxAge": 1, "endDate": "2018-03-31", "netIncome": -51680993, "depreciation": 44886595, "changeToNetincome": 9078599, "changeToAccountReceivables": -56116637, "changeToLiabilities": 7905569, "changeToOperatingActivities": 11141434, "totalCashFromOperatingActivities": -34785433, "capitalExpenditures": -755261, "otherCashflowsFromInvestingActivities": 1916993, "totalCashflowsFromInvestingActivities": -26485400, "netBorrowings": -29580596, "otherCashflowsFromFinancingActivities": -19056493, "totalCashFromFinancingActivities": 111490911, "changeInCash": 50220078, "issuanceOfStock": 160128000}, {"maxAge": 1, "endDate": "2017-03-31", "netIncome": -106013811, "depreciation": 46263809, "changeToNetincome": 22040755, "changeToAccountReceivables": -20461214, "changeToLiabilities": 19650020, "changeToOperatingActivities": 75867231, "totalCashFromOperatingActivities": 37346790, "capitalExpenditures": -2436088, "otherCashflowsFromInvestingActivities": 1382877, "totalCashflowsFromInvestingActivities": -52472713, "netBorrowings": -22910079, "otherCashflowsFromFinancingActivities": -20825232, "totalCashFromFinancingActivities": -43735311, "changeInCash": -58861234, "issuanceOfStock": 160128000}], "maxAge": 86400}, "institutionOwnership": {"ownershipList": [], "maxAge": 1}, "balanceSheetHistoryQuarterly": {"balanceSheetStatements": [{"maxAge": 1, "endDate": "2020-03-31", "cash": 16853340, "netReceivables": 329908054, "otherCurrentAssets": 3875137, "totalCurrentAssets": 359717647, "propertyPlantEquipment": 96228896, "intangibleAssets": 173211035, "otherAssets": 3302579, "totalAssets": 632460157, "accountsPayable": 22872323, "shortLongTermDebt": 22785185, "otherCurrentLiab": 91099158, "longTermDebt": 28907460, "otherLiab": 36315302, "minorityInterest": 171290, "totalCurrentLiabilities": 320771220, "totalLiab": 385993982, "commonStock": 188791620, "retainedEarnings": -55521550, "treasuryStock": 2198075, "capitalSurplus": 110826740, "otherStockholderEquity": 2198075, "totalStockholderEquity": 246294885, "netTangibleAssets": 73083850}, {"maxAge": 1, "endDate": "2019-12-31", "cash": 16853340, "netReceivables": 329908054, "otherCurrentAssets": 3875137, "totalCurrentAssets": 359717647, "propertyPlantEquipment": 96228896, "intangibleAssets": 173211035, "otherAssets": 3302579, "totalAssets": 632460157, "accountsPayable": 22872323, "shortLongTermDebt": 22785185, "otherCurrentLiab": 91099158, "longTermDebt": 28907460, "otherLiab": 36315302, "minorityInterest": 171290, "totalCurrentLiabilities": 320771220, "totalLiab": 385993982, "commonStock": 188791620, "retainedEarnings": -55521550, "treasuryStock": 2198075, "capitalSurplus": 110826740, "otherStockholderEquity": 2198075, "totalStockholderEquity": 246294885, "netTangibleAssets": 73083850}, {"maxAge": 1, "endDate": "2019-09-30", "cash": 43676000, "netReceivables": 149026000, "otherCurrentAssets": 117563000, "totalCurrentAssets": 310265000, "propertyPlantEquipment": 96836000, "intangibleAssets": 198520000, "otherAssets": 474000, "totalAssets": 606095000, "accountsPayable": 10906000, "otherCurrentLiab": 238070000, "longTermDebt": 34604000, "otherLiab": 33579000, "totalCurrentLiabilities": 306688000, "totalLiab": 374871000, "commonStock": 188792000, "treasuryStock": 42432000, "otherStockholderEquity": 42432000, "totalStockholderEquity": 231224000, "netTangibleAssets": 32704000}, {"maxAge": 1, "endDate": "2019-06-30", "cash": 43676000, "netReceivables": 149026000, "otherCurrentAssets": 117563000, "totalCurrentAssets": 310265000, "propertyPlantEquipment": 96836000, "intangibleAssets": 198520000, "otherAssets": 474000, "totalAssets": 606095000, "accountsPayable": 10906000, "otherCurrentLiab": 238070000, "longTermDebt": 34604000, "otherLiab": 33579000, "totalCurrentLiabilities": 306688000, "totalLiab": 374871000, "commonStock": 188792000, "treasuryStock": 42432000, "otherStockholderEquity": 42432000, "totalStockholderEquity": 231224000, "netTangibleAssets": 32704000}], "maxAge": 86400}, "indexTrend": {"maxAge": 1, "symbol": "SP5", "peRatio": 19.7411, "pegRatio": 1.34172, "estimates": [{"period": "0q", "growth": 0.549}, {"period": "+1q", "growth": 0.431}, {"period": "0y", "growth": 0.305}, {"period": "+1y", "growth": 0.109}, {"period": "+5y", "growth": 0.120859005}, {"period": "-5y"}]}, "insiderTransactions": {"transactions": [{"maxAge": 1, "shares": 1228940, "filerUrl": "", "transactionText": "", "filerName": "Flowers Valley Pvt Ltd", "filerRelation": "Promoter", "moneyText": "", "startDate": "2020-07-28", "ownership": "D"}, {"maxAge": 1, "shares": 1018711, "filerUrl": "", "transactionText": "", "filerName": "Subhkam Ventures I Pvt Ltd", "filerRelation": "Promoter", "moneyText": "", "startDate": "2020-07-28", "ownership": "D"}, {"maxAge": 1, "shares": 100000, "filerUrl": "", "transactionText": "", "filerName": "Swaminathan (Subramaniam)", "filerRelation": "Wholetime Director", "moneyText": "", "startDate": "2019-12-26", "ownership": "D"}], "maxAge": 1}, "quoteType": {"exchange": "BSE", "quoteType": "EQUITY", "symbol": "IRIS.BO", "underlyingSymbol": "IRIS.BO", "shortName": "IRIS Business Services Limited", "longName": "IRIS Business Services Limited", "firstTradeDateEpochUtc": "2017-10-11 09:15:00", "timeZoneFullName": "Asia/Kolkata", "timeZoneShortName": "IST", "uuid": "44f6ddbf-8be8-3e52-b4f5-3924dc85fbcc", "gmtOffSetMilliseconds": 19800000, "maxAge": 1}, "incomeStatementHistory": {"incomeStatementHistory": [{"maxAge": 1, "endDate": "2020-03-31", "totalRevenue": 509976517, "costOfRevenue": 284707750, "grossProfit": 225268767, "researchDevelopment": {}, "sellingGeneralAdministrative": 6412168, "nonRecurring": {}, "otherOperatingExpenses": 140783491, "totalOperatingExpenses": 494791732, "operatingIncome": 15184785, "totalOtherIncomeExpenseNet": -9750176, "ebit": 15184785, "interestExpense": -13471419, "incomeBeforeTax": 5434609, "incomeTaxExpense": 814200, "minorityInterest": 171290, "netIncomeFromContinuingOps": 4620409, "discontinuedOperations": {}, "extraordinaryItems": {}, "effectOfAccountingCharges": {}, "otherItems": {}, "netIncome": 4663385, "netIncomeApplicableToCommonShares": 4663385}, {"maxAge": 1, "endDate": "2019-03-31", "totalRevenue": 398944133, "costOfRevenue": 254635203, "grossProfit": 144308930, "researchDevelopment": {}, "sellingGeneralAdministrative": 5224916, "nonRecurring": {}, "otherOperatingExpenses": 144069154, "totalOperatingExpenses": 447173609, "operatingIncome": -48229476, "totalOtherIncomeExpenseNet": -5357211, "ebit": -48229476, "interestExpense": -14457888, "incomeBeforeTax": -53586687, "incomeTaxExpense": 7451841, "minorityInterest": -30780, "netIncomeFromContinuingOps": -61038528, "discontinuedOperations": {}, "extraordinaryItems": {}, "effectOfAccountingCharges": {}, "otherItems": {}, "netIncome": -61061885, "netIncomeApplicableToCommonShares": -61061885}, {"maxAge": 1, "endDate": "2018-03-31", "totalRevenue": 349514144, "costOfRevenue": 207794283, "grossProfit": 141719861, "researchDevelopment": {}, "sellingGeneralAdministrative": 4190157, "nonRecurring": {}, "otherOperatingExpenses": 125780852, "totalOperatingExpenses": 391578941, "operatingIncome": -42064797, "totalOtherIncomeExpenseNet": -13827241, "ebit": -42064797, "interestExpense": -19056494, "incomeBeforeTax": -55892038, "incomeTaxExpense": -4273918, "minorityInterest": -52168, "netIncomeFromContinuingOps": -51618120, "discontinuedOperations": {}, "extraordinaryItems": {}, "effectOfAccountingCharges": {}, "otherItems": {}, "netIncome": -51680993, "netIncomeApplicableToCommonShares": -51680993}, {"maxAge": 1, "endDate": "2017-03-31", "totalRevenue": 273166195, "costOfRevenue": 179665315, "grossProfit": 93500880, "researchDevelopment": {}, "sellingGeneralAdministrative": 1428386, "nonRecurring": {}, "otherOperatingExpenses": 143760701, "totalOperatingExpenses": 371118555, "operatingIncome": -97952360, "totalOtherIncomeExpenseNet": -23265562, "ebit": -97952360, "interestExpense": -19118159, "incomeBeforeTax": -121217922, "incomeTaxExpense": -15214653, "minorityInterest": -107578, "netIncomeFromContinuingOps": -106003269, "discontinuedOperations": {}, "extraordinaryItems": {}, "effectOfAccountingCharges": {}, "otherItems": {}, "netIncome": -106013811, "netIncomeApplicableToCommonShares": -106013811}], "maxAge": 86400}, "fundOwnership": {"ownershipList": [], "maxAge": 1}, "summaryDetail": {"maxAge": 1, "priceHint": 2, "previousClose": 43.1, "open": 45.0, "dayLow": 44.0, "dayHigh": 46.0, "regularMarketPreviousClose": 43.1, "regularMarketOpen": 45.0, "regularMarketDayLow": 44.0, "regularMarketDayHigh": 46.0, "trailingPE": 178.13765, "volume": 12000, "regularMarketVolume": 12000, "averageVolume": 9049, "averageVolume10days": 12000, "averageDailyVolume10Day": 12000, "bid": 44.25, "ask": 47.2, "bidSize": 0, "askSize": 0, "marketCap": 830684800, "fiftyTwoWeekLow": 11.55, "fiftyTwoWeekHigh": 46.0, "fiftyDayAverage": 38.07879, "twoHundredDayAverage": 31.44559, "currency": "INR", "fromCurrency": null, "lastMarket": null, "algorithm": null, "tradeable": false}, "incomeStatementHistoryQuarterly": {"incomeStatementHistory": [{"maxAge": 1, "endDate": "2020-03-31", "totalRevenue": 144003759, "costOfRevenue": 76002375, "grossProfit": 68001384, "researchDevelopment": {}, "sellingGeneralAdministrative": 3206084, "nonRecurring": {}, "otherOperatingExpenses": 39716246, "totalOperatingExpenses": 134951366, "operatingIncome": 9052393, "totalOtherIncomeExpenseNet": -1653088, "ebit": 9052393, "interestExpense": -2707210, "incomeBeforeTax": 7399305, "incomeTaxExpense": -72400, "minorityInterest": 171290, "netIncomeFromContinuingOps": 7471705, "discontinuedOperations": {}, "extraordinaryItems": {}, "effectOfAccountingCharges": {}, "otherItems": {}, "netIncome": 7495693, "netIncomeApplicableToCommonShares": 7495693}, {"maxAge": 1, "endDate": "2019-12-31", "totalRevenue": 144003759, "costOfRevenue": 76002375, "grossProfit": 68001384, "researchDevelopment": {}, "sellingGeneralAdministrative": 3206084, "nonRecurring": {}, "otherOperatingExpenses": 39716246, "totalOperatingExpenses": 134951366, "operatingIncome": 9052393, "totalOtherIncomeExpenseNet": -1653088, "ebit": 9052393, "interestExpense": -2707210, "incomeBeforeTax": 7399305, "incomeTaxExpense": -72400, "minorityInterest": 171290, "netIncomeFromContinuingOps": 7471705, "discontinuedOperations": {}, "extraordinaryItems": {}, "effectOfAccountingCharges": {}, "otherItems": {}, "netIncome": 7495693, "netIncomeApplicableToCommonShares": 7495693}, {"maxAge": 1, "endDate": "2019-09-30", "totalRevenue": 110984500, "costOfRevenue": 66351500, "grossProfit": 44633000, "researchDevelopment": {}, "sellingGeneralAdministrative": 3206084, "nonRecurring": {}, "otherOperatingExpenses": 30675500, "totalOperatingExpenses": 112444500, "operatingIncome": -1460000, "totalOtherIncomeExpenseNet": -3222000, "ebit": -1460000, "interestExpense": -4028500, "incomeBeforeTax": -4682000, "incomeTaxExpense": 479500, "minorityInterest": 171290, "netIncomeFromContinuingOps": -5161500, "discontinuedOperations": {}, "extraordinaryItems": {}, "effectOfAccountingCharges": {}, "otherItems": {}, "netIncome": -5164000, "netIncomeApplicableToCommonShares": -5164000}, {"maxAge": 1, "endDate": "2019-06-30", "totalRevenue": 110984500, "costOfRevenue": 66351500, "grossProfit": 44633000, "researchDevelopment": {}, "sellingGeneralAdministrative": 3206084, "nonRecurring": {}, "otherOperatingExpenses": 30675500, "totalOperatingExpenses": 112444500, "operatingIncome": -1460000, "totalOtherIncomeExpenseNet": -3222000, "ebit": -1460000, "interestExpense": -4028500, "incomeBeforeTax": -4682000, "incomeTaxExpense": 479500, "minorityInterest": 171290, "netIncomeFromContinuingOps": -5161500, "discontinuedOperations": {}, "extraordinaryItems": {}, "effectOfAccountingCharges": {}, "otherItems": {}, "netIncome": -5164000, "netIncomeApplicableToCommonShares": -5164000}], "maxAge": 86400}, "cashflowStatementHistoryQuarterly": {"cashflowStatements": [{"maxAge": 1, "endDate": "2020-03-31", "netIncome": 7495693, "depreciation": -13375666, "changeToNetincome": 1097925, "changeToAccountReceivables": -15136962, "changeToLiabilities": 5298253, "changeToOperatingActivities": -18112014, "totalCashFromOperatingActivities": -3951439, "capitalExpenditures": -799525, "otherCashflowsFromInvestingActivities": 157269, "totalCashflowsFromInvestingActivities": -2289966, "netBorrowings": -2847945, "otherCashflowsFromFinancingActivities": -2851571, "totalCashFromFinancingActivities": -5699515, "changeInCash": -11940921}, {"maxAge": 1, "endDate": "2019-12-31", "netIncome": 7495693, "depreciation": -13375666, "changeToNetincome": 1097925, "changeToAccountReceivables": -15136962, "changeToLiabilities": 5298253, "changeToOperatingActivities": -18112014, "totalCashFromOperatingActivities": -3951439, "capitalExpenditures": -799525, "otherCashflowsFromInvestingActivities": 157269, "totalCashflowsFromInvestingActivities": -2289966, "netBorrowings": -2847945, "otherCashflowsFromFinancingActivities": -2851571, "totalCashFromFinancingActivities": -5699515, "changeInCash": -11940921}, {"maxAge": 1, "endDate": "2019-09-30", "netIncome": -5164000, "depreciation": 15417500, "changeToNetincome": -1128000, "changeToAccountReceivables": -12939000, "changeToLiabilities": -9427000, "changeToOperatingActivities": 25800500, "totalCashFromOperatingActivities": 12560000, "capitalExpenditures": -257000, "otherCashflowsFromInvestingActivities": 510500, "totalCashflowsFromInvestingActivities": 253500, "netBorrowings": -5696500, "otherCashflowsFromFinancingActivities": -3527500, "totalCashFromFinancingActivities": -9224000, "changeInCash": 3589500}, {"maxAge": 1, "endDate": "2019-06-30", "netIncome": -5164000, "depreciation": 15417500, "changeToNetincome": -1128000, "changeToAccountReceivables": -12939000, "changeToLiabilities": -9427000, "changeToOperatingActivities": 25800500, "totalCashFromOperatingActivities": 12560000, "capitalExpenditures": -257000, "otherCashflowsFromInvestingActivities": 510500, "totalCashflowsFromInvestingActivities": 253500, "netBorrowings": -5696500, "otherCashflowsFromFinancingActivities": -3527500, "totalCashFromFinancingActivities": -9224000, "changeInCash": 3589500}], "maxAge": 86400}, "insiderHolders": {"holders": [{"maxAge": 1, "name": "Flowers Valley Pvt Ltd", "relation": "Promoter", "url": "", "transactionDescription": "Acquisition", "latestTransDate": "2020-07-28", "positionDirect": 1228940, "positionDirectDate": "2020-07-28"}, {"maxAge": 1, "name": "Subhkam Ventures I Pvt Ltd", "relation": "Promoter", "url": "", "transactionDescription": "Acquisition", "latestTransDate": "2020-07-28", "positionDirect": 1018711, "positionDirectDate": "2020-07-28"}, {"maxAge": 1, "name": "Swaminathan (Subramaniam)", "relation": "Wholetime Director", "url": "", "transactionDescription": "Gift", "latestTransDate": "2019-12-26", "positionDirect": 4772168, "positionDirectDate": "2019-12-26"}], "maxAge": 1}, "calendarEvents": {"maxAge": 1, "earnings": {"earningsDate": ["2020-06-29 05:30:S"]}}, "upgradeDowngradeHistory": {"history": [], "maxAge": 86400}, "price": {"maxAge": 1, "regularMarketChangePercent": 0.020881707, "regularMarketChange": 0.9000015, "regularMarketTime": "2021-04-30 15:13:59", "priceHint": 2, "regularMarketPrice": 44.0, "regularMarketDayHigh": 46.0, "regularMarketDayLow": 44.0, "regularMarketVolume": 12000, "averageDailyVolume10Day": 12000, "averageDailyVolume3Month": 9049, "regularMarketPreviousClose": 43.1, "regularMarketSource": "FREE_REALTIME", "regularMarketOpen": 45.0, "exchange": "BSE", "exchangeName": "BSE", "exchangeDataDelayedBy": 0, "marketState": "CLOSED", "quoteType": "EQUITY", "symbol": "IRIS.BO", "underlyingSymbol": null, "shortName": "IRIS Business Services Limited", "longName": "IRIS Business Services Limited", "currency": "INR", "quoteSourceName": "Delayed Quote", "currencySymbol": "\u20b9", "fromCurrency": null, "lastMarket": null, "marketCap": 830684800}, "balanceSheetHistory": {"balanceSheetStatements": [{"maxAge": 1, "endDate": "2020-03-31", "cash": 16853340, "netReceivables": 329908054, "otherCurrentAssets": 3875137, "totalCurrentAssets": 359717647, "propertyPlantEquipment": 96228896, "intangibleAssets": 173211035, "otherAssets": 3302579, "totalAssets": 632460157, "accountsPayable": 22872323, "shortLongTermDebt": 22785185, "otherCurrentLiab": 91099158, "longTermDebt": 28907460, "otherLiab": 36315302, "minorityInterest": 171290, "totalCurrentLiabilities": 320771220, "totalLiab": 385993982, "commonStock": 188791620, "retainedEarnings": -55521550, "treasuryStock": 2198075, "capitalSurplus": 110826740, "otherStockholderEquity": 2198075, "totalStockholderEquity": 246294885, "netTangibleAssets": 73083850}, {"maxAge": 1, "endDate": "2019-03-31", "cash": 58731199, "netReceivables": 235365407, "otherCurrentAssets": 3935948, "totalCurrentAssets": 306526749, "propertyPlantEquipment": 98357215, "intangibleAssets": 227320578, "otherAssets": 1461430, "totalAssets": 633665972, "accountsPayable": 31129816, "shortLongTermDebt": 22785185, "otherCurrentLiab": 88029899, "longTermDebt": 45996349, "otherLiab": 24965268, "minorityInterest": -30780, "totalCurrentLiabilities": 321078447, "totalLiab": 392040064, "commonStock": 188791620, "retainedEarnings": -60184935, "treasuryStock": 2223263, "capitalSurplus": 110826740, "otherStockholderEquity": 2223263, "totalStockholderEquity": 241656688, "netTangibleAssets": 14336110}, {"maxAge": 1, "endDate": "2018-03-31", "cash": 83506715, "netReceivables": 266091470, "otherCurrentAssets": 9575379, "totalCurrentAssets": 366106920, "propertyPlantEquipment": 101268124, "intangibleAssets": 260070383, "otherAssets": 7251204, "totalAssets": 734696631, "accountsPayable": 38016913, "shortLongTermDebt": 22785185, "otherCurrentLiab": 94083968, "longTermDebt": 68781534, "otherLiab": 14957820, "minorityInterest": -52168, "totalCurrentLiabilities": 349870924, "totalLiab": 433610278, "commonStock": 188791620, "retainedEarnings": 876950, "treasuryStock": 643211, "capitalSurplus": 110826740, "otherStockholderEquity": 643211, "totalStockholderEquity": 301138521, "netTangibleAssets": 41068138}, {"maxAge": 1, "endDate": "2017-03-31", "cash": 3037390, "netReceivables": 194835006, "otherCurrentAssets": 11984094, "totalCurrentAssets": 215372170, "propertyPlantEquipment": 105792191, "intangibleAssets": 271999458, "otherAssets": 3858349, "totalAssets": 597022168, "accountsPayable": 30111344, "shortLongTermDebt": 22785185, "otherCurrentLiab": 89714365, "longTermDebt": 98362130, "otherLiab": 4949867, "minorityInterest": -107578, "totalCurrentLiabilities": 303761581, "totalLiab": 407073578, "commonStock": 69375810, "retainedEarnings": 51717514, "treasuryStock": -1151706, "capitalSurplus": 70114550, "otherStockholderEquity": -1151706, "totalStockholderEquity": 190056168, "netTangibleAssets": -81943290}], "maxAge": 86400}, "financialData": {"maxAge": 86400, "currentPrice": 44.0, "recommendationKey": "none", "grossProfits": 225268767, "financialCurrency": "INR"}}}