{"IRISDOREME.NS": {"assetProfile": {"address1": "103/24/1, Foreshore Road", "address2": "Binani Metal Compound Shibpur", "city": "Howrah", "zip": "711102", "country": "India", "phone": "91 33 2637 3856", "fax": "91 33 2640 4674", "website": "http://www.irisclothings.in", "industry": "Apparel Manufacturing", "sector": "Consumer Cyclical", "longBusinessSummary": "Iris Clothings Limited engages in the design, manufacture, and sale of kids wear in India. It offers tops, T-shirts, pants, shorts, frocks, dresses, and towels for infants, boys, girls, women, and men under the DoReMe brand name. The company was founded in 2004 and is based in Howrah, India.", "fullTimeEmployees": 819, "companyOfficers": [{"maxAge": 1, "name": "Mr. Santosh  Ladha", "title": "MD & Director", "fiscalYear": 2020, "totalPay": 12000000, "exercisedValue": 0, "unexercisedValue": 0}, {"maxAge": 1, "name": "Mr. Niraj  Agarwal", "title": "Chief Financial Officer", "fiscalYear": 2020, "totalPay": 324000, "exercisedValue": 0, "unexercisedValue": 0}, {"maxAge": 1, "name": "Ms. Sweta  Agarwal", "title": "Company Sec. & Compliance Officer", "fiscalYear": 2020, "totalPay": 360000, "exercisedValue": 0, "unexercisedValue": 0}, {"maxAge": 1, "name": "Ms. Geeta  Ladha", "age": 41, "title": "Exec. Whole-Time Director", "yearBorn": 1979, "fiscalYear": 2020, "totalPay": 12000000, "exercisedValue": 0, "unexercisedValue": 0}], "compensationAsOfEpochDate": "2020-12-31 05:30:00", "maxAge": 86400}, "cashflowStatementHistory": {"cashflowStatements": [{"maxAge": 1, "endDate": "2020-03-31", "netIncome": 39402184, "depreciation": 49857043, "changeToNetincome": 27550421, "changeToAccountReceivables": -26793025, "changeToLiabilities": 40035456, "changeToInventory": -74967579, "totalCashFromOperatingActivities": 55323336, "capitalExpenditures": -72887819, "otherCashflowsFromInvestingActivities": 1563083, "totalCashflowsFromInvestingActivities": -71324736, "netBorrowings": 48500546, "otherCashflowsFromFinancingActivities": -32625110, "totalCashFromFinancingActivities": 15875436, "changeInCash": -125964}, {"maxAge": 1, "endDate": "2019-03-31", "netIncome": 50573198, "depreciation": 23585512, "changeToNetincome": 15996482, "changeToAccountReceivables": -1783081, "changeToLiabilities": 44205314, "changeToInventory": -122270944, "totalCashFromOperatingActivities": 10448602, "capitalExpenditures": -117835028, "otherCashflowsFromInvestingActivities": 1313956, "totalCashflowsFromInvestingActivities": -116521072, "netBorrowings": -10335003, "otherCashflowsFromFinancingActivities": -18784159, "totalCashFromFinancingActivities": 105206440, "changeInCash": -866030, "issuanceOfStock": 134325602}, {"maxAge": 1, "endDate": "2018-03-31", "netIncome": 33097611, "depreciation": 18767966, "changeToNetincome": 25955287, "changeToAccountReceivables": -18723602, "changeToLiabilities": -1063548, "changeToInventory": -24793214, "totalCashFromOperatingActivities": 33240500, "capitalExpenditures": -53191254, "otherCashflowsFromInvestingActivities": -3116812, "totalCashflowsFromInvestingActivities": -56308066, "netBorrowings": 43987757, "otherCashflowsFromFinancingActivities": -24308574, "totalCashFromFinancingActivities": 22867883, "changeInCash": -199683, "issuanceOfStock": 3188700}, {"maxAge": 1, "endDate": "2017-03-31", "netIncome": 15973973, "depreciation": 11601820, "changeToNetincome": 12992514, "changeToAccountReceivables": -14811014, "changeToLiabilities": 6905278, "changeToInventory": 8774310, "changeToOperatingActivities": 25067031, "totalCashFromOperatingActivities": 66557786, "capitalExpenditures": -77464495, "otherCashflowsFromInvestingActivities": 564258, "totalCashflowsFromInvestingActivities": -76900237, "netBorrowings": 29259911, "otherCashflowsFromFinancingActivities": -18518725, "totalCashFromFinancingActivities": 10741186, "changeInCash": 398735, "issuanceOfStock": 3188700}], "maxAge": 86400}, "institutionOwnership": {"maxAge": 1, "ownershipList": []}, "majorHoldersBreakdown": {"maxAge": 1}, "balanceSheetHistoryQuarterly": {"balanceSheetStatements": [{"maxAge": 1, "endDate": "2020-03-31", "cash": 327420, "shortTermInvestments": 22377659, "netReceivables": 116797555, "inventory": 307570253, "otherCurrentAssets": 16127613, "totalCurrentAssets": 465506904, "propertyPlantEquipment": 340546395, "intangibleAssets": 506791, "otherAssets": 9274901, "deferredLongTermAssetCharges": 2044011, "totalAssets": 815834991, "accountsPayable": 139085067, "shortLongTermDebt": 16547069, "otherCurrentLiab": 10934040, "longTermDebt": 44005898, "totalCurrentLiabilities": 379757901, "totalLiab": 494186901, "commonStock": 46611790, "retainedEarnings": 157214788, "capitalSurplus": 117821512, "totalStockholderEquity": 321648090, "netTangibleAssets": 321141299}, {"maxAge": 1, "endDate": "2019-12-31", "cash": 327420, "shortTermInvestments": 22377659, "netReceivables": 116797555, "inventory": 307570253, "otherCurrentAssets": 16127613, "totalCurrentAssets": 465506904, "propertyPlantEquipment": 340546395, "intangibleAssets": 506791, "otherAssets": 9274901, "deferredLongTermAssetCharges": 2044011, "totalAssets": 815834991, "accountsPayable": 139085067, "shortLongTermDebt": 16547069, "otherCurrentLiab": 10934040, "longTermDebt": 44005898, "totalCurrentLiabilities": 379757901, "totalLiab": 494186901, "commonStock": 46611790, "retainedEarnings": 157214788, "capitalSurplus": 117821512, "totalStockholderEquity": 321648090, "netTangibleAssets": 321141299}, {"maxAge": 1, "endDate": "2019-09-30", "cash": 23139000, "netReceivables": 161777000, "inventory": 308653000, "totalCurrentAssets": 493569000, "propertyPlantEquipment": 283982000, "intangibleAssets": 626000, "otherAssets": 7266000, "totalAssets": 785443000, "accountsPayable": 155772000, "otherCurrentLiab": 54624000, "longTermDebt": 56676000, "otherLiab": 3109000, "totalCurrentLiabilities": 415075000, "totalLiab": 474860000, "commonStock": 46612000, "treasuryStock": 263971000, "otherStockholderEquity": 263971000, "totalStockholderEquity": 310583000, "netTangibleAssets": 309957000}, {"maxAge": 1, "endDate": "2019-06-30", "cash": 23139000, "netReceivables": 161777000, "inventory": 308653000, "totalCurrentAssets": 493569000, "propertyPlantEquipment": 283982000, "intangibleAssets": 626000, "otherAssets": 7266000, "totalAssets": 785443000, "accountsPayable": 155772000, "otherCurrentLiab": 54624000, "longTermDebt": 56676000, "otherLiab": 3109000, "totalCurrentLiabilities": 415075000, "totalLiab": 474860000, "commonStock": 46612000, "treasuryStock": 263971000, "otherStockholderEquity": 263971000, "totalStockholderEquity": 310583000, "netTangibleAssets": 309957000}], "maxAge": 86400}, "indexTrend": {"maxAge": 1, "symbol": "SP5", "peRatio": 19.7411, "pegRatio": 1.34172, "estimates": [{"period": "0q", "growth": 0.549}, {"period": "+1q", "growth": 0.431}, {"period": "0y", "growth": 0.305}, {"period": "+1y", "growth": 0.109}, {"period": "+5y", "growth": 0.120865}, {"period": "-5y"}]}, "defaultKeyStatistics": {"maxAge": 1, "priceHint": 2, "enterpriseValue": 2144395904, "profitMargins": 0.06487, "floatShares": 1299257, "beta": 0.378334, "category": null, "bookValue": 19.716, "priceToBook": 5.6933455, "fundFamily": null, "legalType": null, "lastFiscalYearEnd": "2020-03-31 05:30:00", "nextFiscalYearEnd": "2022-03-31 05:30:00", "mostRecentQuarter": "2020-03-31 05:30:00", "earningsQuarterlyGrowth": -0.429, "netIncomeToCommon": 39402184, "trailingEps": 2.414, "lastSplitFactor": "7:2", "lastSplitDate": "2020-10-14 05:30:00", "enterpriseToRevenue": 3.53, "enterpriseToEbitda": 16.595, "52WeekChange": 0.5, "SandP52WeekChange": 0.48148263}, "summaryProfile": {"address1": "103/24/1, Foreshore Road", "address2": "Binani Metal Compound Shibpur", "city": "Howrah", "zip": "711102", "country": "India", "phone": "91 33 2637 3856", "fax": "91 33 2640 4674", "website": "http://www.irisclothings.in", "industry": "Apparel Manufacturing", "sector": "Consumer Cyclical", "longBusinessSummary": "Iris Clothings Limited engages in the design, manufacture, and sale of kids wear in India. It offers tops, T-shirts, pants, shorts, frocks, dresses, and towels for infants, boys, girls, women, and men under the DoReMe brand name. The company was founded in 2004 and is based in Howrah, India.", "fullTimeEmployees": 819, "companyOfficers": [], "maxAge": 86400}, "netSharePurchaseActivity": {"maxAge": 1, "period": "6m", "buyInfoCount": 0, "buyInfoShares": 0, "sellInfoCount": 0, "netInfoCount": 0, "netInfoShares": 0, "totalInsiderShares": 0}, "quoteType": {"exchange": "NSI", "quoteType": "EQUITY", "symbol": "IRISDOREME.NS", "underlyingSymbol": "IRISDOREME.NS", "shortName": "Iris Clothings Limited", "longName": "Iris Clothings Limited", "firstTradeDateEpochUtc": "2018-11-16 09:15:00", "timeZoneFullName": "Asia/Kolkata", "timeZoneShortName": "IST", "uuid": "02d8f099-beee-32a4-a082-d67afb184af1", "messageBoardId": "finmb_428288063", "gmtOffSetMilliseconds": 19800000, "maxAge": 1}, "incomeStatementHistory": {"incomeStatementHistory": [{"maxAge": 1, "endDate": "2020-03-31", "totalRevenue": 607427003, "costOfRevenue": 261953160, "grossProfit": 345473843, "researchDevelopment": {}, "sellingGeneralAdministrative": 112243623, "nonRecurring": {}, "otherOperatingExpenses": 96935994, "totalOperatingExpenses": 521228656, "operatingIncome": 86198347, "totalOtherIncomeExpenseNet": -30700953, "ebit": 86198347, "interestExpense": -32364025, "incomeBeforeTax": 55497394, "incomeTaxExpense": 16095210, "minorityInterest": {}, "netIncomeFromContinuingOps": 39402184, "discontinuedOperations": {}, "extraordinaryItems": {}, "effectOfAccountingCharges": {}, "otherItems": {}, "netIncome": 39402184, "netIncomeApplicableToCommonShares": 39402184}, {"maxAge": 1, "endDate": "2019-03-31", "totalRevenue": 620468402, "costOfRevenue": 298097679, "grossProfit": 322370723, "researchDevelopment": {}, "sellingGeneralAdministrative": 107271732, "nonRecurring": {}, "otherOperatingExpenses": 104271599, "totalOperatingExpenses": 533368643, "operatingIncome": 87099759, "totalOtherIncomeExpenseNet": -16263105, "ebit": 87099759, "interestExpense": -17950682, "incomeBeforeTax": 70836654, "incomeTaxExpense": 20263456, "minorityInterest": {}, "netIncomeFromContinuingOps": 50573198, "discontinuedOperations": {}, "extraordinaryItems": {}, "effectOfAccountingCharges": {}, "otherItems": {}, "netIncome": 50573198, "netIncomeApplicableToCommonShares": 50573198}, {"maxAge": 1, "endDate": "2018-03-31", "totalRevenue": 528668269, "costOfRevenue": 269963115, "grossProfit": 258705154, "researchDevelopment": {}, "sellingGeneralAdministrative": 89189320, "nonRecurring": {}, "otherOperatingExpenses": 81428450, "totalOperatingExpenses": 459348851, "operatingIncome": 69319418, "totalOtherIncomeExpenseNet": -22412964, "ebit": 69319418, "interestExpense": -23398543, "incomeBeforeTax": 46906454, "incomeTaxExpense": 13808843, "minorityInterest": {}, "netIncomeFromContinuingOps": 33097611, "discontinuedOperations": {}, "extraordinaryItems": {}, "effectOfAccountingCharges": {}, "otherItems": {}, "netIncome": 33097611, "netIncomeApplicableToCommonShares": 33097611}, {"maxAge": 1, "endDate": "2017-03-31", "totalRevenue": 466785895, "costOfRevenue": 285343899, "grossProfit": 181441996, "researchDevelopment": {}, "sellingGeneralAdministrative": 53294215, "nonRecurring": {}, "otherOperatingExpenses": 75841432, "totalOperatingExpenses": 426135240, "operatingIncome": 40650655, "totalOtherIncomeExpenseNet": -16470511, "ebit": 40650655, "interestExpense": -17578342, "incomeBeforeTax": 24180144, "incomeTaxExpense": 8206171, "minorityInterest": {}, "netIncomeFromContinuingOps": 15973973, "discontinuedOperations": {}, "extraordinaryItems": {}, "effectOfAccountingCharges": {}, "otherItems": {}, "netIncome": 15973973, "netIncomeApplicableToCommonShares": 15973973}], "maxAge": 86400}, "fundOwnership": {"maxAge": 1, "ownershipList": []}, "summaryDetail": {"maxAge": 1, "priceHint": 2, "previousClose": 105.7, "open": 107.0, "dayLow": 96.15, "dayHigh": 114.45, "regularMarketPreviousClose": 105.7, "regularMarketOpen": 107.0, "regularMarketDayLow": 96.15, "regularMarketDayHigh": 114.45, "payoutRatio": 0.0, "beta": 0.378334, "trailingPE": 46.499584, "volume": 55613, "regularMarketVolume": 55613, "averageVolume": 459, "averageVolume10days": 0, "averageDailyVolume10Day": 0, "bid": 0.0, "ask": 0.0, "fiftyTwoWeekLow": 28.5, "fiftyTwoWeekHigh": 114.45, "fiftyDayAverage": 60.0, "twoHundredDayAverage": 49.946503, "currency": "INR", "fromCurrency": null, "toCurrency": null, "lastMarket": null, "algorithm": null, "tradeable": false}, "incomeStatementHistoryQuarterly": {"incomeStatementHistory": [{"maxAge": 1, "endDate": "2020-03-31", "totalRevenue": 161763002, "costOfRevenue": 77029080, "grossProfit": 84733922, "researchDevelopment": {}, "sellingGeneralAdministrative": 32700312, "nonRecurring": {}, "otherOperatingExpenses": 20706497, "totalOperatingExpenses": 144778828, "operatingIncome": 16984174, "totalOtherIncomeExpenseNet": -9153477, "ebit": 16984174, "interestExpense": -9541513, "incomeBeforeTax": 7830697, "incomeTaxExpense": 513105, "minorityInterest": {}, "netIncomeFromContinuingOps": 7317592, "discontinuedOperations": {}, "extraordinaryItems": {}, "effectOfAccountingCharges": {}, "otherItems": {}, "netIncome": 7317592, "netIncomeApplicableToCommonShares": 7317592}, {"maxAge": 1, "endDate": "2019-12-31", "totalRevenue": 161763002, "costOfRevenue": 77029080, "grossProfit": 84733922, "researchDevelopment": {}, "sellingGeneralAdministrative": 32700312, "nonRecurring": {}, "otherOperatingExpenses": 20706497, "totalOperatingExpenses": 144778828, "operatingIncome": 16984174, "totalOtherIncomeExpenseNet": -9153477, "ebit": 16984174, "interestExpense": -9541513, "incomeBeforeTax": 7830697, "incomeTaxExpense": 513105, "minorityInterest": {}, "netIncomeFromContinuingOps": 7317592, "discontinuedOperations": {}, "extraordinaryItems": {}, "effectOfAccountingCharges": {}, "otherItems": {}, "netIncome": 7317592, "netIncomeApplicableToCommonShares": 7317592}, {"maxAge": 1, "endDate": "2019-09-30", "totalRevenue": 141950500, "costOfRevenue": 53947500, "grossProfit": 88003000, "researchDevelopment": {}, "sellingGeneralAdministrative": 23421500, "nonRecurring": {}, "otherOperatingExpenses": 27761500, "totalOperatingExpenses": 115835500, "operatingIncome": 26115000, "totalOtherIncomeExpenseNet": -6197000, "ebit": 26115000, "interestExpense": -6640500, "incomeBeforeTax": 19918000, "incomeTaxExpense": 7534500, "minorityInterest": {}, "netIncomeFromContinuingOps": 12383500, "discontinuedOperations": {}, "extraordinaryItems": {}, "effectOfAccountingCharges": {}, "otherItems": {}, "netIncome": 12383500, "netIncomeApplicableToCommonShares": 12383500}, {"maxAge": 1, "endDate": "2019-06-30", "totalRevenue": 141950500, "costOfRevenue": 53947500, "grossProfit": 88003000, "researchDevelopment": {}, "sellingGeneralAdministrative": 23421500, "nonRecurring": {}, "otherOperatingExpenses": 27761500, "totalOperatingExpenses": 115835500, "operatingIncome": 26115000, "totalOtherIncomeExpenseNet": -6197000, "ebit": 26115000, "interestExpense": -6640500, "incomeBeforeTax": 19918000, "incomeTaxExpense": 7534500, "minorityInterest": {}, "netIncomeFromContinuingOps": 12383500, "discontinuedOperations": {}, "extraordinaryItems": {}, "effectOfAccountingCharges": {}, "otherItems": {}, "netIncome": 12383500, "netIncomeApplicableToCommonShares": 12383500}], "maxAge": 86400}, "cashflowStatementHistoryQuarterly": {"cashflowStatements": [{"maxAge": 1, "endDate": "2020-03-31", "netIncome": 7317592, "depreciation": 14224022, "changeToNetincome": 3248711, "changeToAccountReceivables": -3532513, "changeToLiabilities": -2440272, "changeToInventory": 541210, "totalCashFromOperatingActivities": 19478168, "capitalExpenditures": -4952410, "otherCashflowsFromInvestingActivities": 403042, "totalCashflowsFromInvestingActivities": -4549368, "netBorrowings": -5838727, "otherCashflowsFromFinancingActivities": -9672055, "totalCashFromFinancingActivities": -15510782, "changeInCash": -581982}, {"maxAge": 1, "endDate": "2019-12-31", "netIncome": 7317592, "depreciation": 14224022, "changeToNetincome": 3248711, "changeToAccountReceivables": -3532513, "changeToLiabilities": -2440272, "changeToInventory": 541210, "totalCashFromOperatingActivities": 19478168, "capitalExpenditures": -4952410, "otherCashflowsFromInvestingActivities": 403042, "totalCashflowsFromInvestingActivities": -4549368, "netBorrowings": -5838727, "otherCashflowsFromFinancingActivities": -9672055, "totalCashFromFinancingActivities": -15510782, "changeInCash": -581982}, {"maxAge": 1, "endDate": "2019-09-30", "netIncome": 12383500, "depreciation": 10704500, "changeToNetincome": 10526500, "changeToAccountReceivables": -9864000, "changeToLiabilities": 22458000, "changeToInventory": -38025000, "totalCashFromOperatingActivities": 8183500, "capitalExpenditures": -31491500, "otherCashflowsFromInvestingActivities": 378500, "totalCashflowsFromInvestingActivities": -31113000, "netBorrowings": 30089000, "otherCashflowsFromFinancingActivities": -6640500, "totalCashFromFinancingActivities": 23448500, "changeInCash": 519000}, {"maxAge": 1, "endDate": "2019-06-30", "netIncome": 12383500, "depreciation": 10704500, "changeToNetincome": 10526500, "changeToAccountReceivables": -9864000, "changeToLiabilities": 22458000, "changeToInventory": -38025000, "totalCashFromOperatingActivities": 8183500, "capitalExpenditures": -31491500, "otherCashflowsFromInvestingActivities": 378500, "totalCashflowsFromInvestingActivities": -31113000, "netBorrowings": 30089000, "otherCashflowsFromFinancingActivities": -6640500, "totalCashFromFinancingActivities": 23448500, "changeInCash": 519000}], "maxAge": 86400}, "insiderHolders": {"holders": [], "maxAge": 1}, "calendarEvents": {"maxAge": 1, "earnings": {"earningsDate": []}}, "price": {"maxAge": 1, "regularMarketChangePercent": 0.061967865, "regularMarketChange": 6.550003, "regularMarketTime": "2021-04-30 15:29:43", "priceHint": 2, "regularMarketPrice": 112.25, "regularMarketDayHigh": 114.45, "regularMarketDayLow": 96.15, "regularMarketVolume": 55613, "averageDailyVolume10Day": 0, "averageDailyVolume3Month": 459, "regularMarketPreviousClose": 105.7, "regularMarketSource": "FREE_REALTIME", "regularMarketOpen": 107.0, "exchange": "NSI", "exchangeName": "NSE", "exchangeDataDelayedBy": 15, "marketState": "CLOSED", "quoteType": "EQUITY", "symbol": "IRISDOREME.NS", "underlyingSymbol": null, "shortName": "Iris Clothings Limited", "longName": "Iris Clothings Limited", "currency": "INR", "quoteSourceName": "Delayed Quote", "currencySymbol": "\u20b9", "fromCurrency": null, "toCurrency": null, "lastMarket": null}, "balanceSheetHistory": {"balanceSheetStatements": [{"maxAge": 1, "endDate": "2020-03-31", "cash": 327420, "shortTermInvestments": 22377659, "netReceivables": 116797555, "inventory": 307570253, "otherCurrentAssets": 16127613, "totalCurrentAssets": 465506904, "propertyPlantEquipment": 340546395, "intangibleAssets": 506791, "otherAssets": 9274901, "deferredLongTermAssetCharges": 2044011, "totalAssets": 815834991, "accountsPayable": 139085067, "shortLongTermDebt": 16547069, "otherCurrentLiab": 10934040, "longTermDebt": 44005898, "totalCurrentLiabilities": 379757901, "totalLiab": 494186901, "commonStock": 46611790, "retainedEarnings": 157214788, "capitalSurplus": 117821512, "totalStockholderEquity": 321648090, "netTangibleAssets": 321141299}, {"maxAge": 1, "endDate": "2019-03-31", "cash": 453384, "shortTermInvestments": 20968374, "netReceivables": 98437098, "inventory": 232602676, "otherCurrentAssets": 11448734, "totalCurrentAssets": 364499298, "propertyPlantEquipment": 242804304, "intangibleAssets": 229627, "otherAssets": 8706158, "deferredLongTermAssetCharges": 1980398, "totalAssets": 616239387, "accountsPayable": 96615981, "shortLongTermDebt": 10934528, "otherCurrentLiab": 14114189, "longTermDebt": 39711100, "totalCurrentLiabilities": 290712484, "totalLiab": 330423584, "commonStock": 46611790, "retainedEarnings": 121382501, "capitalSurplus": 117821512, "totalStockholderEquity": 285815803, "netTangibleAssets": 285586176}, {"maxAge": 1, "endDate": "2018-03-31", "cash": 1319414, "netReceivables": 105492549, "inventory": 110331731, "otherCurrentAssets": 41030255, "totalCurrentAssets": 258173949, "propertyPlantEquipment": 148679588, "intangibleAssets": 246948, "otherAssets": 5387612, "deferredLongTermAssetCharges": 639526, "totalAssets": 412488097, "accountsPayable": 64198750, "shortLongTermDebt": 12603015, "otherCurrentLiab": 15169336, "longTermDebt": 62742376, "otherLiab": 1777345, "totalCurrentLiabilities": 246662888, "totalLiab": 311182609, "commonStock": 28100000, "retainedEarnings": 71197788, "capitalSurplus": 2007700, "totalStockholderEquity": 101305488, "netTangibleAssets": 101058540}, {"maxAge": 1, "endDate": "2017-03-31", "cash": 1519098, "netReceivables": 86831817, "inventory": 85538518, "otherCurrentAssets": 22722768, "totalCurrentAssets": 196612201, "propertyPlantEquipment": 115454384, "otherAssets": 6174114, "deferredLongTermAssetCharges": 1494304, "totalAssets": 318240699, "accountsPayable": 67355342, "shortLongTermDebt": 15205968, "otherCurrentLiab": 2437436, "longTermDebt": 49284755, "otherLiab": 715578, "totalCurrentLiabilities": 203913979, "totalLiab": 253914312, "commonStock": 26919000, "retainedEarnings": 37407387, "totalStockholderEquity": 64326387, "netTangibleAssets": 64326387}], "maxAge": 86400}, "financialData": {"maxAge": 86400, "currentPrice": 112.25, "recommendationKey": "none", "totalCash": 22705080, "totalCashPerShare": 1.392, "ebitda": 129216544, "totalDebt": 335840288, "quickRatio": 0.366, "currentRatio": 1.226, "totalRevenue": 607427008, "debtToEquity": 104.412, "revenuePerShare": 37.233, "returnOnAssets": 0.07524, "returnOnEquity": 0.12973, "grossProfits": 345473843, "freeCashflow": -48834580, "operatingCashflow": 55323336, "earningsGrowth": -0.629, "revenueGrowth": 0.039, "grossMargins": 0.56875, "ebitdaMargins": 0.21273, "operatingMargins": 0.14191, "profitMargins": 0.06487, "financialCurrency": "INR"}}}