{"ISFL.BO": {"cashflowStatementHistory": {"cashflowStatements": [{"maxAge": 1, "endDate": "2020-03-31", "netIncome": 162582, "changeToNetincome": 1308196, "changeToAccountReceivables": 6393607, "changeToLiabilities": -726632, "totalCashFromOperatingActivities": 7137753, "totalCashflowsFromInvestingActivities": 750000, "netBorrowings": -7899815, "otherCashflowsFromFinancingActivities": -1205201, "totalCashFromFinancingActivities": -9105016, "changeInCash": -1217263}, {"maxAge": 1, "endDate": "2019-03-31", "netIncome": 283456, "changeToNetincome": 2147704, "changeToAccountReceivables": 2471136, "changeToLiabilities": -1627471, "totalCashFromOperatingActivities": 3274825, "totalCashflowsFromInvestingActivities": 750000, "netBorrowings": -171409, "otherCashflowsFromFinancingActivities": -2147704, "totalCashFromFinancingActivities": -2319113, "changeInCash": 955712}, {"maxAge": 1, "endDate": "2018-03-31", "netIncome": 237420, "depreciation": 38017, "changeToNetincome": 2147704, "changeToAccountReceivables": 2471136, "changeToLiabilities": -1355385, "changeToOperatingActivities": 4751032, "totalCashFromOperatingActivities": 3671084, "totalCashflowsFromInvestingActivities": 750000, "netBorrowings": -3878000, "otherCashflowsFromFinancingActivities": -2147704, "totalCashFromFinancingActivities": -3878000, "changeInCash": -206916}, {"maxAge": 1, "endDate": "2017-03-31", "netIncome": 233649, "depreciation": 62670, "changeToNetincome": 2147704, "changeToAccountReceivables": 2471136, "changeToLiabilities": 1732816, "changeToOperatingActivities": -13696753, "totalCashFromOperatingActivities": -11667618, "totalCashflowsFromInvestingActivities": 750000, "netBorrowings": 1163766, "otherCashflowsFromFinancingActivities": 7500000, "totalCashFromFinancingActivities": 8663766, "changeInCash": -3003852}], "maxAge": 86400}, "institutionOwnership": {"ownershipList": [], "maxAge": 1}, "balanceSheetHistoryQuarterly": {"balanceSheetStatements": [{"maxAge": 1, "endDate": "2020-06-30", "totalStockholderEquity": 132255000, "netTangibleAssets": 132255000}, {"maxAge": 1, "endDate": "2020-03-31", "cash": 384008, "netReceivables": 151031627, "inventory": 3260550, "otherCurrentAssets": 2356762, "totalCurrentAssets": 157032947, "otherAssets": 832317, "deferredLongTermAssetCharges": 187827, "totalAssets": 157865264, "accountsPayable": 448538, "otherLiab": 722411, "totalCurrentLiabilities": 24888239, "totalLiab": 25610650, "commonStock": 95000000, "retainedEarnings": 29754614, "treasuryStock": 7500000, "otherStockholderEquity": 7500000, "totalStockholderEquity": 132254614, "netTangibleAssets": 132254614}, {"maxAge": 1, "endDate": "2019-12-31", "totalStockholderEquity": 128855000, "netTangibleAssets": 128855000}, {"maxAge": 1, "endDate": "2019-09-30", "cash": 1942000, "netReceivables": 155565000, "otherCurrentAssets": 2163000, "totalCurrentAssets": 159670000, "propertyPlantEquipment": 853000, "otherAssets": 3937000, "deferredLongTermAssetCharges": 135000, "totalAssets": 164460000, "accountsPayable": 569000, "otherCurrentLiab": 1301000, "otherLiab": 658000, "totalCurrentLiabilities": 34947000, "totalLiab": 35605000, "commonStock": 95000000, "treasuryStock": 33855000, "otherStockholderEquity": 33855000, "totalStockholderEquity": 128855000, "netTangibleAssets": 128855000}], "maxAge": 86400}, "indexTrend": {"maxAge": 1, "symbol": "SP5", "peRatio": 19.7411, "pegRatio": 1.34172, "estimates": [{"period": "0q", "growth": 0.549}, {"period": "+1q", "growth": 0.431}, {"period": "0y", "growth": 0.305}, {"period": "+1y", "growth": 0.109}, {"period": "+5y", "growth": 0.120859005}, {"period": "-5y"}]}, "insiderTransactions": {"transactions": [{"maxAge": 1, "shares": 4514910, "filerUrl": "", "transactionText": "", "filerName": "Singh (Simbal)", "filerRelation": "Promoter", "moneyText": "", "startDate": "2020-10-21", "ownership": "D"}, {"maxAge": 1, "shares": 1683917, "filerUrl": "", "transactionText": "", "filerName": "Singh (Simbal)", "filerRelation": "Promoter", "moneyText": "", "startDate": "2020-09-07", "ownership": "D"}, {"maxAge": 1, "shares": 1567125, "filerUrl": "", "transactionText": "", "filerName": "Bhaseen (Harsh)", "filerRelation": "UNREPORTED", "moneyText": "", "startDate": "2020-07-14", "ownership": "D"}, {"maxAge": 1, "shares": 4000000, "filerUrl": "", "transactionText": "", "filerName": "Singh (Simbal)", "filerRelation": "Promoter", "moneyText": "", "startDate": "2012-03-30", "ownership": "D"}], "maxAge": 1}, "quoteType": {"exchange": "BSE", "quoteType": "EQUITY", "symbol": "ISFL.BO", "underlyingSymbol": "ISFL.BO", "shortName": "ISF LIMITED", "longName": "ISF Limited", "firstTradeDateEpochUtc": "2002-02-27 09:15:00", "timeZoneFullName": "Asia/Kolkata", "timeZoneShortName": "IST", "uuid": "29b68d40-8a58-3095-afc4-ead77904638a", "gmtOffSetMilliseconds": 19800000, "maxAge": 1}, "incomeStatementHistory": {"incomeStatementHistory": [{"maxAge": 1, "endDate": "2020-03-31", "totalRevenue": 12815838, "costOfRevenue": 0, "grossProfit": 12815838, "researchDevelopment": {}, "sellingGeneralAdministrative": 2403334, "nonRecurring": {}, "otherOperatingExpenses": 1499802, "totalOperatingExpenses": 12750178, "operatingIncome": 65660, "totalOtherIncomeExpenseNet": 158554, "ebit": 0, "interestExpense": {}, "incomeBeforeTax": 224214, "incomeTaxExpense": 61632, "minorityInterest": {}, "netIncomeFromContinuingOps": 162582, "discontinuedOperations": {}, "extraordinaryItems": {}, "effectOfAccountingCharges": {}, "otherItems": {}, "netIncome": 162582, "netIncomeApplicableToCommonShares": 162582}, {"maxAge": 1, "endDate": "2019-03-31", "totalRevenue": 12667952, "costOfRevenue": 0, "grossProfit": 12667952, "researchDevelopment": {}, "sellingGeneralAdministrative": 2647632, "nonRecurring": {}, "otherOperatingExpenses": 2140795, "totalOperatingExpenses": 12285305, "operatingIncome": 382647, "totalOtherIncomeExpenseNet": 0, "ebit": 0, "interestExpense": {}, "incomeBeforeTax": 382647, "incomeTaxExpense": 99191, "minorityInterest": {}, "netIncomeFromContinuingOps": 283456, "discontinuedOperations": {}, "extraordinaryItems": {}, "effectOfAccountingCharges": {}, "otherItems": {}, "netIncome": 283456, "netIncomeApplicableToCommonShares": 283456}, {"maxAge": 1, "endDate": "2018-03-31", "totalRevenue": 8873026, "costOfRevenue": 463453, "grossProfit": 8409573, "researchDevelopment": {}, "sellingGeneralAdministrative": 2497865, "nonRecurring": {}, "otherOperatingExpenses": 1442508, "totalOperatingExpenses": 8503849, "operatingIncome": 369177, "totalOtherIncomeExpenseNet": 17, "ebit": 0, "interestExpense": {}, "incomeBeforeTax": 369194, "incomeTaxExpense": 131774, "minorityInterest": {}, "netIncomeFromContinuingOps": 237420, "discontinuedOperations": {}, "extraordinaryItems": {}, "effectOfAccountingCharges": {}, "otherItems": {}, "netIncome": 237420, "netIncomeApplicableToCommonShares": 237420}, {"maxAge": 1, "endDate": "2017-03-31", "totalRevenue": 6823404, "costOfRevenue": 197387, "grossProfit": 6626017, "researchDevelopment": {}, "sellingGeneralAdministrative": 2397649, "nonRecurring": {}, "otherOperatingExpenses": 1676392, "totalOperatingExpenses": 6502927, "operatingIncome": 320477, "totalOtherIncomeExpenseNet": 18752, "ebit": 0, "interestExpense": {}, "incomeBeforeTax": 339229, "incomeTaxExpense": 105580, "minorityInterest": {}, "netIncomeFromContinuingOps": 233649, "discontinuedOperations": {}, "extraordinaryItems": {}, "effectOfAccountingCharges": {}, "otherItems": {}, "netIncome": 233649, "netIncomeApplicableToCommonShares": 233649}], "maxAge": 86400}, "fundOwnership": {"ownershipList": [], "maxAge": 1}, "summaryDetail": {"maxAge": 1, "priceHint": 4, "previousClose": 1.55, "open": 1.52, "dayLow": 1.52, "dayHigh": 1.62, "regularMarketPreviousClose": 1.55, "regularMarketOpen": 1.52, "regularMarketDayLow": 1.52, "regularMarketDayHigh": 1.62, "trailingPE": 26.129032, "volume": 11280, "regularMarketVolume": 11280, "averageVolume": 8689, "averageVolume10days": 6245, "averageDailyVolume10Day": 6245, "bid": 1.62, "ask": 0.0, "bidSize": 0, "askSize": 0, "marketCap": 153900000, "fiftyTwoWeekLow": 0.22, "fiftyTwoWeekHigh": 1.62, "fiftyDayAverage": 0.6609091, "twoHundredDayAverage": 0.732353, "currency": "INR", "fromCurrency": null, "lastMarket": null, "algorithm": null, "tradeable": false}, "incomeStatementHistoryQuarterly": {"incomeStatementHistory": [{"maxAge": 1, "endDate": "2020-06-30", "totalRevenue": 13549000, "costOfRevenue": 0, "grossProfit": 13549000, "researchDevelopment": {}, "sellingGeneralAdministrative": 514000, "nonRecurring": {}, "otherOperatingExpenses": 12165000, "totalOperatingExpenses": 12679000, "operatingIncome": 870000, "totalOtherIncomeExpenseNet": 0, "ebit": 0, "interestExpense": {}, "incomeBeforeTax": 870000, "incomeTaxExpense": 1170000, "minorityInterest": {}, "netIncomeFromContinuingOps": -300000, "discontinuedOperations": {}, "extraordinaryItems": {}, "effectOfAccountingCharges": {}, "otherItems": {}, "netIncome": -300000, "netIncomeApplicableToCommonShares": -300000}, {"maxAge": 1, "endDate": "2020-03-31", "totalRevenue": 3174838, "costOfRevenue": 0, "grossProfit": 3174838, "researchDevelopment": {}, "sellingGeneralAdministrative": 716334, "nonRecurring": {}, "otherOperatingExpenses": -8566198, "totalOperatingExpenses": 997178, "operatingIncome": 2177660, "totalOtherIncomeExpenseNet": 158554, "ebit": 0, "interestExpense": {}, "incomeBeforeTax": 2336214, "incomeTaxExpense": 49632, "minorityInterest": {}, "netIncomeFromContinuingOps": 2286582, "discontinuedOperations": {}, "extraordinaryItems": {}, "effectOfAccountingCharges": {}, "otherItems": {}, "netIncome": 2286582, "netIncomeApplicableToCommonShares": 2286582}, {"maxAge": 1, "endDate": "2019-12-31", "totalRevenue": 1835000, "costOfRevenue": 0, "grossProfit": 1835000, "researchDevelopment": {}, "sellingGeneralAdministrative": 472000, "nonRecurring": {}, "otherOperatingExpenses": 245000, "totalOperatingExpenses": 717000, "operatingIncome": 1118000, "totalOtherIncomeExpenseNet": 0, "ebit": 0, "interestExpense": {}, "incomeBeforeTax": 1118000, "incomeTaxExpense": 5000, "minorityInterest": {}, "netIncomeFromContinuingOps": 1113000, "discontinuedOperations": {}, "extraordinaryItems": {}, "effectOfAccountingCharges": {}, "otherItems": {}, "netIncome": 1113000, "netIncomeApplicableToCommonShares": 1113000}, {"maxAge": 1, "endDate": "2019-09-30", "totalRevenue": 4122000, "costOfRevenue": 0, "grossProfit": 4122000, "researchDevelopment": {}, "sellingGeneralAdministrative": 607000, "nonRecurring": {}, "otherOperatingExpenses": 706000, "totalOperatingExpenses": 1313000, "operatingIncome": 2809000, "totalOtherIncomeExpenseNet": 0, "ebit": 0, "interestExpense": {}, "incomeBeforeTax": 2809000, "incomeTaxExpense": 2000, "minorityInterest": {}, "netIncomeFromContinuingOps": 2807000, "discontinuedOperations": {}, "extraordinaryItems": {}, "effectOfAccountingCharges": {}, "otherItems": {}, "netIncome": 2807000, "netIncomeApplicableToCommonShares": 2807000}], "maxAge": 86400}, "cashflowStatementHistoryQuarterly": {"cashflowStatements": [{"maxAge": 1, "endDate": "2020-06-30", "netIncome": -300000, "changeToLiabilities": 0}, {"maxAge": 1, "endDate": "2020-03-31", "netIncome": 2286582, "changeToLiabilities": 0}, {"maxAge": 1, "endDate": "2019-12-31", "netIncome": 1113000, "changeToLiabilities": 0}, {"maxAge": 1, "endDate": "2019-09-30", "netIncome": 2807000, "changeToLiabilities": 0}], "maxAge": 86400}, "insiderHolders": {"holders": [{"maxAge": 1, "name": "Bhaseen (Harsh)", "relation": "UNREPORTED", "url": "", "transactionDescription": "Sale", "latestTransDate": "2020-07-14", "positionDirect": 2687348, "positionDirectDate": "2020-07-14"}, {"maxAge": 1, "name": "Singh (Simbal)", "relation": "Promoter", "url": "", "transactionDescription": "Sale", "latestTransDate": "2020-10-21", "positionDirect": 6230851, "positionDirectDate": "2020-10-21"}], "maxAge": 1}, "calendarEvents": {"maxAge": 1, "earnings": {"earningsDate": []}}, "upgradeDowngradeHistory": {"history": [], "maxAge": 86400}, "price": {"maxAge": 1, "regularMarketChangePercent": 0.04516132, "regularMarketChange": 0.07000005, "regularMarketTime": "2021-04-30 13:15:00", "priceHint": 4, "regularMarketPrice": 1.62, "regularMarketDayHigh": 1.62, "regularMarketDayLow": 1.52, "regularMarketVolume": 11280, "averageDailyVolume10Day": 6245, "averageDailyVolume3Month": 8689, "regularMarketPreviousClose": 1.55, "regularMarketSource": "FREE_REALTIME", "regularMarketOpen": 1.52, "exchange": "BSE", "exchangeName": "BSE", "exchangeDataDelayedBy": 0, "marketState": "CLOSED", "quoteType": "EQUITY", "symbol": "ISFL.BO", "underlyingSymbol": null, "shortName": "ISF LIMITED", "longName": "ISF Limited", "currency": "INR", "quoteSourceName": "Delayed Quote", "currencySymbol": "\u20b9", "fromCurrency": null, "lastMarket": null, "marketCap": 153900000}, "balanceSheetHistory": {"balanceSheetStatements": [{"maxAge": 1, "endDate": "2020-03-31", "cash": 384008, "netReceivables": 151031627, "inventory": 3260550, "otherCurrentAssets": 2356762, "totalCurrentAssets": 157032947, "otherAssets": 832317, "deferredLongTermAssetCharges": 187827, "totalAssets": 157865264, "accountsPayable": 448538, "otherLiab": 722411, "totalCurrentLiabilities": 24888239, "totalLiab": 25610650, "commonStock": 95000000, "retainedEarnings": 29754614, "treasuryStock": 7500000, "otherStockholderEquity": 7500000, "totalStockholderEquity": 132254614, "netTangibleAssets": 132254614}, {"maxAge": 1, "endDate": "2019-03-31", "cash": 1716895, "netReceivables": 150510203, "inventory": 3260550, "otherCurrentAssets": 9337087, "totalCurrentAssets": 164824735, "propertyPlantEquipment": 852994, "otherAssets": 767024, "deferredLongTermAssetCharges": 142459, "totalAssets": 166444753, "accountsPayable": 474125, "otherLiab": 641862, "totalCurrentLiabilities": 33710859, "totalLiab": 34352721, "commonStock": 95000000, "retainedEarnings": 29592032, "treasuryStock": 7500000, "otherStockholderEquity": 7500000, "totalStockholderEquity": 132092032, "netTangibleAssets": 132092032}, {"maxAge": 1, "endDate": "2018-03-31", "cash": 576322, "netReceivables": 139267255, "otherCurrentAssets": 25612024, "totalCurrentAssets": 165455601, "propertyPlantEquipment": 852994, "otherAssets": 1466721, "deferredLongTermAssetCharges": 164650, "totalAssets": 167775316, "accountsPayable": 1546185, "otherLiab": 609312, "totalCurrentLiabilities": 35357428, "totalLiab": 35966740, "commonStock": 95000000, "retainedEarnings": 29308576, "treasuryStock": 7500000, "otherStockholderEquity": 7500000, "totalStockholderEquity": 131808576, "netTangibleAssets": 131808576}, {"maxAge": 1, "endDate": "2017-03-31", "cash": 783238, "netReceivables": 124552855, "otherCurrentAssets": 45025353, "totalCurrentAssets": 170361446, "propertyPlantEquipment": 891011, "otherAssets": 1518825, "deferredLongTermAssetCharges": 218424, "totalAssets": 172771282, "accountsPayable": 2532030, "otherLiab": 576761, "totalCurrentLiabilities": 40623365, "totalLiab": 41200126, "commonStock": 95000000, "retainedEarnings": 29071156, "treasuryStock": 7500000, "otherStockholderEquity": 7500000, "totalStockholderEquity": 131571156, "netTangibleAssets": 131571156}], "maxAge": 86400}, "financialData": {"maxAge": 86400, "currentPrice": 1.62, "recommendationKey": "none", "grossProfits": 12815838, "financialCurrency": "INR"}}}