{"ISFT.NS": {"assetProfile": {"address1": "145, Rash Behari Avenue", "address2": "Suite 301", "city": "Kolkata", "zip": "700029", "country": "India", "phone": "91 33 4023 1234", "fax": "91 33 2464 6584", "website": "http://www.itlindia.com", "industry": "Internet Retail", "sector": "Consumer Cyclical", "longBusinessSummary": "IntraSoft Technologies Limited, through its subsidiaries, develops and delivers e-commerce and e-cards through Internet platform in India and internationally. It owns and operates 123stores.com, an e-commerce retail portal that sells furniture, patio, lawn and garden, and sports and outdoor products, as well as musical instruments and gadgets, home improvement products, art crafts, kitchen dining products and appliances, toys, games and baby products, and others; 123Greetings.com, which offers approximately 42,000 e-cards across various languages covering 3,000 seasonal and everyday categories; and 123Greetings Studio, a platform for artists to upload and monetize their own e-cards. The company also sells its products through online marketplaces, such as Amazon.com, Amazon Canada, eBay.com, Rakuten.com, Sears.com, Jet.com, and Newegg. IntraSoft Technologies Limited was incorporated in 1996 and is based in Kolkata, India.", "fullTimeEmployees": 80, "companyOfficers": [{"maxAge": 1, "name": "Mr. Arvind  Kajaria", "age": 56, "title": "Co-Founder, Exec. Chairman & MD", "yearBorn": 1964, "fiscalYear": 2020, "totalPay": 7211000, "exercisedValue": 0, "unexercisedValue": 0}, {"maxAge": 1, "name": "Mr. Sharad  Kajaria", "age": 44, "title": "Co-Founder & Whole Time Director", "yearBorn": 1976, "fiscalYear": 2020, "totalPay": 6761000, "exercisedValue": 0, "unexercisedValue": 0}, {"maxAge": 1, "name": "Mr. Mohit Kumar Jha C.A.", "age": 42, "title": "Chief Financial Officer", "yearBorn": 1978, "exercisedValue": 0, "unexercisedValue": 0}, {"maxAge": 1, "name": "Mr. Pranvesh  Tripathi", "age": 45, "title": "Company Sec. & Compliance Officer", "yearBorn": 1975, "exercisedValue": 0, "unexercisedValue": 0}, {"maxAge": 1, "name": "Sajal Kumar Basu", "age": 38, "title": "Technical Head", "yearBorn": 1982, "exercisedValue": 0, "unexercisedValue": 0}, {"maxAge": 1, "name": "Anibha  Tulsian", "age": 45, "title": "Sr. Mang. of Admin.", "yearBorn": 1975, "exercisedValue": 0, "unexercisedValue": 0}, {"maxAge": 1, "name": "Ms. Purvangi  Jain", "title": "Bus. Devel. Head", "exercisedValue": 0, "unexercisedValue": 0}, {"maxAge": 1, "name": "Rajat  Kapur", "age": 40, "title": "Sr. Mang. of Sales", "yearBorn": 1980, "exercisedValue": 0, "unexercisedValue": 0}, {"maxAge": 1, "name": "Mr. Mukesh Kumar Goel", "age": 53, "title": "Gen. Mang.", "yearBorn": 1967, "exercisedValue": 0, "unexercisedValue": 0}, {"maxAge": 1, "name": "Mr. Neeraj  Singhvi", "age": 50, "title": "Mang. of Technology", "yearBorn": 1970, "exercisedValue": 0, "unexercisedValue": 0}], "compensationAsOfEpochDate": "2020-12-31 05:30:00", "maxAge": 86400}, "recommendationTrend": {"trend": [{"period": "0m", "strongBuy": 0, "buy": 0, "hold": 0, "sell": 0, "strongSell": 0}, {"period": "-1m", "strongBuy": 2, "buy": 1, "hold": 0, "sell": 0, "strongSell": 0}, {"period": "-2m", "strongBuy": 2, "buy": 1, "hold": 0, "sell": 0, "strongSell": 0}, {"period": "-3m", "strongBuy": 2, "buy": 0, "hold": 0, "sell": 0, "strongSell": 0}], "maxAge": 86400}, "cashflowStatementHistory": {"cashflowStatements": [{"maxAge": 1, "endDate": "2020-03-31", "netIncome": 21087000, "depreciation": 39689000, "changeToNetincome": 4145000, "changeToAccountReceivables": 88245000, "changeToLiabilities": -54774000, "changeToInventory": -237085000, "changeToOperatingActivities": 9518000, "totalCashFromOperatingActivities": -127921000, "capitalExpenditures": -16757000, "investments": 69696000, "otherCashflowsFromInvestingActivities": 13704000, "totalCashflowsFromInvestingActivities": -5951000, "dividendsPaid": -35642000, "netBorrowings": 249401000, "otherCashflowsFromFinancingActivities": -47116000, "totalCashFromFinancingActivities": 166643000, "effectOfExchangeRate": 36769000, "changeInCash": 69540000}, {"maxAge": 1, "endDate": "2019-03-31", "netIncome": 56645000, "depreciation": 16279000, "changeToNetincome": -71187000, "changeToAccountReceivables": 21126000, "changeToLiabilities": -119630000, "changeToInventory": 248230000, "changeToOperatingActivities": 6806000, "totalCashFromOperatingActivities": 159609000, "capitalExpenditures": -12108000, "investments": 9634000, "otherCashflowsFromInvestingActivities": 15322000, "totalCashflowsFromInvestingActivities": -81996000, "dividendsPaid": -35253000, "netBorrowings": -100914000, "otherCashflowsFromFinancingActivities": -49795000, "totalCashFromFinancingActivities": -185962000, "effectOfExchangeRate": 2843000, "changeInCash": -105506000}, {"maxAge": 1, "endDate": "2018-03-31", "netIncome": 137315000, "depreciation": 18126000, "changeToNetincome": -12821000, "changeToAccountReceivables": -28766000, "changeToLiabilities": 176080000, "changeToInventory": -826490000, "changeToOperatingActivities": -10489000, "totalCashFromOperatingActivities": -545614000, "capitalExpenditures": -7954000, "investments": 39198000, "otherCashflowsFromInvestingActivities": 5110000, "totalCashflowsFromInvestingActivities": 7024000, "dividendsPaid": -35402000, "netBorrowings": 632552000, "otherCashflowsFromFinancingActivities": -26433000, "totalCashFromFinancingActivities": 570717000, "effectOfExchangeRate": 2496000, "changeInCash": 34623000}, {"maxAge": 1, "endDate": "2017-03-31", "netIncome": 132828000, "depreciation": 17170000, "changeToNetincome": 8651000, "changeToAccountReceivables": -3480000, "changeToLiabilities": -149958000, "changeToInventory": 140478000, "changeToOperatingActivities": 246277000, "totalCashFromOperatingActivities": 393540000, "capitalExpenditures": -20151000, "investments": -76333000, "otherCashflowsFromInvestingActivities": 14860000, "totalCashflowsFromInvestingActivities": -81539000, "dividendsPaid": -35345000, "netBorrowings": -204044000, "otherCashflowsFromFinancingActivities": -35832000, "totalCashFromFinancingActivities": -275221000, "effectOfExchangeRate": -6396000, "changeInCash": 30384000}], "maxAge": 86400}, "indexTrend": {"maxAge": 1, "symbol": "SP5", "peRatio": 19.7411, "pegRatio": 1.34172, "estimates": [{"period": "0q", "growth": 0.549}, {"period": "+1q", "growth": 0.431}, {"period": "0y", "growth": 0.305}, {"period": "+1y", "growth": 0.109}, {"period": "+5y", "growth": 0.120865}, {"period": "-5y"}]}, "defaultKeyStatistics": {"maxAge": 1, "priceHint": 2, "enterpriseValue": 1583609728, "forwardPE": 6.7171717, "profitMargins": 0.010570001, "floatShares": 6444613, "sharesOutstanding": 14731700, "heldPercentInsiders": 0.56256, "heldPercentInstitutions": 0.11757, "beta": 1.663316, "category": null, "bookValue": 101.075, "priceToBook": 0.85530543, "fundFamily": null, "legalType": null, "lastFiscalYearEnd": "2020-03-31 05:30:00", "nextFiscalYearEnd": "2022-03-31 05:30:00", "mostRecentQuarter": "2020-12-31 05:30:00", "earningsQuarterlyGrowth": 2.237, "netIncomeToCommon": 66719000, "trailingEps": 4.514, "forwardEps": 12.87, "lastSplitFactor": null, "enterpriseToRevenue": 0.251, "enterpriseToEbitda": 41.692, "52WeekChange": 1.3145916, "SandP52WeekChange": 0.48148263, "lastDividendValue": 1.0, "lastDividendDate": 1603238400}, "industryTrend": {"maxAge": 1, "symbol": null, "estimates": []}, "quoteType": {"exchange": "NSI", "quoteType": "EQUITY", "symbol": "ISFT.NS", "underlyingSymbol": "ISFT.NS", "shortName": "INTRASOFT TECHNOLO", "longName": "IntraSoft Technologies Limited", "firstTradeDateEpochUtc": "2010-04-12 09:15:00", "timeZoneFullName": "Asia/Kolkata", "timeZoneShortName": "IST", "uuid": "9b7e0e99-aac5-3d90-89a4-3b8013ded0e1", "messageBoardId": "finmb_40453759", "gmtOffSetMilliseconds": 19800000, "maxAge": 1}, "incomeStatementHistory": {"incomeStatementHistory": [{"maxAge": 1, "endDate": "2020-03-31", "totalRevenue": 5906754000, "costOfRevenue": 4531822000, "grossProfit": 1374932000, "researchDevelopment": {}, "sellingGeneralAdministrative": 1195266000, "nonRecurring": {}, "otherOperatingExpenses": 109460000, "totalOperatingExpenses": 5877491000, "operatingIncome": 29263000, "totalOtherIncomeExpenseNet": -7940000, "ebit": 29263000, "interestExpense": -50765000, "incomeBeforeTax": 21323000, "incomeTaxExpense": 236000, "minorityInterest": {}, "netIncomeFromContinuingOps": 21087000, "discontinuedOperations": {}, "extraordinaryItems": {}, "effectOfAccountingCharges": {}, "otherItems": {}, "netIncome": 21087000, "netIncomeApplicableToCommonShares": 21087000}, {"maxAge": 1, "endDate": "2019-03-31", "totalRevenue": 8365542000, "costOfRevenue": 6216986000, "grossProfit": 2148556000, "researchDevelopment": {}, "sellingGeneralAdministrative": 1988577000, "nonRecurring": {}, "otherOperatingExpenses": 110561000, "totalOperatingExpenses": 8333743000, "operatingIncome": 31799000, "totalOtherIncomeExpenseNet": -606000, "ebit": 31799000, "interestExpense": -43840000, "incomeBeforeTax": 31193000, "incomeTaxExpense": -25452000, "minorityInterest": {}, "netIncomeFromContinuingOps": 56645000, "discontinuedOperations": {}, "extraordinaryItems": {}, "effectOfAccountingCharges": {}, "otherItems": {}, "netIncome": 56645000, "netIncomeApplicableToCommonShares": 56645000}, {"maxAge": 1, "endDate": "2018-03-31", "totalRevenue": 11698678000, "costOfRevenue": 8125572000, "grossProfit": 3573106000, "researchDevelopment": {}, "sellingGeneralAdministrative": 3259577000, "nonRecurring": {}, "otherOperatingExpenses": 122490000, "totalOperatingExpenses": 11527196000, "operatingIncome": 171482000, "totalOtherIncomeExpenseNet": 23964000, "ebit": 171482000, "interestExpense": -22378000, "incomeBeforeTax": 195446000, "incomeTaxExpense": 58131000, "minorityInterest": {}, "netIncomeFromContinuingOps": 137315000, "discontinuedOperations": {}, "extraordinaryItems": {}, "effectOfAccountingCharges": {}, "otherItems": {}, "netIncome": 137315000, "netIncomeApplicableToCommonShares": 137315000}, {"maxAge": 1, "endDate": "2017-03-31", "totalRevenue": 9390106000, "costOfRevenue": 6267985000, "grossProfit": 3122121000, "researchDevelopment": {}, "sellingGeneralAdministrative": 2816089000, "nonRecurring": {}, "otherOperatingExpenses": 130677000, "totalOperatingExpenses": 9233495000, "operatingIncome": 156611000, "totalOtherIncomeExpenseNet": 31280000, "ebit": 156611000, "interestExpense": -21591000, "incomeBeforeTax": 187891000, "incomeTaxExpense": 55063000, "minorityInterest": {}, "netIncomeFromContinuingOps": 132828000, "discontinuedOperations": {}, "extraordinaryItems": {}, "effectOfAccountingCharges": {}, "otherItems": {}, "netIncome": 132828000, "netIncomeApplicableToCommonShares": 132828000}], "maxAge": 86400}, "fundOwnership": {"maxAge": 1, "ownershipList": []}, "summaryDetail": {"maxAge": 1, "priceHint": 2, "previousClose": 84.65, "open": 84.2, "dayLow": 84.2, "dayHigh": 88.85, "regularMarketPreviousClose": 84.65, "regularMarketOpen": 84.2, "regularMarketDayLow": 84.2, "regularMarketDayHigh": 88.85, "dividendRate": 1.0, "dividendYield": 0.0117999995, "exDividendDate": "2020-10-21 05:30:00", "payoutRatio": 0.2212, "fiveYearAvgDividendYield": 1.47, "beta": 1.663316, "trailingPE": 19.151527, "forwardPE": 6.7171717, "volume": 61176, "regularMarketVolume": 61176, "averageVolume": 37302, "averageVolume10days": 64785, "averageDailyVolume10Day": 64785, "bid": 0.0, "ask": 0.0, "bidSize": 0, "askSize": 0, "marketCap": 1273555456, "fiftyTwoWeekLow": 37.35, "fiftyTwoWeekHigh": 101.35, "priceToSalesTrailing12Months": 0.20175718, "fiftyDayAverage": 74.84706, "twoHundredDayAverage": 71.766785, "trailingAnnualDividendRate": 1.0, "trailingAnnualDividendYield": 0.011813349, "currency": "INR", "fromCurrency": null, "toCurrency": null, "lastMarket": null, "algorithm": null, "tradeable": false}, "insiderHolders": {"holders": [{"maxAge": 1, "name": "Intrasoft Beneficiary Trust", "relation": "Institution- Corporation", "url": "", "transactionDescription": "Sale", "latestTransDate": "2016-02-08", "positionDirect": 0, "positionDirectDate": "2016-02-08"}, {"maxAge": 1, "name": "Kajaria (Arvind)", "relation": "Deputy Managing director", "url": "", "transactionDescription": "Acquisition", "latestTransDate": "2019-06-14", "positionDirect": 2811797, "positionDirectDate": "2019-06-14"}, {"maxAge": 1, "name": "Kajaria (Sharad)", "relation": "Non Independent Director", "url": "", "transactionDescription": "Acquisition", "latestTransDate": "2019-06-20", "positionDirect": 2812500, "positionDirectDate": "2019-06-20"}, {"maxAge": 1, "name": "Kotak Mahindra Investments, Ltd.", "relation": "Institution- Corporation", "url": "", "transactionDescription": "Acquisition", "latestTransDate": "2011-11-23", "positionDirect": 927796, "positionDirectDate": "2011-11-23"}], "maxAge": 1}, "calendarEvents": {"maxAge": 1, "earnings": {"earningsDate": ["2019-08-13 05:30:S", "2019-08-17 05:30:S"], "revenueAverage": 3387090000}, "exDividendDate": "2020-10-21 05:30:00"}, "price": {"maxAge": 1, "regularMarketChangePercent": 0.021263974, "regularMarketChange": 1.7999954, "regularMarketTime": "2021-04-30 15:29:53", "priceHint": 2, "regularMarketPrice": 86.45, "regularMarketDayHigh": 88.85, "regularMarketDayLow": 84.2, "regularMarketVolume": 61176, "averageDailyVolume10Day": 64785, "averageDailyVolume3Month": 37302, "regularMarketPreviousClose": 84.65, "regularMarketSource": "FREE_REALTIME", "regularMarketOpen": 84.2, "exchange": "NSI", "exchangeName": "NSE", "exchangeDataDelayedBy": 15, "marketState": "CLOSED", "quoteType": "EQUITY", "symbol": "ISFT.NS", "underlyingSymbol": null, "shortName": "INTRASOFT TECHNOLO", "longName": "IntraSoft Technologies Limited", "currency": "INR", "quoteSourceName": "Delayed Quote", "currencySymbol": "\u20b9", "fromCurrency": null, "toCurrency": null, "lastMarket": null, "marketCap": 1273555456}, "balanceSheetHistory": {"balanceSheetStatements": [{"maxAge": 1, "endDate": "2020-03-31", "cash": 184376000, "shortTermInvestments": 25452000, "netReceivables": 43653000, "inventory": 1227849000, "otherCurrentAssets": 16972000, "totalCurrentAssets": 2118494000, "longTermInvestments": 67337000, "propertyPlantEquipment": 282674000, "intangibleAssets": 212968000, "otherAssets": 230058000, "deferredLongTermAssetCharges": 201219000, "totalAssets": 2911531000, "accountsPayable": 185013000, "otherCurrentLiab": 75913000, "longTermDebt": 971169000, "otherLiab": 35050000, "totalCurrentLiabilities": 326141000, "totalLiab": 1432596000, "commonStock": 147317000, "retainedEarnings": 707471000, "treasuryStock": 71436000, "capitalSurplus": 552711000, "otherStockholderEquity": 71436000, "totalStockholderEquity": 1478935000, "netTangibleAssets": 1265967000}, {"maxAge": 1, "endDate": "2019-03-31", "cash": 115747000, "shortTermInvestments": 5707000, "netReceivables": 133214000, "inventory": 990764000, "otherCurrentAssets": 15116000, "totalCurrentAssets": 1855332000, "longTermInvestments": 149536000, "propertyPlantEquipment": 174771000, "intangibleAssets": 129624000, "otherAssets": 256343000, "deferredLongTermAssetCharges": 194192000, "totalAssets": 2565606000, "accountsPayable": 230812000, "otherCurrentLiab": 105040000, "longTermDebt": 693763000, "otherLiab": 30941000, "totalCurrentLiabilities": 383891000, "totalLiab": 1108595000, "commonStock": 147317000, "retainedEarnings": 722598000, "treasuryStock": 34385000, "capitalSurplus": 552711000, "otherStockholderEquity": 34385000, "totalStockholderEquity": 1457011000, "netTangibleAssets": 1327387000}, {"maxAge": 1, "endDate": "2018-03-31", "cash": 225589000, "shortTermInvestments": 5000000, "netReceivables": 137067000, "inventory": 1238994000, "otherCurrentAssets": 18711000, "totalCurrentAssets": 2210751000, "longTermInvestments": 137234000, "propertyPlantEquipment": 181241000, "intangibleAssets": 34185000, "otherAssets": 230489000, "deferredLongTermAssetCharges": 173865000, "totalAssets": 2793900000, "accountsPayable": 350442000, "otherCurrentLiab": 88358000, "longTermDebt": 794677000, "otherLiab": 32887000, "totalCurrentLiabilities": 547766000, "totalLiab": 1375330000, "commonStock": 147317000, "retainedEarnings": 700025000, "treasuryStock": 18517000, "capitalSurplus": 552711000, "otherStockholderEquity": 18517000, "totalStockholderEquity": 1418570000, "netTangibleAssets": 1384385000}, {"maxAge": 1, "endDate": "2017-03-31", "cash": 188495000, "netReceivables": 124563000, "inventory": 412504000, "otherCurrentAssets": 25898000, "totalCurrentAssets": 1425159000, "longTermInvestments": 49944000, "propertyPlantEquipment": 193839000, "intangibleAssets": 4910000, "otherAssets": 215971000, "deferredLongTermAssetCharges": 171146000, "totalAssets": 1889823000, "accountsPayable": 174362000, "otherCurrentLiab": 91136000, "longTermDebt": 162125000, "otherLiab": 24781000, "totalCurrentLiabilities": 389467000, "totalLiab": 576373000, "commonStock": 147317000, "retainedEarnings": 596594000, "treasuryStock": 16828000, "capitalSurplus": 552711000, "otherStockholderEquity": 16828000, "totalStockholderEquity": 1313450000, "netTangibleAssets": 1308540000}], "maxAge": 86400}, "earningsTrend": {"trend": [{"maxAge": 1, "period": "0q", "endDate": "2017-12-31", "growth": {}, "earningsEstimate": {"avg": 0.0, "low": 0.0, "high": 0.0, "yearAgoEps": {}, "numberOfAnalysts": 0, "growth": {}}, "revenueEstimate": {"avg": 3387090000, "low": 0, "high": 0, "numberOfAnalysts": 0, "yearAgoRevenue": 2817640000, "growth": 0.202}, "epsTrend": {"current": 0.0, "7daysAgo": 0.0, "30daysAgo": 0.0, "60daysAgo": 0.0, "90daysAgo": 0.0}, "epsRevisions": {"upLast7days": 0, "upLast30days": 0, "downLast30days": 0, "downLast90days": {}}}, {"maxAge": 1, "period": "+1q", "endDate": "2018-03-31", "growth": {}, "earningsEstimate": {"avg": 0.0, "low": 0.0, "high": 0.0, "yearAgoEps": {}, "numberOfAnalysts": 0, "growth": {}}, "revenueEstimate": {"avg": 2844540000, "low": 0, "high": 0, "numberOfAnalysts": 0, "yearAgoRevenue": 2160980000, "growth": 0.316}, "epsTrend": {"current": 0.0, "7daysAgo": 0.0, "30daysAgo": 0.0, "60daysAgo": 0.0, "90daysAgo": 0.0}, "epsRevisions": {"upLast7days": 0, "upLast30days": 0, "downLast30days": 0, "downLast90days": {}}}, {"maxAge": 1, "period": "0y", "endDate": "2018-03-31", "growth": {}, "earningsEstimate": {"avg": 0.0, "low": 0.0, "high": 0.0, "yearAgoEps": {}, "numberOfAnalysts": 0, "growth": {}}, "revenueEstimate": {"avg": 11698700000, "low": 11627900000, "high": 11737600000, "numberOfAnalysts": 3, "yearAgoRevenue": 9390110000, "growth": 0.246}, "epsTrend": {"current": 0.0, "7daysAgo": 11.32, "30daysAgo": 11.32, "60daysAgo": 11.32, "90daysAgo": 11.74}, "epsRevisions": {"upLast7days": 0, "upLast30days": 0, "downLast30days": 0, "downLast90days": {}}}, {"maxAge": 1, "period": "+1y", "endDate": "2019-03-31", "growth": {}, "earningsEstimate": {"avg": 12.87, "low": 11.71, "high": 14.0, "yearAgoEps": {}, "numberOfAnalysts": 3, "growth": {}}, "revenueEstimate": {"avg": 15024900000, "low": 13953500000, "high": 15913000000, "numberOfAnalysts": 3, "yearAgoRevenue": 11698700000, "growth": 0.284}, "epsTrend": {"current": 12.87, "7daysAgo": 12.87, "30daysAgo": 17.5, "60daysAgo": 17.5, "90daysAgo": 18.06}, "epsRevisions": {"upLast7days": 0, "upLast30days": 0, "downLast30days": 0, "downLast90days": {}}}, {"maxAge": 1, "period": "+5y", "endDate": null, "growth": {}, "earningsEstimate": {"avg": {}, "low": {}, "high": {}, "yearAgoEps": {}, "numberOfAnalysts": {}, "growth": {}}, "revenueEstimate": {"avg": {}, "low": {}, "high": {}, "numberOfAnalysts": {}, "yearAgoRevenue": {}, "growth": {}}, "epsTrend": {"current": {}, "7daysAgo": {}, "30daysAgo": {}, "60daysAgo": {}, "90daysAgo": {}}, "epsRevisions": {"upLast7days": {}, "upLast30days": {}, "downLast30days": {}, "downLast90days": {}}}, {"maxAge": 1, "period": "-5y", "endDate": null, "growth": 0.39054, "earningsEstimate": {"avg": {}, "low": {}, "high": {}, "yearAgoEps": {}, "numberOfAnalysts": {}, "growth": {}}, "revenueEstimate": {"avg": {}, "low": {}, "high": {}, "numberOfAnalysts": {}, "yearAgoRevenue": {}, "growth": {}}, "epsTrend": {"current": {}, "7daysAgo": {}, "30daysAgo": {}, "60daysAgo": {}, "90daysAgo": {}}, "epsRevisions": {"upLast7days": {}, "upLast30days": {}, "downLast30days": {}, "downLast90days": {}}}], "maxAge": 1}, "institutionOwnership": {"maxAge": 1, "ownershipList": []}, "majorHoldersBreakdown": {"maxAge": 1, "insidersPercentHeld": 0.56256, "institutionsPercentHeld": 0.11757, "institutionsFloatPercentHeld": 0.26877, "institutionsCount": 3}, "balanceSheetHistoryQuarterly": {"balanceSheetStatements": [{"maxAge": 1, "endDate": "2020-12-31", "totalStockholderEquity": 1497118000, "netTangibleAssets": 1151959000}, {"maxAge": 1, "endDate": "2020-09-30", "cash": 228150000, "shortTermInvestments": 573691000, "netReceivables": 32712000, "inventory": 1200716000, "otherCurrentAssets": 22373000, "totalCurrentAssets": 2057642000, "longTermInvestments": 68201000, "propertyPlantEquipment": 261269000, "intangibleAssets": 345159000, "otherAssets": 235617000, "deferredLongTermAssetCharges": 205838000, "totalAssets": 2967888000, "accountsPayable": 202739000, "otherCurrentLiab": 92256000, "longTermDebt": 1030069000, "otherLiab": 35605000, "totalCurrentLiabilities": 318134000, "totalLiab": 1470770000, "commonStock": 147317000, "treasuryStock": 1349801000, "otherStockholderEquity": 1349801000, "totalStockholderEquity": 1497118000, "netTangibleAssets": 1151959000}, {"maxAge": 1, "endDate": "2020-06-30", "totalStockholderEquity": 1478935000, "netTangibleAssets": 1265967000}, {"maxAge": 1, "endDate": "2020-03-31", "cash": 184376000, "shortTermInvestments": 25452000, "netReceivables": 43653000, "inventory": 1227849000, "otherCurrentAssets": 16972000, "totalCurrentAssets": 2118494000, "longTermInvestments": 67337000, "propertyPlantEquipment": 282674000, "intangibleAssets": 212968000, "otherAssets": 230058000, "deferredLongTermAssetCharges": 201219000, "totalAssets": 2911531000, "accountsPayable": 185013000, "otherCurrentLiab": 75913000, "longTermDebt": 971169000, "otherLiab": 35050000, "totalCurrentLiabilities": 326141000, "totalLiab": 1432596000, "commonStock": 147317000, "retainedEarnings": 707471000, "treasuryStock": 71436000, "capitalSurplus": 552711000, "otherStockholderEquity": 71436000, "totalStockholderEquity": 1478935000, "netTangibleAssets": 1265967000}], "maxAge": 86400}, "earningsHistory": {"history": [{"maxAge": 1, "epsActual": {}, "epsEstimate": {}, "epsDifference": {}, "surprisePercent": {}, "quarter": {}, "period": "-4q"}, {"maxAge": 1, "epsActual": {}, "epsEstimate": {}, "epsDifference": {}, "surprisePercent": {}, "quarter": {}, "period": "-3q"}, {"maxAge": 1, "epsActual": {}, "epsEstimate": {}, "epsDifference": {}, "surprisePercent": {}, "quarter": {}, "period": "-2q"}, {"maxAge": 1, "epsActual": 2.68, "epsEstimate": 3.89, "epsDifference": -1.21, "surprisePercent": -0.311, "quarter": "2017-09-30", "period": "-1q"}], "maxAge": 86400}, "summaryProfile": {"address1": "145, Rash Behari Avenue", "address2": "Suite 301", "city": "Kolkata", "zip": "700029", "country": "India", "phone": "91 33 4023 1234", "fax": "91 33 2464 6584", "website": "http://www.itlindia.com", "industry": "Internet Retail", "sector": "Consumer Cyclical", "longBusinessSummary": "IntraSoft Technologies Limited, through its subsidiaries, develops and delivers e-commerce and e-cards through Internet platform in India and internationally. It owns and operates 123stores.com, an e-commerce retail portal that sells furniture, patio, lawn and garden, and sports and outdoor products, as well as musical instruments and gadgets, home improvement products, art crafts, kitchen dining products and appliances, toys, games and baby products, and others; 123Greetings.com, which offers approximately 42,000 e-cards across various languages covering 3,000 seasonal and everyday categories; and 123Greetings Studio, a platform for artists to upload and monetize their own e-cards. The company also sells its products through online marketplaces, such as Amazon.com, Amazon Canada, eBay.com, Rakuten.com, Sears.com, Jet.com, and Newegg. IntraSoft Technologies Limited was incorporated in 1996 and is based in Kolkata, India.", "fullTimeEmployees": 80, "companyOfficers": [], "maxAge": 86400}, "netSharePurchaseActivity": {"maxAge": 1, "period": "6m", "buyInfoCount": 0, "buyInfoShares": 0, "sellInfoCount": 0, "netInfoCount": 0, "netInfoShares": 0, "netPercentInsiderShares": 0.0, "totalInsiderShares": 8278868}, "insiderTransactions": {"transactions": [{"maxAge": 1, "shares": 106, "filerUrl": "", "transactionText": "", "filerName": "Kajaria (Sharad)", "filerRelation": "Non Independent Director", "moneyText": "", "startDate": "2019-06-20", "ownership": "D"}, {"maxAge": 1, "shares": 3191, "filerUrl": "", "transactionText": "", "filerName": "Kajaria (Sharad)", "filerRelation": "Non Independent Director", "moneyText": "", "startDate": "2019-06-20", "ownership": "D"}, {"maxAge": 1, "shares": 1628, "filerUrl": "", "transactionText": "", "filerName": "Kajaria (Sharad)", "filerRelation": "Non Independent Director", "moneyText": "", "startDate": "2019-06-19", "ownership": "D"}, {"maxAge": 1, "shares": 1811, "filerUrl": "", "transactionText": "", "filerName": "Kajaria (Sharad)", "filerRelation": "Non Independent Director", "moneyText": "", "startDate": "2019-06-19", "ownership": "D"}, {"maxAge": 1, "shares": 739, "filerUrl": "", "transactionText": "", "filerName": "Kajaria (Sharad)", "filerRelation": "Non Independent Director", "moneyText": "", "startDate": "2019-06-18", "ownership": "D"}, {"maxAge": 1, "shares": 396, "filerUrl": "", "transactionText": "", "filerName": "Kajaria (Sharad)", "filerRelation": "Non Independent Director", "moneyText": "", "startDate": "2019-06-17", "ownership": "D"}, {"maxAge": 1, "shares": 618, "filerUrl": "", "transactionText": "", "filerName": "Kajaria (Arvind)", "filerRelation": "Deputy Managing director", "moneyText": "", "startDate": "2019-06-14", "ownership": "D"}, {"maxAge": 1, "shares": 50, "filerUrl": "", "transactionText": "", "filerName": "Kajaria (Arvind)", "filerRelation": "Managing Director", "moneyText": "", "startDate": "2019-06-13", "ownership": "D"}, {"maxAge": 1, "shares": 4292, "filerUrl": "", "transactionText": "", "filerName": "Kajaria (Arvind)", "filerRelation": "Managing Director", "moneyText": "", "startDate": "2019-06-13", "ownership": "D"}, {"maxAge": 1, "shares": 129, "filerUrl": "", "transactionText": "", "filerName": "Kajaria (Sharad)", "filerRelation": "Non Independent Director", "moneyText": "", "startDate": "2019-06-13", "ownership": "D"}, {"maxAge": 1, "shares": 200, "filerUrl": "", "transactionText": "", "filerName": "Kajaria (Arvind)", "filerRelation": "Managing Director", "moneyText": "", "startDate": "2019-06-13", "ownership": "D"}, {"maxAge": 1, "shares": 4542, "filerUrl": "", "transactionText": "", "filerName": "Kajaria (Arvind)", "filerRelation": "Managing Director", "moneyText": "", "startDate": "2019-06-13", "ownership": "D"}, {"maxAge": 1, "shares": 4492, "filerUrl": "", "transactionText": "", "filerName": "Kajaria (Arvind)", "filerRelation": "Managing Director", "moneyText": "", "startDate": "2019-06-13", "ownership": "D"}, {"maxAge": 1, "shares": 0, "filerUrl": "", "transactionText": "", "filerName": "Kajaria (Arvind)", "filerRelation": "Managing Director", "moneyText": "", "startDate": "2019-06-13", "ownership": "I"}, {"maxAge": 1, "shares": 50, "filerUrl": "", "transactionText": "", "filerName": "Kajaria (Arvind)", "filerRelation": "Managing Director", "moneyText": "", "startDate": "2019-06-12", "ownership": "D"}, {"maxAge": 1, "shares": 485, "filerUrl": "", "transactionText": "", "filerName": "Kajaria (Arvind)", "filerRelation": "Managing Director", "moneyText": "", "startDate": "2019-06-12", "ownership": "D"}, {"maxAge": 1, "shares": 1997, "filerUrl": "", "transactionText": "", "filerName": "Kajaria (Arvind)", "filerRelation": "Managing Director", "moneyText": "", "startDate": "2019-06-11", "ownership": "D"}, {"maxAge": 1, "shares": 1841, "filerUrl": "", "transactionText": "", "filerName": "Kajaria (Arvind)", "filerRelation": "Managing Director", "moneyText": "", "startDate": "2019-06-10", "ownership": "D"}, {"maxAge": 1, "shares": 2500, "filerUrl": "", "transactionText": "", "filerName": "Kajaria (Sharad)", "filerRelation": "Wholetime Director", "moneyText": "", "startDate": "2019-06-06", "ownership": "D"}, {"maxAge": 1, "shares": 2000, "filerUrl": "", "transactionText": "", "filerName": "Kajaria (Sharad)", "filerRelation": "Wholetime Director", "moneyText": "", "startDate": "2019-06-06", "ownership": "D"}, {"maxAge": 1, "shares": 300, "filerUrl": "", "transactionText": "", "filerName": "Kajaria (Arvind)", "filerRelation": "Managing Director", "moneyText": "", "startDate": "2019-06-06", "ownership": "D"}, {"maxAge": 1, "shares": 2000, "filerUrl": "", "transactionText": "", "filerName": "Kajaria (Arvind)", "filerRelation": "Managing Director", "moneyText": "", "startDate": "2019-06-06", "ownership": "D"}, {"maxAge": 1, "shares": 1200000, "filerUrl": "", "transactionText": "", "filerName": "Intrasoft Beneficiary Trust", "filerRelation": "Institution- Corporation", "moneyText": "", "startDate": "2016-02-08", "ownership": "D"}, {"maxAge": 1, "shares": 278531, "filerUrl": "", "transactionText": "", "filerName": "Kotak Mahindra Investments, Ltd.", "filerRelation": "Institution- Corporation", "moneyText": "", "startDate": "2011-11-23", "ownership": "D"}], "maxAge": 1}, "sectorTrend": {"maxAge": 1, "symbol": null, "estimates": []}, "incomeStatementHistoryQuarterly": {"incomeStatementHistory": [{"maxAge": 1, "endDate": "2020-12-31", "totalRevenue": 1223294000, "costOfRevenue": 874271000, "grossProfit": 349023000, "researchDevelopment": {}, "sellingGeneralAdministrative": 303077000, "nonRecurring": {}, "otherOperatingExpenses": 30717000, "totalOperatingExpenses": 1211903000, "operatingIncome": 11391000, "totalOtherIncomeExpenseNet": 20580000, "ebit": 11391000, "interestExpense": -6432000, "incomeBeforeTax": 31971000, "incomeTaxExpense": -7469000, "minorityInterest": {}, "netIncomeFromContinuingOps": 39440000, "discontinuedOperations": {}, "extraordinaryItems": {}, "effectOfAccountingCharges": {}, "otherItems": {}, "netIncome": 39440000, "netIncomeApplicableToCommonShares": 39440000}, {"maxAge": 1, "endDate": "2020-09-30", "totalRevenue": 1674313000, "costOfRevenue": 1226925000, "grossProfit": 447388000, "researchDevelopment": {}, "sellingGeneralAdministrative": 404891000, "nonRecurring": {}, "otherOperatingExpenses": 30235000, "totalOperatingExpenses": 1672385000, "operatingIncome": 1928000, "totalOtherIncomeExpenseNet": 4409000, "ebit": 1928000, "interestExpense": -8172000, "incomeBeforeTax": 6337000, "incomeTaxExpense": 116000, "minorityInterest": {}, "netIncomeFromContinuingOps": 6221000, "discontinuedOperations": {}, "extraordinaryItems": {}, "effectOfAccountingCharges": {}, "otherItems": {}, "netIncome": 6221000, "netIncomeApplicableToCommonShares": 6221000}, {"maxAge": 1, "endDate": "2020-06-30", "totalRevenue": 2169486000, "costOfRevenue": 1620879000, "grossProfit": 548607000, "researchDevelopment": {}, "sellingGeneralAdministrative": 502224000, "nonRecurring": {}, "otherOperatingExpenses": 25995000, "totalOperatingExpenses": 2159696000, "operatingIncome": 9790000, "totalOtherIncomeExpenseNet": 9980000, "ebit": 9790000, "interestExpense": -9732000, "incomeBeforeTax": 19770000, "incomeTaxExpense": -1786000, "minorityInterest": {}, "netIncomeFromContinuingOps": 21556000, "discontinuedOperations": {}, "extraordinaryItems": {}, "effectOfAccountingCharges": {}, "otherItems": {}, "netIncome": 21556000, "netIncomeApplicableToCommonShares": 21556000}, {"maxAge": 1, "endDate": "2020-03-31", "totalRevenue": 1245225000, "costOfRevenue": 974556000, "grossProfit": 270669000, "researchDevelopment": {}, "sellingGeneralAdministrative": 239384000, "nonRecurring": {}, "otherOperatingExpenses": 19480000, "totalOperatingExpenses": 1244139000, "operatingIncome": 1086000, "totalOtherIncomeExpenseNet": -1841000, "ebit": 1086000, "interestExpense": -11647000, "incomeBeforeTax": -755000, "incomeTaxExpense": -257000, "minorityInterest": {}, "netIncomeFromContinuingOps": -498000, "discontinuedOperations": {}, "extraordinaryItems": {}, "effectOfAccountingCharges": {}, "otherItems": {}, "netIncome": -498000, "netIncomeApplicableToCommonShares": -498000}], "maxAge": 86400}, "cashflowStatementHistoryQuarterly": {"cashflowStatements": [{"maxAge": 1, "endDate": "2020-12-31", "netIncome": 39440000, "changeToLiabilities": 0}, {"maxAge": 1, "endDate": "2020-09-30", "netIncome": 6221000, "changeToLiabilities": 0}, {"maxAge": 1, "endDate": "2020-06-30", "netIncome": 21556000, "changeToLiabilities": 0}, {"maxAge": 1, "endDate": "2020-03-31", "netIncome": -498000, "changeToLiabilities": 0}], "maxAge": 86400}, "earnings": {"maxAge": 86400, "earningsChart": {"quarterly": [{"date": "3Q2017", "actual": 2.68, "estimate": 3.89}], "currentQuarterEstimateDate": "4Q", "currentQuarterEstimateYear": 2017, "earningsDate": ["2019-08-13 05:30:S", "2019-08-17 05:30:S"]}, "financialsChart": {"yearly": [{"date": 2017, "revenue": 9390106000, "earnings": 132828000}, {"date": 2018, "revenue": 11698678000, "earnings": 137315000}, {"date": 2019, "revenue": 8365542000, "earnings": 56645000}, {"date": 2020, "revenue": 5906754000, "earnings": 21087000}], "quarterly": [{"date": "1Q2020", "revenue": 1245225000, "earnings": -498000}, {"date": "2Q2020", "revenue": 2169486000, "earnings": 21556000}, {"date": "3Q2020", "revenue": 1674313000, "earnings": 6221000}, {"date": "4Q2020", "revenue": 1223294000, "earnings": 39440000}]}, "financialCurrency": "INR"}, "financialData": {"maxAge": 86400, "currentPrice": 86.45, "targetHighPrice": 653.0, "targetLowPrice": 595.0, "targetMeanPrice": 624.0, "targetMedianPrice": 624.0, "recommendationMean": 2.0, "recommendationKey": "buy", "numberOfAnalystOpinions": 2, "totalCash": 801841024, "totalCashPerShare": 54.486, "ebitda": 37983752, "totalDebt": 1139705984, "totalRevenue": 6312317952, "debtToEquity": 76.127, "revenuePerShare": 427.248, "grossProfits": 1374932000, "earningsGrowth": 2.229, "revenueGrowth": -0.115, "grossMargins": 0.25596002, "ebitdaMargins": 0.00602, "operatingMargins": 0.0038299998, "profitMargins": 0.010570001, "financialCurrency": "INR"}}}