{"ISGEC.BO": {"recommendationTrend": {"trend": [{"period": "0m", "strongBuy": 0, "buy": 0, "hold": 0, "sell": 0, "strongSell": 0}, {"period": "-1m", "strongBuy": 0, "buy": 0, "hold": 0, "sell": 0, "strongSell": 0}, {"period": "-2m", "strongBuy": 0, "buy": 0, "hold": 0, "sell": 0, "strongSell": 0}, {"period": "-3m", "strongBuy": 0, "buy": 0, "hold": 0, "sell": 0, "strongSell": 0}], "maxAge": 86400}, "cashflowStatementHistory": {"cashflowStatements": [{"maxAge": 1, "endDate": "2020-03-31", "netIncome": 1464176000, "depreciation": 952747000, "changeToNetincome": -195461000, "changeToAccountReceivables": 897751000, "changeToLiabilities": 0, "changeToInventory": 127705000, "changeToOperatingActivities": -2252420000, "totalCashFromOperatingActivities": 1032062000, "capitalExpenditures": -4386619000, "investments": 779910000, "otherCashflowsFromInvestingActivities": 55630000, "totalCashflowsFromInvestingActivities": -3531875000, "dividendsPaid": -267064000, "netBorrowings": 3798947000, "otherCashflowsFromFinancingActivities": -433204000, "totalCashFromFinancingActivities": 3098679000, "effectOfExchangeRate": 114069000, "changeInCash": 712935000}, {"maxAge": 1, "endDate": "2019-03-31", "netIncome": 1427644000, "depreciation": 783370000, "changeToNetincome": -252253000, "changeToAccountReceivables": -7587918000, "changeToLiabilities": 0, "changeToInventory": -3674297000, "changeToOperatingActivities": 6885725000, "totalCashFromOperatingActivities": -2376283000, "capitalExpenditures": -1204273000, "investments": 2281863000, "otherCashflowsFromInvestingActivities": 135902000, "totalCashflowsFromInvestingActivities": 701338000, "dividendsPaid": -53183000, "netBorrowings": 1296144000, "otherCashflowsFromFinancingActivities": -309880000, "totalCashFromFinancingActivities": 933081000, "effectOfExchangeRate": 29454000, "changeInCash": -712410000}, {"maxAge": 1, "endDate": "2018-03-31", "netIncome": 1572785000, "depreciation": 762708000, "changeToNetincome": -362020000, "changeToAccountReceivables": 67157000, "changeToLiabilities": 0, "changeToInventory": 2357054000, "changeToOperatingActivities": -3435489000, "totalCashFromOperatingActivities": 1007349000, "capitalExpenditures": -834883000, "investments": 3573851000, "otherCashflowsFromInvestingActivities": 176988000, "totalCashflowsFromInvestingActivities": 2761262000, "dividendsPaid": -238449000, "netBorrowings": -1815080000, "otherCashflowsFromFinancingActivities": -275252000, "totalCashFromFinancingActivities": -2328781000, "effectOfExchangeRate": 29454000, "changeInCash": 1439830000}, {"maxAge": 1, "endDate": "2017-03-31", "netIncome": 2420933000, "depreciation": 711221000, "changeToNetincome": -335155000, "changeToAccountReceivables": 2512270000, "changeToLiabilities": 0, "changeToInventory": -1804211000, "changeToOperatingActivities": -1182200000, "totalCashFromOperatingActivities": 2364502000, "capitalExpenditures": -890292000, "investments": -864731000, "otherCashflowsFromInvestingActivities": 352105000, "totalCashflowsFromInvestingActivities": -1414405000, "dividendsPaid": -181775000, "netBorrowings": -3057143000, "otherCashflowsFromFinancingActivities": -458305000, "totalCashFromFinancingActivities": -3697223000, "effectOfExchangeRate": 29454000, "changeInCash": -2747126000}], "maxAge": 86400}, "institutionOwnership": {"maxAge": 1, "ownershipList": []}, "balanceSheetHistoryQuarterly": {"balanceSheetStatements": [{"maxAge": 1, "endDate": "2020-06-30", "totalStockholderEquity": 18812800000, "netTangibleAssets": 18131500000}, {"maxAge": 1, "endDate": "2020-03-31", "cash": 1797348000, "shortTermInvestments": 161372000, "netReceivables": 21269005000, "inventory": 11964664000, "otherCurrentAssets": 6357560000, "totalCurrentAssets": 42507744000, "longTermInvestments": 101948000, "propertyPlantEquipment": 15487548000, "goodWill": 212476000, "intangibleAssets": 468768000, "otherAssets": 1555762000, "deferredLongTermAssetCharges": 164175000, "totalAssets": 60334246000, "accountsPayable": 14086914000, "shortLongTermDebt": 202804000, "otherCurrentLiab": 13221152000, "longTermDebt": 3859358000, "otherLiab": 2744915000, "minorityInterest": 540259000, "totalCurrentLiabilities": 34106681000, "totalLiab": 40981144000, "commonStock": 73529000, "retainedEarnings": 16188355000, "treasuryStock": 2505937000, "capitalSurplus": 45022000, "otherStockholderEquity": 2505937000, "totalStockholderEquity": 18812843000, "netTangibleAssets": 18131599000}, {"maxAge": 1, "endDate": "2019-12-31", "totalStockholderEquity": 15748300000, "netTangibleAssets": 15025500000}, {"maxAge": 1, "endDate": "2019-09-30", "cash": 848300000, "shortTermInvestments": 1490400000, "netReceivables": 17933000000, "inventory": 13385700000, "otherCurrentAssets": 9696200000, "totalCurrentAssets": 43353600000, "longTermInvestments": 159200000, "propertyPlantEquipment": 7279200000, "goodWill": 213800000, "intangibleAssets": 509000000, "otherAssets": 1245500000, "deferredLongTermAssetCharges": 117300000, "totalAssets": 52760300000, "accountsPayable": 12746100000, "otherCurrentLiab": 16005700000, "longTermDebt": 1417100000, "otherLiab": 2667000000, "minorityInterest": 702900000, "totalCurrentLiabilities": 32099200000, "totalLiab": 36309100000, "commonStock": 73500000, "treasuryStock": 15674800000, "otherStockholderEquity": 15674800000, "totalStockholderEquity": 15748300000, "netTangibleAssets": 15025500000}], "maxAge": 86400}, "earningsHistory": {"history": [{"maxAge": 1, "epsActual": {}, "epsEstimate": {}, "epsDifference": {}, "surprisePercent": {}, "quarter": {}, "period": "-4q"}, {"maxAge": 1, "epsActual": {}, "epsEstimate": {}, "epsDifference": {}, "surprisePercent": {}, "quarter": {}, "period": "-3q"}, {"maxAge": 1, "epsActual": 36.2, "epsEstimate": 51.88, "epsDifference": -15.68, "surprisePercent": -0.30200002, "quarter": "2018-03-31", "period": "-2q"}, {"maxAge": 1, "epsActual": 39.17, "epsEstimate": 49.92, "epsDifference": -10.75, "surprisePercent": -0.215, "quarter": "2018-09-30", "period": "-1q"}], "maxAge": 86400}, "indexTrend": {"maxAge": 1, "symbol": "SP5", "peRatio": 19.7411, "pegRatio": 1.34172, "estimates": [{"period": "0q", "growth": 0.549}, {"period": "+1q", "growth": 0.431}, {"period": "0y", "growth": 0.305}, {"period": "+1y", "growth": 0.109}, {"period": "+5y", "growth": 0.120859005}, {"period": "-5y"}]}, "industryTrend": {"maxAge": 1, "symbol": null, "estimates": []}, "insiderTransactions": {"transactions": [{"maxAge": 1, "shares": 6867, "filerUrl": "", "transactionText": "", "filerName": "Yamuna Syndicate Ltd", "filerRelation": "Promoter", "moneyText": "", "startDate": "2020-03-31", "ownership": "D"}, {"maxAge": 1, "shares": 10696, "filerUrl": "", "transactionText": "", "filerName": "Yamuna Syndicate Ltd", "filerRelation": "Promoter", "moneyText": "", "startDate": "2020-03-30", "ownership": "D"}, {"maxAge": 1, "shares": 1327, "filerUrl": "", "transactionText": "", "filerName": "Yamuna Syndicate Ltd", "filerRelation": "Promoter", "moneyText": "", "startDate": "2020-03-27", "ownership": "D"}, {"maxAge": 1, "shares": 1433, "filerUrl": "", "transactionText": "", "filerName": "Yamuna Syndicate Ltd", "filerRelation": "Promoter", "moneyText": "", "startDate": "2020-03-26", "ownership": "D"}, {"maxAge": 1, "shares": 5321, "filerUrl": "", "transactionText": "", "filerName": "Yamuna Syndicate Ltd", "filerRelation": "Promoter", "moneyText": "", "startDate": "2020-03-25", "ownership": "D"}, {"maxAge": 1, "shares": 5363, "filerUrl": "", "transactionText": "", "filerName": "Yamuna Syndicate Ltd", "filerRelation": "Promoter", "moneyText": "", "startDate": "2020-03-20", "ownership": "D"}, {"maxAge": 1, "shares": 12353, "filerUrl": "", "transactionText": "", "filerName": "Yamuna Syndicate Ltd", "filerRelation": "Promoter", "moneyText": "", "startDate": "2020-03-19", "ownership": "D"}, {"maxAge": 1, "shares": 12000, "filerUrl": "", "transactionText": "", "filerName": "Yamuna Syndicate Ltd", "filerRelation": "Promoter", "moneyText": "", "startDate": "2020-03-18", "ownership": "D"}, {"maxAge": 1, "shares": 8025, "filerUrl": "", "transactionText": "", "filerName": "Yamuna Syndicate Ltd", "filerRelation": "Promoter", "moneyText": "", "startDate": "2020-03-17", "ownership": "D"}, {"maxAge": 1, "shares": 5333, "filerUrl": "", "transactionText": "", "filerName": "Yamuna Syndicate Ltd", "filerRelation": "Promoter", "moneyText": "", "startDate": "2020-03-16", "ownership": "D"}, {"maxAge": 1, "shares": 29669578, "filerUrl": "", "transactionText": "", "filerName": "Yamuna Syndicate Ltd", "filerRelation": "Promoter", "moneyText": "", "startDate": "2020-03-13", "ownership": "D"}, {"maxAge": 1, "shares": 250, "filerUrl": "", "transactionText": "", "filerName": "Nagpal (Vinod K)", "filerRelation": "UNREPORTED", "moneyText": "", "startDate": "2019-06-25", "ownership": "D"}, {"maxAge": 1, "shares": 625, "filerUrl": "", "transactionText": "", "filerName": "Nagpal (Vinod K)", "filerRelation": "UNREPORTED", "moneyText": "", "startDate": "2019-06-24", "ownership": "D"}, {"maxAge": 1, "shares": 545, "filerUrl": "", "transactionText": "", "filerName": "Nagpal (Vinod K)", "filerRelation": "UNREPORTED", "moneyText": "", "startDate": "2019-06-21", "ownership": "D"}, {"maxAge": 1, "shares": 100, "filerUrl": "", "transactionText": "", "filerName": "Nagpal (Vinod K)", "filerRelation": "UNREPORTED", "moneyText": "", "startDate": "2019-06-20", "ownership": "D"}, {"maxAge": 1, "shares": 2, "filerUrl": "", "transactionText": "", "filerName": "Nagpal (Vinod K)", "filerRelation": "UNREPORTED", "moneyText": "", "startDate": "2019-06-19", "ownership": "D"}, {"maxAge": 1, "shares": 100, "filerUrl": "", "transactionText": "", "filerName": "Nagpal (Vinod K)", "filerRelation": "UNREPORTED", "moneyText": "", "startDate": "2019-06-18", "ownership": "D"}, {"maxAge": 1, "shares": 100, "filerUrl": "", "transactionText": "", "filerName": "Nagpal (Vinod K)", "filerRelation": "UNREPORTED", "moneyText": "", "startDate": "2019-06-14", "ownership": "D"}, {"maxAge": 1, "shares": 35, "filerUrl": "", "transactionText": "", "filerName": "Nagpal (Vinod K)", "filerRelation": "UNREPORTED", "moneyText": "", "startDate": "2019-06-13", "ownership": "D"}, {"maxAge": 1, "shares": 100, "filerUrl": "", "transactionText": "", "filerName": "Nagpal (Vinod K)", "filerRelation": "UNREPORTED", "moneyText": "", "startDate": "2019-06-12", "ownership": "D"}, {"maxAge": 1, "shares": 1800, "filerUrl": "", "transactionText": "", "filerName": "Nagpal (Vinod K)", "filerRelation": "UNREPORTED", "moneyText": "", "startDate": "2019-06-11", "ownership": "D"}, {"maxAge": 1, "shares": 50, "filerUrl": "", "transactionText": "", "filerName": "Chatnani (Kishore)", "filerRelation": "UNREPORTED", "moneyText": "", "startDate": "2019-03-29", "ownership": "D"}], "maxAge": 1}, "quoteType": {"exchange": "BSE", "quoteType": "EQUITY", "symbol": "ISGEC.BO", "underlyingSymbol": "ISGEC.BO", "shortName": "ISGEC HEAVY ENGINEERING LTD.", "longName": "Isgec Heavy Engineering Limited", "firstTradeDateEpochUtc": "2008-12-05 09:15:00", "timeZoneFullName": "Asia/Kolkata", "timeZoneShortName": "IST", "uuid": "4acd4513-5dd8-32d5-83ec-ff550837c4e5", "messageBoardId": null, "gmtOffSetMilliseconds": 19800000, "maxAge": 1}, "incomeStatementHistory": {"incomeStatementHistory": [{"maxAge": 1, "endDate": "2020-03-31", "totalRevenue": 58521479000, "costOfRevenue": 42600563000, "grossProfit": 15920916000, "researchDevelopment": {}, "sellingGeneralAdministrative": 4290517000, "nonRecurring": {}, "otherOperatingExpenses": 8668326000, "totalOperatingExpenses": 56549717000, "operatingIncome": 1971762000, "totalOtherIncomeExpenseNet": 194145000, "ebit": 1971762000, "interestExpense": -379446000, "incomeBeforeTax": 2165907000, "incomeTaxExpense": 658582000, "minorityInterest": 540259000, "netIncomeFromContinuingOps": 1507325000, "discontinuedOperations": {}, "extraordinaryItems": {}, "effectOfAccountingCharges": {}, "otherItems": {}, "netIncome": 1464176000, "netIncomeApplicableToCommonShares": 1464176000}, {"maxAge": 1, "endDate": "2019-03-31", "totalRevenue": 50506589000, "costOfRevenue": 35599343000, "grossProfit": 14907246000, "researchDevelopment": {}, "sellingGeneralAdministrative": 3840251000, "nonRecurring": {}, "otherOperatingExpenses": 8319849000, "totalOperatingExpenses": 48576974000, "operatingIncome": 1929615000, "totalOtherIncomeExpenseNet": 339799000, "ebit": 1929615000, "interestExpense": -228382000, "incomeBeforeTax": 2269414000, "incomeTaxExpense": 829256000, "minorityInterest": 716498000, "netIncomeFromContinuingOps": 1440158000, "discontinuedOperations": {}, "extraordinaryItems": {}, "effectOfAccountingCharges": {}, "otherItems": {}, "netIncome": 1427644000, "netIncomeApplicableToCommonShares": 1427644000}, {"maxAge": 1, "endDate": "2018-03-31", "totalRevenue": 37909233000, "costOfRevenue": 24730201000, "grossProfit": 13179032000, "researchDevelopment": {}, "sellingGeneralAdministrative": 3486699000, "nonRecurring": {}, "otherOperatingExpenses": 6571458000, "totalOperatingExpenses": 35588616000, "operatingIncome": 2320617000, "totalOtherIncomeExpenseNet": 189947000, "ebit": 2320617000, "interestExpense": -198561000, "incomeBeforeTax": 2510564000, "incomeTaxExpense": 826496000, "minorityInterest": 718332000, "netIncomeFromContinuingOps": 1684068000, "discontinuedOperations": {}, "extraordinaryItems": {}, "effectOfAccountingCharges": {}, "otherItems": {}, "netIncome": 1572785000, "netIncomeApplicableToCommonShares": 1572785000}, {"maxAge": 1, "endDate": "2017-03-31", "totalRevenue": 39167867000, "costOfRevenue": 25218938000, "grossProfit": 13948929000, "researchDevelopment": {}, "sellingGeneralAdministrative": 3367925000, "nonRecurring": {}, "otherOperatingExpenses": 6629851000, "totalOperatingExpenses": 35969722000, "operatingIncome": 3198145000, "totalOtherIncomeExpenseNet": 471038000, "ebit": 3198145000, "interestExpense": -409870000, "incomeBeforeTax": 3669183000, "incomeTaxExpense": 1185809000, "minorityInterest": 605062000, "netIncomeFromContinuingOps": 2483374000, "discontinuedOperations": {}, "extraordinaryItems": {}, "effectOfAccountingCharges": {}, "otherItems": {}, "netIncome": 2420933000, "netIncomeApplicableToCommonShares": 2420933000}], "maxAge": 86400}, "fundOwnership": {"maxAge": 1, "ownershipList": []}, "summaryDetail": {"maxAge": 1, "priceHint": 2, "previousClose": 550.6, "open": 543.5, "dayLow": 536.0, "dayHigh": 550.25, "regularMarketPreviousClose": 550.6, "regularMarketOpen": 543.5, "regularMarketDayLow": 536.0, "regularMarketDayHigh": 550.25, "trailingPE": 24.8021, "forwardPE": 2.159747, "volume": 133382, "regularMarketVolume": 133382, "averageVolume": 126352, "averageVolume10days": 43378, "averageDailyVolume10Day": 43378, "bid": 536.0, "ask": 538.0, "bidSize": 0, "askSize": 0, "marketCap": 39625052160, "fiftyTwoWeekLow": 205.05, "fiftyTwoWeekHigh": 550.25, "fiftyDayAverage": 400.89572, "twoHundredDayAverage": 300.37152, "trailingAnnualDividendRate": 2.0, "trailingAnnualDividendYield": 0.003632401, "currency": "INR", "fromCurrency": null, "toCurrency": null, "lastMarket": null, "algorithm": null, "tradeable": false}, "sectorTrend": {"maxAge": 1, "symbol": null, "estimates": []}, "incomeStatementHistoryQuarterly": {"incomeStatementHistory": [{"maxAge": 1, "endDate": "2020-06-30", "totalRevenue": 10488600000, "costOfRevenue": 7507000000, "grossProfit": 2981600000, "researchDevelopment": {}, "sellingGeneralAdministrative": 957800000, "nonRecurring": {}, "otherOperatingExpenses": 1320600000, "totalOperatingExpenses": 10046400000, "operatingIncome": 442200000, "totalOtherIncomeExpenseNet": 132100000, "ebit": 442200000, "interestExpense": -122200000, "incomeBeforeTax": 574300000, "incomeTaxExpense": 149000000, "minorityInterest": {}, "netIncomeFromContinuingOps": 425300000, "discontinuedOperations": {}, "extraordinaryItems": {}, "effectOfAccountingCharges": {}, "otherItems": {}, "netIncome": 417000000, "netIncomeApplicableToCommonShares": 417000000}, {"maxAge": 1, "endDate": "2020-03-31", "totalRevenue": 15417979000, "costOfRevenue": 11565763000, "grossProfit": 3852216000, "researchDevelopment": {}, "sellingGeneralAdministrative": 1215017000, "nonRecurring": {}, "otherOperatingExpenses": 2133226000, "totalOperatingExpenses": 15206317000, "operatingIncome": 211662000, "totalOtherIncomeExpenseNet": 30245000, "ebit": 211662000, "interestExpense": -128846000, "incomeBeforeTax": 241907000, "incomeTaxExpense": 145282000, "minorityInterest": 540259000, "netIncomeFromContinuingOps": 96625000, "discontinuedOperations": 37100000, "extraordinaryItems": {}, "effectOfAccountingCharges": {}, "otherItems": {}, "netIncome": 142876000, "netIncomeApplicableToCommonShares": 142876000}, {"maxAge": 1, "endDate": "2019-12-31", "totalRevenue": 16853700000, "costOfRevenue": 12565400000, "grossProfit": 4288300000, "researchDevelopment": {}, "sellingGeneralAdministrative": 1076400000, "nonRecurring": {}, "otherOperatingExpenses": 2253600000, "totalOperatingExpenses": 16133400000, "operatingIncome": 720300000, "totalOtherIncomeExpenseNet": 193900000, "ebit": 720300000, "interestExpense": -90300000, "incomeBeforeTax": 914200000, "incomeTaxExpense": 238700000, "minorityInterest": 540259000, "netIncomeFromContinuingOps": 675500000, "discontinuedOperations": -37100000, "extraordinaryItems": {}, "effectOfAccountingCharges": {}, "otherItems": {}, "netIncome": 587200000, "netIncomeApplicableToCommonShares": 587200000}, {"maxAge": 1, "endDate": "2019-09-30", "totalRevenue": 14305400000, "costOfRevenue": 10186100000, "grossProfit": 4119300000, "researchDevelopment": {}, "sellingGeneralAdministrative": 989100000, "nonRecurring": {}, "otherOperatingExpenses": 2346200000, "totalOperatingExpenses": 13756500000, "operatingIncome": 548900000, "totalOtherIncomeExpenseNet": -34900000, "ebit": 548900000, "interestExpense": -74900000, "incomeBeforeTax": 514000000, "incomeTaxExpense": 60800000, "minorityInterest": 702900000, "netIncomeFromContinuingOps": 453200000, "discontinuedOperations": -37100000, "extraordinaryItems": {}, "effectOfAccountingCharges": {}, "otherItems": {}, "netIncome": 451300000, "netIncomeApplicableToCommonShares": 451300000}], "maxAge": 86400}, "cashflowStatementHistoryQuarterly": {"cashflowStatements": [{"maxAge": 1, "endDate": "2020-06-30", "netIncome": 417000000, "changeToLiabilities": 0}, {"maxAge": 1, "endDate": "2020-03-31", "netIncome": 142876000, "changeToLiabilities": 0}, {"maxAge": 1, "endDate": "2019-12-31", "netIncome": 587200000, "changeToLiabilities": 0}, {"maxAge": 1, "endDate": "2019-09-30", "netIncome": 451300000, "changeToLiabilities": 0}], "maxAge": 86400}, "insiderHolders": {"holders": [{"maxAge": 1, "name": "Chatnani (Kishore)", "relation": "UNREPORTED", "url": "", "transactionDescription": "Gift", "latestTransDate": "2019-03-29", "positionDirect": 50, "positionDirectDate": "2019-03-29"}, {"maxAge": 1, "name": "Nagpal (Vinod K)", "relation": "UNREPORTED", "url": "", "transactionDescription": "Sale", "latestTransDate": "2019-06-25", "positionDirect": 553, "positionDirectDate": "2019-06-25"}, {"maxAge": 1, "name": "Yamuna Syndicate Ltd", "relation": "Promoter", "url": "", "transactionDescription": "Acquisition", "latestTransDate": "2020-03-31", "positionDirect": 33052467, "positionDirectDate": "2020-03-31"}], "maxAge": 1}, "earnings": {"maxAge": 86400, "earningsChart": {"quarterly": [{"date": "1Q2018", "actual": 36.2, "estimate": 51.88}, {"date": "3Q2018", "actual": 39.17, "estimate": 49.92}], "currentQuarterEstimateDate": "4Q", "currentQuarterEstimateYear": 2018, "earningsDate": ["2020-08-12 05:30:S"]}, "financialsChart": {"yearly": [{"date": 2017, "revenue": 39167867000, "earnings": 2420933000}, {"date": 2018, "revenue": 37909233000, "earnings": 1572785000}, {"date": 2019, "revenue": 50506589000, "earnings": 1427644000}, {"date": 2020, "revenue": 58521479000, "earnings": 1464176000}], "quarterly": [{"date": "3Q2019", "revenue": 14305400000, "earnings": 451300000}, {"date": "4Q2019", "revenue": 16853700000, "earnings": 587200000}, {"date": "1Q2020", "revenue": 15417979000, "earnings": 142876000}, {"date": "2Q2020", "revenue": 10488600000, "earnings": 417000000}]}, "financialCurrency": "INR"}, "calendarEvents": {"maxAge": 1, "earnings": {"earningsDate": ["2020-08-12 05:30:S"]}}, "price": {"maxAge": 1, "regularMarketChangePercent": -0.021249458, "regularMarketChange": -11.699951, "regularMarketTime": "2021-04-30 15:29:50", "priceHint": 2, "regularMarketPrice": 538.9, "regularMarketDayHigh": 550.25, "regularMarketDayLow": 536.0, "regularMarketVolume": 133382, "averageDailyVolume10Day": 43378, "averageDailyVolume3Month": 126352, "regularMarketPreviousClose": 550.6, "regularMarketSource": "FREE_REALTIME", "regularMarketOpen": 543.5, "exchange": "BSE", "exchangeName": "BSE", "exchangeDataDelayedBy": 0, "marketState": "CLOSED", "quoteType": "EQUITY", "symbol": "ISGEC.BO", "underlyingSymbol": null, "shortName": "ISGEC HEAVY ENGINEERING LTD.", "longName": "Isgec Heavy Engineering Limited", "currency": "INR", "quoteSourceName": "Delayed Quote", "currencySymbol": "\u20b9", "fromCurrency": null, "toCurrency": null, "lastMarket": null, "marketCap": 39625052160}, "balanceSheetHistory": {"balanceSheetStatements": [{"maxAge": 1, "endDate": "2020-03-31", "cash": 1797348000, "shortTermInvestments": 161372000, "netReceivables": 21269005000, "inventory": 11964664000, "otherCurrentAssets": 6357560000, "totalCurrentAssets": 42507744000, "longTermInvestments": 101948000, "propertyPlantEquipment": 15487548000, "goodWill": 212476000, "intangibleAssets": 468768000, "otherAssets": 1555762000, "deferredLongTermAssetCharges": 164175000, "totalAssets": 60334246000, "accountsPayable": 14086914000, "shortLongTermDebt": 202804000, "otherCurrentLiab": 13221152000, "longTermDebt": 3859358000, "otherLiab": 2744915000, "minorityInterest": 540259000, "totalCurrentLiabilities": 34106681000, "totalLiab": 40981144000, "commonStock": 73529000, "retainedEarnings": 16188355000, "treasuryStock": 2505937000, "capitalSurplus": 45022000, "otherStockholderEquity": 2505937000, "totalStockholderEquity": 18812843000, "netTangibleAssets": 18131599000}, {"maxAge": 1, "endDate": "2019-03-31", "cash": 1084413000, "shortTermInvestments": 152322000, "netReceivables": 20321375000, "inventory": 12087335000, "otherCurrentAssets": 7424514000, "totalCurrentAssets": 42763621000, "longTermInvestments": 12587000, "propertyPlantEquipment": 6905709000, "goodWill": 209163000, "intangibleAssets": 558104000, "otherAssets": 833475000, "deferredLongTermAssetCharges": 68078000, "totalAssets": 51282659000, "accountsPayable": 14822869000, "otherCurrentLiab": 13210858000, "longTermDebt": 559764000, "otherLiab": 3335293000, "minorityInterest": 716498000, "totalCurrentLiabilities": 31519108000, "totalLiab": 35414165000, "commonStock": 73529000, "retainedEarnings": 15038736000, "treasuryStock": -5291000, "capitalSurplus": 45022000, "otherStockholderEquity": -5291000, "totalStockholderEquity": 15151996000, "netTangibleAssets": 14384729000}, {"maxAge": 1, "endDate": "2018-03-31", "cash": 1796823000, "shortTermInvestments": 181502000, "netReceivables": 12046222000, "inventory": 8399713000, "otherCurrentAssets": 4827014000, "totalCurrentAssets": 30981466000, "longTermInvestments": 91070000, "propertyPlantEquipment": 6073976000, "goodWill": 53007000, "intangibleAssets": 476393000, "otherAssets": 611426000, "deferredLongTermAssetCharges": 26902000, "totalAssets": 38287338000, "accountsPayable": 11099491000, "shortLongTermDebt": 308909000, "otherCurrentLiab": 6847856000, "otherLiab": 3161358000, "minorityInterest": 718332000, "totalCurrentLiabilities": 20596361000, "totalLiab": 23757719000, "commonStock": 73529000, "retainedEarnings": 13658954000, "treasuryStock": 33782000, "capitalSurplus": 45022000, "otherStockholderEquity": 33782000, "totalStockholderEquity": 13811287000, "netTangibleAssets": 13281887000}, {"maxAge": 1, "endDate": "2017-03-31", "cash": 356993000, "shortTermInvestments": 963525000, "netReceivables": 11671121000, "inventory": 10757522000, "otherCurrentAssets": 3302315000, "totalCurrentAssets": 34017043000, "longTermInvestments": 82537000, "propertyPlantEquipment": 5963840000, "goodWill": 53007000, "intangibleAssets": 401370000, "otherAssets": 705746000, "deferredLongTermAssetCharges": 86312000, "totalAssets": 41223543000, "accountsPayable": 14166597000, "shortLongTermDebt": 187960000, "otherCurrentLiab": 6932404000, "longTermDebt": 370110000, "otherLiab": 2370870000, "minorityInterest": 605062000, "totalCurrentLiabilities": 25341082000, "totalLiab": 28082062000, "commonStock": 73529000, "retainedEarnings": 12355038000, "treasuryStock": 62830000, "capitalSurplus": 45022000, "otherStockholderEquity": 62830000, "totalStockholderEquity": 12536419000, "netTangibleAssets": 12082042000}], "maxAge": 86400}, "earningsTrend": {"trend": [{"maxAge": 1, "period": "0q", "endDate": "2018-12-31", "growth": {}, "earningsEstimate": {"avg": 0.0, "low": 0.0, "high": 0.0, "yearAgoEps": {}, "numberOfAnalysts": 0, "growth": {}}, "revenueEstimate": {"avg": 0, "low": 0, "high": 0, "numberOfAnalysts": 0, "yearAgoRevenue": {}, "growth": {}}, "epsTrend": {"current": 0.0, "7daysAgo": 0.0, "30daysAgo": 0.0, "60daysAgo": 0.0, "90daysAgo": 0.0}, "epsRevisions": {"upLast7days": 0, "upLast30days": 0, "downLast30days": 0, "downLast90days": {}}}, {"maxAge": 1, "period": "+1q", "endDate": "2019-03-31", "growth": {}, "earningsEstimate": {"avg": 0.0, "low": 0.0, "high": 0.0, "yearAgoEps": {}, "numberOfAnalysts": 0, "growth": {}}, "revenueEstimate": {"avg": 0, "low": 0, "high": 0, "numberOfAnalysts": 0, "yearAgoRevenue": {}, "growth": {}}, "epsTrend": {"current": 0.0, "7daysAgo": 0.0, "30daysAgo": 0.0, "60daysAgo": 0.0, "90daysAgo": 0.0}, "epsRevisions": {"upLast7days": 0, "upLast30days": 0, "downLast30days": 0, "downLast90days": {}}}, {"maxAge": 1, "period": "0y", "endDate": "2019-03-31", "growth": {}, "earningsEstimate": {"avg": 0.0, "low": 0.0, "high": 0.0, "yearAgoEps": {}, "numberOfAnalysts": 0, "growth": {}}, "revenueEstimate": {"avg": 33378700000, "low": 30861400000, "high": 35896000000, "numberOfAnalysts": 2, "yearAgoRevenue": 26877100000, "growth": 0.24200001}, "epsTrend": {"current": 0.0, "7daysAgo": 186.34, "30daysAgo": 186.34, "60daysAgo": 186.34, "90daysAgo": 186.34}, "epsRevisions": {"upLast7days": 0, "upLast30days": 0, "downLast30days": 0, "downLast90days": {}}}, {"maxAge": 1, "period": "+1y", "endDate": "2020-03-31", "growth": {}, "earningsEstimate": {"avg": 0.0, "low": 0.0, "high": 0.0, "yearAgoEps": {}, "numberOfAnalysts": 0, "growth": {}}, "revenueEstimate": {"avg": 39568800000, "low": 35490600000, "high": 43647000000, "numberOfAnalysts": 2, "yearAgoRevenue": 33378700000, "growth": 0.185}, "epsTrend": {"current": 0.0, "7daysAgo": 249.52, "30daysAgo": 249.52, "60daysAgo": 249.52, "90daysAgo": 249.52}, "epsRevisions": {"upLast7days": 0, "upLast30days": 0, "downLast30days": 0, "downLast90days": {}}}, {"maxAge": 1, "period": "+5y", "endDate": null, "growth": {}, "earningsEstimate": {"avg": {}, "low": {}, "high": {}, "yearAgoEps": {}, "numberOfAnalysts": {}, "growth": {}}, "revenueEstimate": {"avg": {}, "low": {}, "high": {}, "numberOfAnalysts": {}, "yearAgoRevenue": {}, "growth": {}}, "epsTrend": {"current": {}, "7daysAgo": {}, "30daysAgo": {}, "60daysAgo": {}, "90daysAgo": {}}, "epsRevisions": {"upLast7days": {}, "upLast30days": {}, "downLast30days": {}, "downLast90days": {}}}, {"maxAge": 1, "period": "-5y", "endDate": null, "growth": {}, "earningsEstimate": {"avg": {}, "low": {}, "high": {}, "yearAgoEps": {}, "numberOfAnalysts": {}, "growth": {}}, "revenueEstimate": {"avg": {}, "low": {}, "high": {}, "numberOfAnalysts": {}, "yearAgoRevenue": {}, "growth": {}}, "epsTrend": {"current": {}, "7daysAgo": {}, "30daysAgo": {}, "60daysAgo": {}, "90daysAgo": {}}, "epsRevisions": {"upLast7days": {}, "upLast30days": {}, "downLast30days": {}, "downLast90days": {}}}], "maxAge": 1}, "financialData": {"maxAge": 86400, "currentPrice": 538.9, "targetHighPrice": 7093.0, "targetLowPrice": 7093.0, "targetMeanPrice": 7093.0, "targetMedianPrice": 7093.0, "recommendationKey": "none", "numberOfAnalystOpinions": 1, "grossProfits": 15920916000, "financialCurrency": "INR"}}}