{"ISHANCH.BO": {"recommendationTrend": {"trend": [{"period": "0m", "strongBuy": 0, "buy": 0, "hold": 0, "sell": 0, "strongSell": 0}, {"period": "-1m", "strongBuy": 0, "buy": 0, "hold": 0, "sell": 0, "strongSell": 0}, {"period": "-2m", "strongBuy": 0, "buy": 0, "hold": 0, "sell": 0, "strongSell": 0}, {"period": "-3m", "strongBuy": 0, "buy": 0, "hold": 0, "sell": 0, "strongSell": 0}], "maxAge": 86400}, "cashflowStatementHistory": {"cashflowStatements": [{"maxAge": 1, "endDate": "2020-03-31", "netIncome": 82084476, "depreciation": 17777713, "changeToNetincome": -2009546, "changeToAccountReceivables": -65207120, "changeToLiabilities": -2821408, "changeToInventory": 4246792, "changeToOperatingActivities": -8146378, "totalCashFromOperatingActivities": 25924529, "capitalExpenditures": -40835964, "otherCashflowsFromInvestingActivities": 5632083, "totalCashflowsFromInvestingActivities": -46465081, "netBorrowings": -89146160, "otherCashflowsFromFinancingActivities": -5946525, "totalCashFromFinancingActivities": 29734381, "changeInCash": 9193828, "issuanceOfStock": 124827066}, {"maxAge": 1, "endDate": "2019-03-31", "netIncome": 43278776, "depreciation": 12688264, "changeToNetincome": 18246283, "changeToAccountReceivables": 39348695, "changeToLiabilities": -10651589, "changeToInventory": -33321554, "changeToOperatingActivities": -19744448, "totalCashFromOperatingActivities": 49844427, "capitalExpenditures": -68161067, "otherCashflowsFromInvestingActivities": 151927, "totalCashflowsFromInvestingActivities": -68009140, "netBorrowings": 27065727, "otherCashflowsFromFinancingActivities": -9322711, "totalCashFromFinancingActivities": 17743016, "changeInCash": -421696, "issuanceOfStock": 124827066}, {"maxAge": 1, "endDate": "2018-03-31", "netIncome": 33633081, "depreciation": 8437493, "changeToNetincome": 8497972, "changeToAccountReceivables": -51314537, "changeToLiabilities": 29664979, "changeToInventory": 58345304, "changeToOperatingActivities": -15266675, "totalCashFromOperatingActivities": 71997617, "capitalExpenditures": -84957315, "otherCashflowsFromInvestingActivities": 440994, "totalCashflowsFromInvestingActivities": -79016321, "dividendsPaid": -8448525, "netBorrowings": 20983613, "otherCashflowsFromFinancingActivities": -8146250, "totalCashFromFinancingActivities": 4388838, "changeInCash": -2629865, "issuanceOfStock": 124827066}, {"maxAge": 1, "endDate": "2017-03-31", "netIncome": 56010495, "depreciation": 15464173, "changeToNetincome": 40098841, "changeToAccountReceivables": -34657874, "changeToLiabilities": 5821427, "changeToInventory": -75097653, "changeToOperatingActivities": 32201671, "totalCashFromOperatingActivities": 39841080, "capitalExpenditures": -17471357, "otherCashflowsFromInvestingActivities": 598335, "totalCashflowsFromInvestingActivities": -16873022, "dividendsPaid": -8448525, "netBorrowings": -13185508, "otherCashflowsFromFinancingActivities": -8189656, "totalCashFromFinancingActivities": -21375164, "changeInCash": 1592894, "issuanceOfStock": 124827066}], "maxAge": 86400}, "institutionOwnership": {"maxAge": 1, "ownershipList": []}, "balanceSheetHistoryQuarterly": {"balanceSheetStatements": [{"maxAge": 1, "endDate": "2020-06-30", "totalStockholderEquity": 541506000, "netTangibleAssets": 530378000}, {"maxAge": 1, "endDate": "2020-03-31", "cash": 11565323, "netReceivables": 190801152, "inventory": 89643586, "otherCurrentAssets": 50993938, "totalCurrentAssets": 344950258, "longTermInvestments": 205000, "propertyPlantEquipment": 284955497, "intangibleAssets": 11127867, "otherAssets": 24034348, "totalAssets": 665272970, "accountsPayable": 63078501, "shortLongTermDebt": 3390135, "otherCurrentLiab": 7372408, "longTermDebt": 6215313, "otherLiab": 16945649, "totalCurrentLiabilities": 100606246, "totalLiab": 123767208, "commonStock": 159681470, "retainedEarnings": 286308224, "treasuryStock": 12348472, "capitalSurplus": 83167596, "otherStockholderEquity": 12348472, "totalStockholderEquity": 541505762, "netTangibleAssets": 530377895}, {"maxAge": 1, "endDate": "2019-12-31", "totalStockholderEquity": 491833000, "netTangibleAssets": 491833000}, {"maxAge": 1, "endDate": "2019-09-30", "cash": 16228000, "netReceivables": 178871000, "inventory": 96419000, "otherCurrentAssets": 44225000, "totalCurrentAssets": 335743000, "longTermInvestments": 205000, "propertyPlantEquipment": 274761000, "otherAssets": 15101000, "totalAssets": 625810000, "accountsPayable": 85687000, "otherCurrentLiab": 10814000, "otherLiab": 30012000, "totalCurrentLiabilities": 103965000, "totalLiab": 133977000, "commonStock": 159681000, "treasuryStock": 332152000, "otherStockholderEquity": 332152000, "totalStockholderEquity": 491833000, "netTangibleAssets": 491833000}], "maxAge": 86400}, "earningsHistory": {"history": [{"maxAge": 1, "epsActual": {}, "epsEstimate": {}, "epsDifference": {}, "surprisePercent": {}, "quarter": {}, "period": "-4q"}, {"maxAge": 1, "epsActual": {}, "epsEstimate": {}, "epsDifference": {}, "surprisePercent": {}, "quarter": {}, "period": "-3q"}, {"maxAge": 1, "epsActual": {}, "epsEstimate": {}, "epsDifference": {}, "surprisePercent": {}, "quarter": {}, "period": "-2q"}, {"maxAge": 1, "epsActual": {}, "epsEstimate": {}, "epsDifference": {}, "surprisePercent": {}, "quarter": {}, "period": "-1q"}], "maxAge": 86400}, "indexTrend": {"maxAge": 1, "symbol": "SP5", "peRatio": 19.7411, "pegRatio": 1.34172, "estimates": [{"period": "0q", "growth": 0.549}, {"period": "+1q", "growth": 0.431}, {"period": "0y", "growth": 0.305}, {"period": "+1y", "growth": 0.109}, {"period": "+5y", "growth": 0.120859005}, {"period": "-5y"}]}, "industryTrend": {"maxAge": 1, "symbol": null, "estimates": []}, "insiderTransactions": {"transactions": [{"maxAge": 1, "shares": 167325, "filerUrl": "", "transactionText": "", "filerName": "Patel (Anilaben P.)", "filerRelation": "Director (Non-Executive)", "moneyText": "", "startDate": "2019-08-23", "ownership": "D"}, {"maxAge": 1, "shares": 682594, "filerUrl": "", "transactionText": "", "filerName": "Patel (Mirali Hemantbhai)", "filerRelation": "Promoter", "moneyText": "", "startDate": "2019-08-23", "ownership": "D"}, {"maxAge": 1, "shares": 3060402, "filerUrl": "", "transactionText": "", "filerName": "Patel (Piyushbhai Natvarlal)", "filerRelation": "Executive Chairman", "moneyText": "", "startDate": "2019-08-23", "ownership": "D"}, {"maxAge": 1, "shares": 681710, "filerUrl": "", "transactionText": "", "filerName": "Patel (Shrinalkumar Piyushbhai)", "filerRelation": "External Director", "moneyText": "", "startDate": "2019-08-23", "ownership": "D"}, {"maxAge": 1, "shares": 761250, "filerUrl": "", "transactionText": "", "filerName": "Patel (Anilaben P.)", "filerRelation": "Executive Chairman", "moneyText": "", "startDate": "2019-08-20", "ownership": "D"}, {"maxAge": 1, "shares": 761250, "filerUrl": "", "transactionText": "", "filerName": "Patel (Piyushbhai Natvarlal)", "filerRelation": "Promoter", "moneyText": "", "startDate": "2019-08-20", "ownership": "D"}], "maxAge": 1}, "quoteType": {"exchange": "BSE", "quoteType": "EQUITY", "symbol": "ISHANCH.BO", "underlyingSymbol": "ISHANCH.BO", "shortName": "ISHAN DYES & CHEMICALS LTD.", "longName": "Ishan Dyes & Chemicals Limited", "firstTradeDateEpochUtc": "2011-11-24 09:15:00", "timeZoneFullName": "Asia/Kolkata", "timeZoneShortName": "IST", "uuid": "f31fe9fc-0bd6-333e-8f90-8e8c35792dae", "messageBoardId": null, "gmtOffSetMilliseconds": 19800000, "maxAge": 1}, "incomeStatementHistory": {"incomeStatementHistory": [{"maxAge": 1, "endDate": "2020-03-31", "totalRevenue": 808267707, "costOfRevenue": 550070889, "grossProfit": 258196818, "researchDevelopment": {}, "sellingGeneralAdministrative": 71712214, "nonRecurring": {}, "otherOperatingExpenses": 73167148, "totalOperatingExpenses": 712727964, "operatingIncome": 95539743, "totalOtherIncomeExpenseNet": 6818153, "ebit": 95539743, "interestExpense": -7832781, "incomeBeforeTax": 102357896, "incomeTaxExpense": 20273420, "minorityInterest": {}, "netIncomeFromContinuingOps": 82084476, "discontinuedOperations": {}, "extraordinaryItems": {}, "effectOfAccountingCharges": {}, "otherItems": {}, "netIncome": 82084476, "netIncomeApplicableToCommonShares": 82084476}, {"maxAge": 1, "endDate": "2019-03-31", "totalRevenue": 675339307, "costOfRevenue": 468124040, "grossProfit": 207215267, "researchDevelopment": {}, "sellingGeneralAdministrative": 59017375, "nonRecurring": {}, "otherOperatingExpenses": 62618610, "totalOperatingExpenses": 602448289, "operatingIncome": 72891018, "totalOtherIncomeExpenseNet": -6955002, "ebit": 72891018, "interestExpense": -9084487, "incomeBeforeTax": 65936016, "incomeTaxExpense": 22657240, "minorityInterest": {}, "netIncomeFromContinuingOps": 43278776, "discontinuedOperations": {}, "extraordinaryItems": {}, "effectOfAccountingCharges": {}, "otherItems": {}, "netIncome": 43278776, "netIncomeApplicableToCommonShares": 43278776}, {"maxAge": 1, "endDate": "2018-03-31", "totalRevenue": 726806601, "costOfRevenue": 452220574, "grossProfit": 274586027, "researchDevelopment": {}, "sellingGeneralAdministrative": 52290084, "nonRecurring": {}, "otherOperatingExpenses": 161522726, "totalOperatingExpenses": 674470877, "operatingIncome": 52335724, "totalOtherIncomeExpenseNet": 6898699, "ebit": 52335724, "interestExpense": -6061507, "incomeBeforeTax": 59234423, "incomeTaxExpense": 25601342, "minorityInterest": {}, "netIncomeFromContinuingOps": 33633081, "discontinuedOperations": {}, "extraordinaryItems": {}, "effectOfAccountingCharges": {}, "otherItems": {}, "netIncome": 33633081, "netIncomeApplicableToCommonShares": 33633081}, {"maxAge": 1, "endDate": "2017-03-31", "totalRevenue": 677135351, "costOfRevenue": 353013477, "grossProfit": 324121874, "researchDevelopment": {}, "sellingGeneralAdministrative": 54091983, "nonRecurring": {}, "otherOperatingExpenses": 148375521, "totalOperatingExpenses": 570945154, "operatingIncome": 106190197, "totalOtherIncomeExpenseNet": -7936708, "ebit": 106190197, "interestExpense": -6995106, "incomeBeforeTax": 98253489, "incomeTaxExpense": 42242994, "minorityInterest": {}, "netIncomeFromContinuingOps": 56010495, "discontinuedOperations": {}, "extraordinaryItems": {}, "effectOfAccountingCharges": {}, "otherItems": {}, "netIncome": 56010495, "netIncomeApplicableToCommonShares": 56010495}], "maxAge": 86400}, "fundOwnership": {"maxAge": 1, "ownershipList": []}, "summaryDetail": {"maxAge": 1, "priceHint": 2, "previousClose": 60.05, "open": 63.0, "dayLow": 57.05, "dayHigh": 63.0, "regularMarketPreviousClose": 60.05, "regularMarketOpen": 63.0, "regularMarketDayLow": 57.05, "regularMarketDayHigh": 63.0, "trailingPE": 10.82388, "volume": 111931, "regularMarketVolume": 111931, "averageVolume": 25370, "averageVolume10days": 10532, "averageDailyVolume10Day": 10532, "bid": 57.0, "ask": 58.8, "bidSize": 0, "askSize": 0, "marketCap": 929343424, "fiftyTwoWeekLow": 16.0, "fiftyTwoWeekHigh": 63.0, "fiftyDayAverage": 51.00714, "twoHundredDayAverage": 44.51679, "trailingAnnualDividendRate": 0.0, "trailingAnnualDividendYield": 0.0, "currency": "INR", "fromCurrency": null, "toCurrency": null, "lastMarket": null, "algorithm": null, "tradeable": false}, "sectorTrend": {"maxAge": 1, "symbol": null, "estimates": []}, "incomeStatementHistoryQuarterly": {"incomeStatementHistory": [{"maxAge": 1, "endDate": "2020-06-30", "totalRevenue": 134025000, "costOfRevenue": 83601000, "grossProfit": 50424000, "researchDevelopment": {}, "sellingGeneralAdministrative": 10052000, "nonRecurring": {}, "otherOperatingExpenses": 11744000, "totalOperatingExpenses": 110380000, "operatingIncome": 23645000, "totalOtherIncomeExpenseNet": -931000, "ebit": 23645000, "interestExpense": -931000, "incomeBeforeTax": 22714000, "incomeTaxExpense": 5717000, "minorityInterest": {}, "netIncomeFromContinuingOps": 16997000, "discontinuedOperations": {}, "extraordinaryItems": {}, "effectOfAccountingCharges": {}, "otherItems": {}, "netIncome": 16997000, "netIncomeApplicableToCommonShares": 16997000}, {"maxAge": 1, "endDate": "2020-03-31", "totalRevenue": 200173707, "costOfRevenue": 131844889, "grossProfit": 68328818, "researchDevelopment": {}, "sellingGeneralAdministrative": 25577214, "nonRecurring": {}, "otherOperatingExpenses": 19810148, "totalOperatingExpenses": 182465964, "operatingIncome": 17707743, "totalOtherIncomeExpenseNet": 12278153, "ebit": 17707743, "interestExpense": -2370781, "incomeBeforeTax": 29985896, "incomeTaxExpense": 3071420, "minorityInterest": {}, "netIncomeFromContinuingOps": 26914476, "discontinuedOperations": {}, "extraordinaryItems": {}, "effectOfAccountingCharges": {}, "otherItems": {}, "netIncome": 26914476, "netIncomeApplicableToCommonShares": 26914476}, {"maxAge": 1, "endDate": "2019-12-31", "totalRevenue": 205600000, "costOfRevenue": 138354000, "grossProfit": 67246000, "researchDevelopment": {}, "sellingGeneralAdministrative": 15299000, "nonRecurring": {}, "otherOperatingExpenses": 18816000, "totalOperatingExpenses": 176717000, "operatingIncome": 28883000, "totalOtherIncomeExpenseNet": -198000, "ebit": 28883000, "interestExpense": -198000, "incomeBeforeTax": 28685000, "incomeTaxExpense": 5843000, "minorityInterest": {}, "netIncomeFromContinuingOps": 22842000, "discontinuedOperations": {}, "extraordinaryItems": {}, "effectOfAccountingCharges": {}, "otherItems": {}, "netIncome": 22842000, "netIncomeApplicableToCommonShares": 22842000}, {"maxAge": 1, "endDate": "2019-09-30", "totalRevenue": 215108000, "costOfRevenue": 150532000, "grossProfit": 64576000, "researchDevelopment": {}, "sellingGeneralAdministrative": 16038000, "nonRecurring": {}, "otherOperatingExpenses": 15775000, "totalOperatingExpenses": 186528000, "operatingIncome": 28580000, "totalOtherIncomeExpenseNet": -2269000, "ebit": 28580000, "interestExpense": -2271000, "incomeBeforeTax": 26311000, "incomeTaxExpense": 6841000, "minorityInterest": {}, "netIncomeFromContinuingOps": 19470000, "discontinuedOperations": {}, "extraordinaryItems": {}, "effectOfAccountingCharges": {}, "otherItems": {}, "netIncome": 19470000, "netIncomeApplicableToCommonShares": 19470000}], "maxAge": 86400}, "cashflowStatementHistoryQuarterly": {"cashflowStatements": [{"maxAge": 1, "endDate": "2020-06-30", "netIncome": 16997000, "changeToLiabilities": 0}, {"maxAge": 1, "endDate": "2020-03-31", "netIncome": 26914476, "changeToLiabilities": 0}, {"maxAge": 1, "endDate": "2019-12-31", "netIncome": 22842000, "changeToLiabilities": 0}, {"maxAge": 1, "endDate": "2019-09-30", "netIncome": 19470000, "changeToLiabilities": 0}], "maxAge": 86400}, "insiderHolders": {"holders": [{"maxAge": 1, "name": "Patel (Anilaben P.)", "relation": "Director (Non-Executive)", "url": "", "transactionDescription": "Other", "latestTransDate": "2019-08-23", "positionDirect": 1292325, "positionDirectDate": "2019-08-23"}, {"maxAge": 1, "name": "Patel (Mirali Hemantbhai)", "relation": "Promoter", "url": "", "transactionDescription": "Other", "latestTransDate": "2019-08-23", "positionDirect": 2166494, "positionDirectDate": "2019-08-23"}, {"maxAge": 1, "name": "Patel (Piyushbhai Natvarlal)", "relation": "Executive Chairman", "url": "", "transactionDescription": "Other", "latestTransDate": "2019-08-23", "positionDirect": 3964802, "positionDirectDate": "2019-08-23"}, {"maxAge": 1, "name": "Patel (Shrinalkumar Piyushbhai)", "relation": "External Director", "url": "", "transactionDescription": "Other", "latestTransDate": "2019-08-23", "positionDirect": 1665210, "positionDirectDate": "2019-08-23"}], "maxAge": 1}, "earnings": {"maxAge": 86400, "earningsChart": {"quarterly": [], "earningsDate": ["2020-07-20 05:30:S"]}, "financialsChart": {"yearly": [{"date": 2017, "revenue": 677135351, "earnings": 56010495}, {"date": 2018, "revenue": 726806601, "earnings": 33633081}, {"date": 2019, "revenue": 675339307, "earnings": 43278776}, {"date": 2020, "revenue": 808267707, "earnings": 82084476}], "quarterly": [{"date": "3Q2019", "revenue": 215108000, "earnings": 19470000}, {"date": "4Q2019", "revenue": 205600000, "earnings": 22842000}, {"date": "1Q2020", "revenue": 200173707, "earnings": 26914476}, {"date": "2Q2020", "revenue": 134025000, "earnings": 16997000}]}, "financialCurrency": "INR"}, "calendarEvents": {"maxAge": 1, "earnings": {"earningsDate": ["2020-07-20 05:30:S"]}}, "price": {"maxAge": 1, "regularMarketChangePercent": -0.030807637, "regularMarketChange": -1.8499985, "regularMarketTime": "2021-04-30 15:48:56", "priceHint": 2, "regularMarketPrice": 58.2, "regularMarketDayHigh": 63.0, "regularMarketDayLow": 57.05, "regularMarketVolume": 111931, "averageDailyVolume10Day": 10532, "averageDailyVolume3Month": 25370, "regularMarketPreviousClose": 60.05, "regularMarketSource": "FREE_REALTIME", "regularMarketOpen": 63.0, "exchange": "BSE", "exchangeName": "BSE", "exchangeDataDelayedBy": 0, "marketState": "CLOSED", "quoteType": "EQUITY", "symbol": "ISHANCH.BO", "underlyingSymbol": null, "shortName": "ISHAN DYES & CHEMICALS LTD.", "longName": "Ishan Dyes & Chemicals Limited", "currency": "INR", "quoteSourceName": "Delayed Quote", "currencySymbol": "\u20b9", "fromCurrency": null, "toCurrency": null, "lastMarket": null, "marketCap": 929343424}, "balanceSheetHistory": {"balanceSheetStatements": [{"maxAge": 1, "endDate": "2020-03-31", "cash": 11565323, "netReceivables": 190801152, "inventory": 89643586, "otherCurrentAssets": 50993938, "totalCurrentAssets": 344950258, "longTermInvestments": 205000, "propertyPlantEquipment": 284955497, "intangibleAssets": 11127867, "otherAssets": 24034348, "totalAssets": 665272970, "accountsPayable": 63078501, "shortLongTermDebt": 3390135, "otherCurrentLiab": 7372408, "longTermDebt": 6215313, "otherLiab": 16945649, "totalCurrentLiabilities": 100606246, "totalLiab": 123767208, "commonStock": 159681470, "retainedEarnings": 286308224, "treasuryStock": 12348472, "capitalSurplus": 83167596, "otherStockholderEquity": 12348472, "totalStockholderEquity": 541505762, "netTangibleAssets": 530377895}, {"maxAge": 1, "endDate": "2019-03-31", "cash": 2371496, "netReceivables": 123828606, "inventory": 93890378, "otherCurrentAssets": 54733588, "totalCurrentAssets": 275868396, "longTermInvestments": 205000, "propertyPlantEquipment": 261163913, "otherAssets": 10920168, "totalAssets": 548157477, "accountsPayable": 65899909, "shortLongTermDebt": 11216544, "otherCurrentLiab": 2024092, "longTermDebt": 31750908, "otherLiab": 18669637, "totalCurrentLiabilities": 163186081, "totalLiab": 213606626, "commonStock": 112647000, "retainedEarnings": 204223749, "treasuryStock": 12305102, "capitalSurplus": 5375000, "otherStockholderEquity": 12305102, "totalStockholderEquity": 334550851, "netTangibleAssets": 334550851}, {"maxAge": 1, "endDate": "2018-03-31", "cash": 2793193, "netReceivables": 163338301, "inventory": 60568824, "otherCurrentAssets": 42330684, "totalCurrentAssets": 269561613, "longTermInvestments": 205000, "propertyPlantEquipment": 205691109, "otherAssets": 5135804, "totalAssets": 480593526, "accountsPayable": 76551498, "shortLongTermDebt": 10235678, "otherCurrentLiab": 2711984, "longTermDebt": 28517225, "otherLiab": 11194139, "totalCurrentLiabilities": 149615437, "totalLiab": 189326801, "commonStock": 112647000, "retainedEarnings": 160944973, "treasuryStock": 12299752, "capitalSurplus": 5375000, "otherStockholderEquity": 12299752, "totalStockholderEquity": 291266725, "netTangibleAssets": 291266725}, {"maxAge": 1, "endDate": "2017-03-31", "cash": 5423059, "netReceivables": 130135393, "inventory": 118914128, "otherCurrentAssets": 43031191, "totalCurrentAssets": 297503771, "longTermInvestments": 205000, "propertyPlantEquipment": 129171288, "otherAssets": 9888040, "deferredLongTermAssetCharges": 4762931, "totalAssets": 436768099, "accountsPayable": 46886519, "shortLongTermDebt": 8980760, "otherCurrentLiab": 34051248, "longTermDebt": 11217877, "otherLiab": 11638876, "totalCurrentLiabilities": 146272055, "totalLiab": 169128808, "commonStock": 112647000, "retainedEarnings": 137480338, "treasuryStock": 12136953, "capitalSurplus": 5375000, "otherStockholderEquity": 12136953, "totalStockholderEquity": 267639291, "netTangibleAssets": 267639291}], "maxAge": 86400}, "earningsTrend": {"trend": [{"maxAge": 1, "period": "0q", "endDate": null, "growth": {}, "earningsEstimate": {"avg": 0.0, "low": 0.0, "high": 0.0, "yearAgoEps": {}, "numberOfAnalysts": 0, "growth": {}}, "revenueEstimate": {"avg": 0, "low": 0, "high": 0, "numberOfAnalysts": 0, "yearAgoRevenue": {}, "growth": {}}, "epsTrend": {"current": 0.0, "7daysAgo": 0.0, "30daysAgo": 0.0, "60daysAgo": 0.0, "90daysAgo": 0.0}, "epsRevisions": {"upLast7days": 0, "upLast30days": 0, "downLast30days": 0, "downLast90days": {}}}, {"maxAge": 1, "period": "+1q", "endDate": null, "growth": {}, "earningsEstimate": {"avg": 0.0, "low": 0.0, "high": 0.0, "yearAgoEps": {}, "numberOfAnalysts": 0, "growth": {}}, "revenueEstimate": {"avg": 0, "low": 0, "high": 0, "numberOfAnalysts": 0, "yearAgoRevenue": {}, "growth": {}}, "epsTrend": {"current": 0.0, "7daysAgo": 0.0, "30daysAgo": 0.0, "60daysAgo": 0.0, "90daysAgo": 0.0}, "epsRevisions": {"upLast7days": 0, "upLast30days": 0, "downLast30days": 0, "downLast90days": {}}}, {"maxAge": 1, "period": "0y", "endDate": null, "growth": {}, "earningsEstimate": {"avg": 0.0, "low": 0.0, "high": 0.0, "yearAgoEps": {}, "numberOfAnalysts": 0, "growth": {}}, "revenueEstimate": {"avg": 0, "low": 0, "high": 0, "numberOfAnalysts": 0, "yearAgoRevenue": {}, "growth": {}}, "epsTrend": {"current": 0.0, "7daysAgo": 0.0, "30daysAgo": 0.0, "60daysAgo": 0.0, "90daysAgo": 0.0}, "epsRevisions": {"upLast7days": 0, "upLast30days": 0, "downLast30days": 0, "downLast90days": {}}}, {"maxAge": 1, "period": "+1y", "endDate": null, "growth": {}, "earningsEstimate": {"avg": 0.0, "low": 0.0, "high": 0.0, "yearAgoEps": {}, "numberOfAnalysts": 0, "growth": {}}, "revenueEstimate": {"avg": 0, "low": 0, "high": 0, "numberOfAnalysts": 0, "yearAgoRevenue": {}, "growth": {}}, "epsTrend": {"current": 0.0, "7daysAgo": 0.0, "30daysAgo": 0.0, "60daysAgo": 0.0, "90daysAgo": 0.0}, "epsRevisions": {"upLast7days": 0, "upLast30days": 0, "downLast30days": 0, "downLast90days": {}}}, {"maxAge": 1, "period": "+5y", "endDate": null, "growth": {}, "earningsEstimate": {"avg": {}, "low": {}, "high": {}, "yearAgoEps": {}, "numberOfAnalysts": {}, "growth": {}}, "revenueEstimate": {"avg": {}, "low": {}, "high": {}, "numberOfAnalysts": {}, "yearAgoRevenue": {}, "growth": {}}, "epsTrend": {"current": {}, "7daysAgo": {}, "30daysAgo": {}, "60daysAgo": {}, "90daysAgo": {}}, "epsRevisions": {"upLast7days": {}, "upLast30days": {}, "downLast30days": {}, "downLast90days": {}}}, {"maxAge": 1, "period": "-5y", "endDate": null, "growth": {}, "earningsEstimate": {"avg": {}, "low": {}, "high": {}, "yearAgoEps": {}, "numberOfAnalysts": {}, "growth": {}}, "revenueEstimate": {"avg": {}, "low": {}, "high": {}, "numberOfAnalysts": {}, "yearAgoRevenue": {}, "growth": {}}, "epsTrend": {"current": {}, "7daysAgo": {}, "30daysAgo": {}, "60daysAgo": {}, "90daysAgo": {}}, "epsRevisions": {"upLast7days": {}, "upLast30days": {}, "downLast30days": {}, "downLast90days": {}}}], "maxAge": 1}, "financialData": {"maxAge": 86400, "currentPrice": 58.2, "recommendationKey": "none", "grossProfits": 258196818, "financialCurrency": "INR"}}}