{"ISLCONSUL.BO": {"cashflowStatementHistory": {"cashflowStatements": [{"maxAge": 1, "endDate": "2020-03-31", "netIncome": -3908745, "depreciation": 62206, "changeToNetincome": 3484174, "changeToAccountReceivables": 194160789, "changeToLiabilities": 3312, "changeToInventory": 5798725, "changeToOperatingActivities": -21258034, "totalCashFromOperatingActivities": 178342427, "capitalExpenditures": -20000, "investments": 4741654, "otherCashflowsFromInvestingActivities": 308948, "totalCashflowsFromInvestingActivities": 5030602, "netBorrowings": -131581237, "otherCashflowsFromFinancingActivities": -3793309, "totalCashFromFinancingActivities": -135374546, "changeInCash": 47998484}, {"maxAge": 1, "endDate": "2019-03-31", "netIncome": -1523831, "depreciation": 73180, "changeToNetincome": 276123, "changeToAccountReceivables": -164580840, "changeToLiabilities": 0, "changeToInventory": 30614269, "changeToOperatingActivities": -1018493, "totalCashFromOperatingActivities": -136159592, "capitalExpenditures": -106411, "investments": 6185460, "otherCashflowsFromInvestingActivities": 90532115, "totalCashflowsFromInvestingActivities": 95871195, "netBorrowings": -131581237, "otherCashflowsFromFinancingActivities": -3793309, "totalCashFromFinancingActivities": -135374546, "changeInCash": -23604838}, {"maxAge": 1, "endDate": "2018-03-31", "netIncome": -4358415, "depreciation": 31123, "changeToNetincome": -1890377, "changeToAccountReceivables": -32316961, "changeToLiabilities": 0, "changeToInventory": -13074779, "changeToOperatingActivities": 18391368, "totalCashFromOperatingActivities": -33218041, "capitalExpenditures": -102379, "investments": 6280260, "otherCashflowsFromInvestingActivities": 42252025, "totalCashflowsFromInvestingActivities": 48432732, "netBorrowings": -131581237, "otherCashflowsFromFinancingActivities": -3793309, "totalCashFromFinancingActivities": -135374546, "changeInCash": 15214692}, {"maxAge": 1, "endDate": "2017-03-31", "netIncome": 2819389, "depreciation": 41836, "changeToNetincome": -5144163, "changeToAccountReceivables": 10921401, "changeToLiabilities": 0, "changeToInventory": -10192337, "changeToOperatingActivities": 35016753, "totalCashFromOperatingActivities": 33462879, "capitalExpenditures": -20815, "investments": -31375224, "otherCashflowsFromInvestingActivities": 3418449, "totalCashflowsFromInvestingActivities": -28489364, "netBorrowings": -131581237, "otherCashflowsFromFinancingActivities": -3793309, "totalCashFromFinancingActivities": -135374546, "changeInCash": 4973516}], "maxAge": 86400}, "institutionOwnership": {"maxAge": 1, "ownershipList": []}, "balanceSheetHistoryQuarterly": {"balanceSheetStatements": [{"maxAge": 1, "endDate": "2020-06-30", "totalStockholderEquity": 109879800, "netTangibleAssets": 109879800}, {"maxAge": 1, "endDate": "2020-03-31", "cash": 31853888, "netReceivables": 28860912, "inventory": 14535075, "otherCurrentAssets": 15368889, "totalCurrentAssets": 90618764, "longTermInvestments": 17289850, "propertyPlantEquipment": 151424, "otherAssets": 2136788, "deferredLongTermAssetCharges": 2136788, "totalAssets": 110196826, "totalCurrentLiabilities": 317064, "totalLiab": 317064, "commonStock": 120000000, "retainedEarnings": -10120238, "totalStockholderEquity": 109879762, "netTangibleAssets": 109879762}, {"maxAge": 1, "endDate": "2019-12-31", "totalStockholderEquity": 75069000, "netTangibleAssets": 75069000}, {"maxAge": 1, "endDate": "2019-09-30", "cash": 8105000, "netReceivables": 102310000, "inventory": 10563000, "otherCurrentAssets": 15363000, "totalCurrentAssets": 155764000, "otherAssets": 2316000, "deferredLongTermAssetCharges": 2135000, "totalAssets": 158080000, "longTermDebt": 82421000, "otherLiab": 560000, "totalCurrentLiabilities": 30000, "totalLiab": 83011000, "commonStock": 120000000, "retainedEarnings": -44931000, "treasuryStock": -44931000, "otherStockholderEquity": -44931000, "totalStockholderEquity": 75069000, "netTangibleAssets": 75069000}], "maxAge": 86400}, "indexTrend": {"maxAge": 1, "symbol": "SP5", "peRatio": 19.7411, "pegRatio": 1.34172, "estimates": [{"period": "0q", "growth": 0.549}, {"period": "+1q", "growth": 0.431}, {"period": "0y", "growth": 0.305}, {"period": "+1y", "growth": 0.109}, {"period": "+5y", "growth": 0.120859005}, {"period": "-5y"}]}, "insiderTransactions": {"transactions": [{"maxAge": 1, "shares": 50000, "value": 8250, "filerUrl": "", "transactionText": "Acquisition at price 0.17 per share.", "filerName": "Kothari (Chandrikaben C)", "filerRelation": "Promoter", "moneyText": "", "startDate": "2020-09-30", "ownership": "D"}, {"maxAge": 1, "shares": 31700, "value": 4314, "filerUrl": "", "transactionText": "Acquisition at price 0.14 per share.", "filerName": "Kothari (Chandrikaben C)", "filerRelation": "Promoter", "moneyText": "", "startDate": "2020-09-07", "ownership": "D"}, {"maxAge": 1, "shares": 35000, "value": 5127, "filerUrl": "", "transactionText": "Acquisition at price 0.15 per share.", "filerName": "Kothari (Rajuben K)", "filerRelation": "Promoter", "moneyText": "", "startDate": "2020-09-02", "ownership": "D"}, {"maxAge": 1, "shares": 317650, "value": 50220, "filerUrl": "", "transactionText": "Acquisition at price 0.16 per share.", "filerName": "Kothari (Chandrikaben C)", "filerRelation": "Promoter", "moneyText": "", "startDate": "2020-08-26", "ownership": "D"}, {"maxAge": 1, "shares": 24000, "filerUrl": "", "transactionText": "", "filerName": "Kothari (Rajuben K)", "filerRelation": "Promoter", "moneyText": "", "startDate": "2020-05-28", "ownership": "D"}, {"maxAge": 1, "shares": 843675, "filerUrl": "", "transactionText": "", "filerName": "Kothari (Rajuben K)", "filerRelation": "Promoter", "moneyText": "", "startDate": "2020-05-26", "ownership": "D"}, {"maxAge": 1, "shares": 7500, "filerUrl": "", "transactionText": "", "filerName": "Chhaganlal (Hitesh) HUF", "filerRelation": "Promoter", "moneyText": "", "startDate": "2019-11-21", "ownership": "D"}, {"maxAge": 1, "shares": 28300, "filerUrl": "", "transactionText": "", "filerName": "Chhaganlal (Hitesh) HUF", "filerRelation": "Promoter", "moneyText": "", "startDate": "2019-11-20", "ownership": "D"}, {"maxAge": 1, "shares": 510500, "filerUrl": "", "transactionText": "", "filerName": "Chhaganlal (Hitesh) HUF", "filerRelation": "Promoter", "moneyText": "", "startDate": "2019-11-15", "ownership": "D"}, {"maxAge": 1, "shares": 20000, "filerUrl": "", "transactionText": "", "filerName": "Thakkar (Gitaben D)", "filerRelation": "UNREPORTED", "moneyText": "", "startDate": "2018-12-14", "ownership": "D"}, {"maxAge": 1, "shares": 38600, "filerUrl": "", "transactionText": "", "filerName": "Thakkar (Gitaben D)", "filerRelation": "UNREPORTED", "moneyText": "", "startDate": "2018-12-13", "ownership": "D"}, {"maxAge": 1, "shares": 32000, "filerUrl": "", "transactionText": "", "filerName": "Chhaganlal (Hitesh) HUF", "filerRelation": "Promoter", "moneyText": "", "startDate": "2018-12-12", "ownership": "D"}, {"maxAge": 1, "shares": 26200, "filerUrl": "", "transactionText": "", "filerName": "Thakkar (Shardaben Gokulbhai)", "filerRelation": "UNREPORTED", "moneyText": "", "startDate": "2018-12-11", "ownership": "D"}, {"maxAge": 1, "shares": 40200, "filerUrl": "", "transactionText": "", "filerName": "Chhaganlal (Hitesh) HUF", "filerRelation": "Promoter", "moneyText": "", "startDate": "2018-11-22", "ownership": "D"}, {"maxAge": 1, "shares": 16100, "filerUrl": "", "transactionText": "", "filerName": "Thakkar (Shardaben Gokulbhai)", "filerRelation": "UNREPORTED", "moneyText": "", "startDate": "2018-11-22", "ownership": "D"}, {"maxAge": 1, "shares": 63000, "filerUrl": "", "transactionText": "", "filerName": "Thakkar (Gitaben D)", "filerRelation": "UNREPORTED", "moneyText": "", "startDate": "2018-11-21", "ownership": "D"}, {"maxAge": 1, "shares": 63000, "filerUrl": "", "transactionText": "", "filerName": "Thakkar (Shardaben Gokulbhai)", "filerRelation": "UNREPORTED", "moneyText": "", "startDate": "2018-11-21", "ownership": "D"}, {"maxAge": 1, "shares": 21000, "filerUrl": "", "transactionText": "", "filerName": "Thakkar (Gitaben D)", "filerRelation": "UNREPORTED", "moneyText": "", "startDate": "2018-11-16", "ownership": "D"}, {"maxAge": 1, "shares": 22000, "filerUrl": "", "transactionText": "", "filerName": "Thakkar (Shardaben Gokulbhai)", "filerRelation": "UNREPORTED", "moneyText": "", "startDate": "2018-11-16", "ownership": "D"}, {"maxAge": 1, "shares": 42000, "filerUrl": "", "transactionText": "", "filerName": "Thakkar (Gitaben D)", "filerRelation": "UNREPORTED", "moneyText": "", "startDate": "2018-11-02", "ownership": "D"}, {"maxAge": 1, "shares": 41000, "filerUrl": "", "transactionText": "", "filerName": "Thakkar (Shardaben Gokulbhai)", "filerRelation": "UNREPORTED", "moneyText": "", "startDate": "2018-11-02", "ownership": "D"}, {"maxAge": 1, "shares": 63000, "filerUrl": "", "transactionText": "", "filerName": "Thakkar (Gitaben D)", "filerRelation": "UNREPORTED", "moneyText": "", "startDate": "2018-10-31", "ownership": "D"}, {"maxAge": 1, "shares": 63000, "filerUrl": "", "transactionText": "", "filerName": "Thakkar (Shardaben Gokulbhai)", "filerRelation": "UNREPORTED", "moneyText": "", "startDate": "2018-10-31", "ownership": "D"}, {"maxAge": 1, "shares": 22000, "filerUrl": "", "transactionText": "", "filerName": "Thakkar (Gitaben D)", "filerRelation": "UNREPORTED", "moneyText": "", "startDate": "2018-10-26", "ownership": "D"}, {"maxAge": 1, "shares": 22000, "filerUrl": "", "transactionText": "", "filerName": "Thakkar (Shardaben Gokulbhai)", "filerRelation": "UNREPORTED", "moneyText": "", "startDate": "2018-10-26", "ownership": "D"}], "maxAge": 1}, "quoteType": {"exchange": "BSE", "quoteType": "EQUITY", "symbol": "ISLCONSUL.BO", "underlyingSymbol": "ISLCONSUL.BO", "shortName": "ISL CONSULTING LTD.", "longName": "ISL Consulting Limited", "firstTradeDateEpochUtc": "1998-12-30 09:15:00", "timeZoneFullName": "Asia/Kolkata", "timeZoneShortName": "IST", "uuid": "a0230ceb-6e28-3ec2-91c9-faaf41acbc82", "messageBoardId": null, "gmtOffSetMilliseconds": 19800000, "maxAge": 1}, "incomeStatementHistory": {"incomeStatementHistory": [{"maxAge": 1, "endDate": "2020-03-31", "totalRevenue": 280888894, "costOfRevenue": 278817641, "grossProfit": 2071253, "researchDevelopment": {}, "sellingGeneralAdministrative": 3630727, "nonRecurring": {}, "otherOperatingExpenses": 2286906, "totalOperatingExpenses": 284797480, "operatingIncome": -3908586, "totalOtherIncomeExpenseNet": -319, "ebit": 0, "interestExpense": {}, "incomeBeforeTax": -3908905, "incomeTaxExpense": -160, "minorityInterest": {}, "netIncomeFromContinuingOps": -3908745, "discontinuedOperations": {}, "extraordinaryItems": {}, "effectOfAccountingCharges": {}, "otherItems": {}, "netIncome": -3908745, "netIncomeApplicableToCommonShares": -3908745}, {"maxAge": 1, "endDate": "2019-03-31", "totalRevenue": 481252634, "costOfRevenue": 475778857, "grossProfit": 5473777, "researchDevelopment": {}, "sellingGeneralAdministrative": 4080700, "nonRecurring": {}, "otherOperatingExpenses": 2438898, "totalOperatingExpenses": 482371635, "operatingIncome": -1119001, "totalOtherIncomeExpenseNet": -414000, "ebit": 0, "interestExpense": {}, "incomeBeforeTax": -1533001, "incomeTaxExpense": -9170, "minorityInterest": {}, "netIncomeFromContinuingOps": -1523831, "discontinuedOperations": {}, "extraordinaryItems": {}, "effectOfAccountingCharges": {}, "otherItems": {}, "netIncome": -1523831, "netIncomeApplicableToCommonShares": -1523831}, {"maxAge": 1, "endDate": "2018-03-31", "totalRevenue": 566348158, "costOfRevenue": 572008263, "grossProfit": -5660105, "researchDevelopment": {}, "sellingGeneralAdministrative": 3022650, "nonRecurring": {}, "otherOperatingExpenses": 2335122, "totalOperatingExpenses": 577397158, "operatingIncome": -11049000, "totalOtherIncomeExpenseNet": 4821169, "ebit": 0, "interestExpense": {}, "incomeBeforeTax": -6227831, "incomeTaxExpense": -1869416, "minorityInterest": {}, "netIncomeFromContinuingOps": -4358415, "discontinuedOperations": {}, "extraordinaryItems": {}, "effectOfAccountingCharges": {}, "otherItems": {}, "netIncome": -4358415, "netIncomeApplicableToCommonShares": -4358415}, {"maxAge": 1, "endDate": "2017-03-31", "totalRevenue": 466629065, "costOfRevenue": 457179091, "grossProfit": 9449974, "researchDevelopment": {}, "sellingGeneralAdministrative": 3165900, "nonRecurring": {}, "otherOperatingExpenses": 2127631, "totalOperatingExpenses": 462514458, "operatingIncome": 4114607, "totalOtherIncomeExpenseNet": -1, "ebit": 0, "interestExpense": {}, "incomeBeforeTax": 4114606, "incomeTaxExpense": 1295217, "minorityInterest": {}, "netIncomeFromContinuingOps": 2819389, "discontinuedOperations": {}, "extraordinaryItems": {}, "effectOfAccountingCharges": {}, "otherItems": {}, "netIncome": 2819389, "netIncomeApplicableToCommonShares": 2819389}], "maxAge": 86400}, "fundOwnership": {"maxAge": 1, "ownershipList": []}, "summaryDetail": {"maxAge": 1, "priceHint": 2, "previousClose": 11.55, "open": 11.0, "dayLow": 11.0, "dayHigh": 11.55, "regularMarketPreviousClose": 11.55, "regularMarketOpen": 11.0, "regularMarketDayLow": 11.0, "regularMarketDayHigh": 11.55, "trailingPE": 3.0023396, "volume": 119, "regularMarketVolume": 119, "averageVolume": 2234, "averageVolume10days": 116, "averageDailyVolume10Day": 116, "bid": 11.55, "ask": 0.0, "bidSize": 0, "askSize": 0, "marketCap": 277200000, "fiftyTwoWeekLow": 9.8, "fiftyTwoWeekHigh": 16.0, "fiftyDayAverage": 10.401428, "twoHundredDayAverage": 10.820949, "currency": "INR", "fromCurrency": null, "toCurrency": null, "lastMarket": null, "algorithm": null, "tradeable": false}, "incomeStatementHistoryQuarterly": {"incomeStatementHistory": [{"maxAge": 1, "endDate": "2020-06-30", "totalRevenue": 58248400, "costOfRevenue": 34257800, "grossProfit": 23990600, "researchDevelopment": {}, "sellingGeneralAdministrative": 1395600, "nonRecurring": {}, "otherOperatingExpenses": 95028, "totalOperatingExpenses": 35765728, "operatingIncome": 22482672, "totalOtherIncomeExpenseNet": 28, "ebit": 0, "interestExpense": {}, "incomeBeforeTax": 22482700, "incomeTaxExpense": 0, "minorityInterest": {}, "netIncomeFromContinuingOps": 22482700, "discontinuedOperations": {}, "extraordinaryItems": {}, "effectOfAccountingCharges": {}, "otherItems": {}, "netIncome": 22482700, "netIncomeApplicableToCommonShares": 22482700}, {"maxAge": 1, "endDate": "2020-03-31", "totalRevenue": 42330394, "costOfRevenue": 31481841, "grossProfit": 10848553, "researchDevelopment": {}, "sellingGeneralAdministrative": 373827, "nonRecurring": {}, "otherOperatingExpenses": 794806, "totalOperatingExpenses": 32663580, "operatingIncome": 9666814, "totalOtherIncomeExpenseNet": -183719, "ebit": 0, "interestExpense": {}, "incomeBeforeTax": 9483095, "incomeTaxExpense": -160, "minorityInterest": {}, "netIncomeFromContinuingOps": 9483255, "discontinuedOperations": {}, "extraordinaryItems": {}, "effectOfAccountingCharges": {}, "otherItems": {}, "netIncome": 9483255, "netIncomeApplicableToCommonShares": 9483255}, {"maxAge": 1, "endDate": "2019-12-31", "totalRevenue": 125576900, "costOfRevenue": 99012000, "grossProfit": 26564900, "researchDevelopment": {}, "sellingGeneralAdministrative": 914100, "nonRecurring": {}, "otherOperatingExpenses": 308400, "totalOperatingExpenses": 100249500, "operatingIncome": 25327400, "totalOtherIncomeExpenseNet": 100, "ebit": 0, "interestExpense": {}, "incomeBeforeTax": 25327500, "incomeTaxExpense": 0, "minorityInterest": {}, "netIncomeFromContinuingOps": 25327500, "discontinuedOperations": {}, "extraordinaryItems": {}, "effectOfAccountingCharges": {}, "otherItems": {}, "netIncome": 25327500, "netIncomeApplicableToCommonShares": 25327500}, {"maxAge": 1, "endDate": "2019-09-30", "totalRevenue": 71146100, "costOfRevenue": 34616900, "grossProfit": 36529200, "researchDevelopment": {}, "sellingGeneralAdministrative": 1011000, "nonRecurring": {}, "otherOperatingExpenses": 547300, "totalOperatingExpenses": 36192100, "operatingIncome": 34954000, "totalOtherIncomeExpenseNet": 200, "ebit": 0, "interestExpense": {}, "incomeBeforeTax": 34954000, "incomeTaxExpense": 0, "minorityInterest": {}, "netIncomeFromContinuingOps": 34954000, "discontinuedOperations": {}, "extraordinaryItems": {}, "effectOfAccountingCharges": {}, "otherItems": {}, "netIncome": 34954000, "netIncomeApplicableToCommonShares": 34954000}], "maxAge": 86400}, "cashflowStatementHistoryQuarterly": {"cashflowStatements": [{"maxAge": 1, "endDate": "2020-06-30", "netIncome": 22482700, "changeToLiabilities": 0}, {"maxAge": 1, "endDate": "2020-03-31", "netIncome": 9483255, "changeToLiabilities": 0}, {"maxAge": 1, "endDate": "2019-12-31", "netIncome": 25327500, "changeToLiabilities": 0}, {"maxAge": 1, "endDate": "2019-09-30", "netIncome": 34954000, "changeToLiabilities": 0}], "maxAge": 86400}, "insiderHolders": {"holders": [{"maxAge": 1, "name": "Chhaganlal (Hitesh) HUF", "relation": "Promoter", "url": "", "transactionDescription": "Acquisition", "latestTransDate": "2019-11-21", "positionDirect": 1038100, "positionDirectDate": "2019-11-21"}, {"maxAge": 1, "name": "Kothari (Chandrikaben C)", "relation": "Promoter", "url": "", "transactionDescription": "Acquisition", "latestTransDate": "2020-09-30", "positionDirect": 686000, "positionDirectDate": "2020-09-30"}, {"maxAge": 1, "name": "Kothari (Rajuben K)", "relation": "Promoter", "url": "", "transactionDescription": "Acquisition", "latestTransDate": "2020-09-02", "positionDirect": 1770350, "positionDirectDate": "2020-09-02"}, {"maxAge": 1, "name": "Thakkar (Gitaben D)", "relation": "UNREPORTED", "url": "", "transactionDescription": "Acquisition", "latestTransDate": "2018-12-14", "positionDirect": 269600, "positionDirectDate": "2018-12-14"}, {"maxAge": 1, "name": "Thakkar (Shardaben Gokulbhai)", "relation": "UNREPORTED", "url": "", "transactionDescription": "Acquisition", "latestTransDate": "2018-12-11", "positionDirect": 253300, "positionDirectDate": "2018-12-11"}], "maxAge": 1}, "calendarEvents": {"maxAge": 1, "earnings": {"earningsDate": []}}, "price": {"maxAge": 1, "regularMarketChangePercent": 0.0, "regularMarketChange": 0.0, "regularMarketTime": "2021-04-29 13:10:04", "priceHint": 2, "regularMarketPrice": 11.55, "regularMarketDayHigh": 11.55, "regularMarketDayLow": 11.0, "regularMarketVolume": 119, "averageDailyVolume10Day": 116, "averageDailyVolume3Month": 2234, "regularMarketPreviousClose": 11.55, "regularMarketSource": "FREE_REALTIME", "regularMarketOpen": 11.0, "exchange": "BSE", "exchangeName": "BSE", "exchangeDataDelayedBy": 0, "marketState": "CLOSED", "quoteType": "EQUITY", "symbol": "ISLCONSUL.BO", "underlyingSymbol": null, "shortName": "ISL CONSULTING LTD.", "longName": "ISL Consulting Limited", "currency": "INR", "quoteSourceName": "Delayed Quote", "currencySymbol": "\u20b9", "fromCurrency": null, "toCurrency": null, "lastMarket": null, "marketCap": 277200000}, "balanceSheetHistory": {"balanceSheetStatements": [{"maxAge": 1, "endDate": "2020-03-31", "cash": 31853888, "netReceivables": 28860912, "inventory": 14535075, "otherCurrentAssets": 15368889, "totalCurrentAssets": 90618764, "longTermInvestments": 17289850, "propertyPlantEquipment": 151424, "otherAssets": 2136788, "deferredLongTermAssetCharges": 2136788, "totalAssets": 110196826, "totalCurrentLiabilities": 317064, "totalLiab": 317064, "commonStock": 120000000, "retainedEarnings": -10120238, "totalStockholderEquity": 109879762, "netTangibleAssets": 109879762}, {"maxAge": 1, "endDate": "2019-03-31", "cash": 538821, "netReceivables": 201837187, "inventory": 20333799, "otherCurrentAssets": 15361812, "totalCurrentAssets": 238071619, "longTermInvestments": 22031504, "propertyPlantEquipment": 193630, "otherAssets": 2135348, "deferredLongTermAssetCharges": 2135348, "totalAssets": 262432101, "longTermDebt": 131581237, "otherLiab": 1, "totalCurrentLiabilities": 17062357, "totalLiab": 148643595, "commonStock": 120000000, "retainedEarnings": -6211494, "totalStockholderEquity": 113788506, "netTangibleAssets": 113788506}, {"maxAge": 1, "endDate": "2018-03-31", "cash": 24143661, "netReceivables": 32961760, "inventory": 49797421, "otherCurrentAssets": 17482077, "totalCurrentAssets": 124384919, "longTermInvestments": 28216964, "propertyPlantEquipment": 160397, "otherAssets": 3390400, "deferredLongTermAssetCharges": 2126178, "totalAssets": 156152680, "longTermDebt": 40728352, "otherLiab": 1, "totalCurrentLiabilities": 1227161, "totalLiab": 41955514, "commonStock": 120000000, "retainedEarnings": -5802834, "totalStockholderEquity": 114197166, "netTangibleAssets": 114197166}, {"maxAge": 1, "endDate": "2017-03-31", "cash": 8928970, "netReceivables": 309799, "inventory": 36722642, "otherCurrentAssets": 38018833, "totalCurrentAssets": 83980244, "longTermInvestments": 34497224, "propertyPlantEquipment": 89141, "otherAssets": 3048419, "deferredLongTermAssetCharges": 1781371, "totalAssets": 121615028, "otherCurrentLiab": 2865000, "otherLiab": 21897, "totalCurrentLiabilities": 3037550, "totalLiab": 3059447, "commonStock": 120000000, "retainedEarnings": -1444419, "totalStockholderEquity": 118555581, "netTangibleAssets": 118555581}], "maxAge": 86400}, "financialData": {"maxAge": 86400, "currentPrice": 11.55, "recommendationKey": "none", "grossProfits": 2071253, "financialCurrency": "INR"}}}