{"ISTLTD.BO": {"recommendationTrend": {"trend": [{"period": "0m", "strongBuy": 0, "buy": 0, "hold": 0, "sell": 0, "strongSell": 0}, {"period": "-1m", "strongBuy": 0, "buy": 0, "hold": 0, "sell": 0, "strongSell": 0}, {"period": "-2m", "strongBuy": 0, "buy": 0, "hold": 0, "sell": 0, "strongSell": 0}, {"period": "-3m", "strongBuy": 0, "buy": 0, "hold": 0, "sell": 0, "strongSell": 0}], "maxAge": 86400}, "cashflowStatementHistory": {"cashflowStatements": [{"maxAge": 1, "endDate": "2020-03-31", "netIncome": 803727000, "depreciation": 50626000, "changeToNetincome": -66600000, "changeToAccountReceivables": -12982000, "changeToLiabilities": -1735000, "changeToInventory": -4616000, "changeToOperatingActivities": 14673000, "totalCashFromOperatingActivities": 783093000, "capitalExpenditures": -12744000, "investments": -727777000, "otherCashflowsFromInvestingActivities": 138763000, "totalCashflowsFromInvestingActivities": -746801000, "netBorrowings": -10689000, "otherCashflowsFromFinancingActivities": -5395000, "totalCashFromFinancingActivities": -16084000, "changeInCash": 20208000}, {"maxAge": 1, "endDate": "2019-03-31", "netIncome": 983811000, "depreciation": 38346000, "changeToNetincome": -239267000, "changeToAccountReceivables": -358000, "changeToLiabilities": -484000, "changeToInventory": 2068000, "changeToOperatingActivities": 6132000, "totalCashFromOperatingActivities": 790317000, "capitalExpenditures": -29267000, "investments": -733104000, "otherCashflowsFromInvestingActivities": 132092000, "totalCashflowsFromInvestingActivities": -837862000, "netBorrowings": -829000, "otherCashflowsFromFinancingActivities": -2000, "totalCashFromFinancingActivities": -831000, "changeInCash": -48376000}, {"maxAge": 1, "endDate": "2018-03-31", "netIncome": 1004916000, "depreciation": 35938000, "changeToNetincome": -277955000, "changeToAccountReceivables": 14230000, "changeToLiabilities": -382000, "changeToInventory": 1276000, "changeToOperatingActivities": -33226000, "totalCashFromOperatingActivities": 745036000, "capitalExpenditures": -4817000, "investments": -839521000, "otherCashflowsFromInvestingActivities": 131974000, "totalCashflowsFromInvestingActivities": -710910000, "netBorrowings": -39152000, "otherCashflowsFromFinancingActivities": -1197000, "totalCashFromFinancingActivities": -40349000, "changeInCash": -6223000}, {"maxAge": 1, "endDate": "2017-03-31", "netIncome": 862028000, "depreciation": 36830000, "changeToNetincome": -217501000, "changeToAccountReceivables": -64335000, "changeToLiabilities": -932000, "changeToInventory": -1735000, "changeToOperatingActivities": 104851000, "totalCashFromOperatingActivities": 719534000, "capitalExpenditures": -3295000, "investments": -721537000, "otherCashflowsFromInvestingActivities": 122853000, "totalCashflowsFromInvestingActivities": -601312000, "netBorrowings": -86228000, "otherCashflowsFromFinancingActivities": -9235000, "totalCashFromFinancingActivities": -95463000, "changeInCash": 22759000}], "maxAge": 86400}, "institutionOwnership": {"maxAge": 1, "ownershipList": []}, "balanceSheetHistoryQuarterly": {"balanceSheetStatements": [{"maxAge": 1, "endDate": "2020-06-30", "totalStockholderEquity": 8032170000, "netTangibleAssets": 8031898000}, {"maxAge": 1, "endDate": "2020-03-31", "cash": 30445000, "shortTermInvestments": 129742000, "netReceivables": 169301000, "inventory": 77140000, "otherCurrentAssets": 31778000, "totalCurrentAssets": 438406000, "longTermInvestments": 4866213000, "propertyPlantEquipment": 153242000, "intangibleAssets": 272000, "otherAssets": 3147845000, "deferredLongTermAssetCharges": 625239000, "totalAssets": 8605978000, "accountsPayable": 2150000, "otherCurrentLiab": 109813000, "otherLiab": 449385000, "totalCurrentLiabilities": 124423000, "totalLiab": 573808000, "commonStock": 58468000, "treasuryStock": 7973702000, "otherStockholderEquity": 7973702000, "totalStockholderEquity": 8032170000, "netTangibleAssets": 8031898000}, {"maxAge": 1, "endDate": "2019-12-31", "totalStockholderEquity": 7741315000, "netTangibleAssets": 7741004000}, {"maxAge": 1, "endDate": "2019-09-30", "cash": 10365000, "shortTermInvestments": 333948000, "netReceivables": 74920000, "inventory": 79997000, "otherCurrentAssets": 33911000, "totalCurrentAssets": 533141000, "longTermInvestments": 4413849000, "propertyPlantEquipment": 159914000, "intangibleAssets": 311000, "otherAssets": 3190000000, "deferredLongTermAssetCharges": 655602000, "totalAssets": 8297215000, "accountsPayable": 2927000, "otherCurrentLiab": 74496000, "otherLiab": 464523000, "totalCurrentLiabilities": 91377000, "totalLiab": 555900000, "commonStock": 58468000, "treasuryStock": 7682847000, "otherStockholderEquity": 7682847000, "totalStockholderEquity": 7741315000, "netTangibleAssets": 7741004000}], "maxAge": 86400}, "earningsHistory": {"history": [{"maxAge": 1, "epsActual": {}, "epsEstimate": {}, "epsDifference": {}, "surprisePercent": {}, "quarter": {}, "period": "-4q"}, {"maxAge": 1, "epsActual": {}, "epsEstimate": {}, "epsDifference": {}, "surprisePercent": {}, "quarter": {}, "period": "-3q"}, {"maxAge": 1, "epsActual": {}, "epsEstimate": {}, "epsDifference": {}, "surprisePercent": {}, "quarter": {}, "period": "-2q"}, {"maxAge": 1, "epsActual": 3.73, "epsEstimate": 3.99, "epsDifference": -0.26, "surprisePercent": -0.065, "quarter": "2017-09-30", "period": "-1q"}], "maxAge": 86400}, "indexTrend": {"maxAge": 1, "symbol": "SP5", "peRatio": 19.7411, "pegRatio": 1.34172, "estimates": [{"period": "0q", "growth": 0.549}, {"period": "+1q", "growth": 0.431}, {"period": "0y", "growth": 0.305}, {"period": "+1y", "growth": 0.109}, {"period": "+5y", "growth": 0.120859005}, {"period": "-5y"}]}, "industryTrend": {"maxAge": 1, "symbol": null, "estimates": []}, "insiderTransactions": {"transactions": [{"maxAge": 1, "shares": 275000, "filerUrl": "", "transactionText": "", "filerName": "Antique Investments Company Ltd", "filerRelation": "Promoter", "moneyText": "", "startDate": "2017-04-05", "ownership": "D"}, {"maxAge": 1, "shares": 338900, "filerUrl": "", "transactionText": "", "filerName": "Delux Investments Pvt Ltd", "filerRelation": "Promoter", "moneyText": "", "startDate": "2017-04-05", "ownership": "D"}, {"maxAge": 1, "shares": 63900, "filerUrl": "", "transactionText": "", "filerName": "Galaxy Assocrates L.L.P", "filerRelation": "Institution- Corporation", "moneyText": "", "startDate": "2017-03-14", "ownership": "D"}, {"maxAge": 1, "shares": 63900, "filerUrl": "", "transactionText": "", "filerName": "Galaxy International Hotels Pvt Ltd", "filerRelation": "Promoter", "moneyText": "", "startDate": "2017-03-14", "ownership": "D"}, {"maxAge": 1, "shares": 280000, "filerUrl": "", "transactionText": "", "filerName": "Antique Investments Company Ltd", "filerRelation": "Promoter", "moneyText": "", "startDate": "2017-01-18", "ownership": "D"}, {"maxAge": 1, "shares": 280000, "filerUrl": "", "transactionText": "", "filerName": "Delux Investments Pvt Ltd", "filerRelation": "Promoter", "moneyText": "", "startDate": "2017-01-18", "ownership": "D"}, {"maxAge": 1, "shares": 290000, "filerUrl": "", "transactionText": "", "filerName": "Antique Investments Company Ltd", "filerRelation": "Promoter", "moneyText": "", "startDate": "2016-12-29", "ownership": "D"}, {"maxAge": 1, "shares": 290000, "filerUrl": "", "transactionText": "", "filerName": "Eastern India Power & Mining Co, Pvt. Ltd.", "filerRelation": "Promoter", "moneyText": "", "startDate": "2016-12-29", "ownership": "D"}, {"maxAge": 1, "shares": 87350, "filerUrl": "", "transactionText": "", "filerName": "Delux Investments Pvt Ltd", "filerRelation": "Promoter", "moneyText": "", "startDate": "2016-02-24", "ownership": "D"}, {"maxAge": 1, "shares": 87350, "filerUrl": "", "transactionText": "", "filerName": "Eastern India Power & Mining Co, Pvt. Ltd.", "filerRelation": "Promoter", "moneyText": "", "startDate": "2016-02-24", "ownership": "D"}], "maxAge": 1}, "quoteType": {"exchange": "BSE", "quoteType": "EQUITY", "symbol": "ISTLTD.BO", "underlyingSymbol": "ISTLTD.BO", "shortName": "IST LTD.", "longName": "IST Limited", "firstTradeDateEpochUtc": "2006-03-03 09:15:00", "timeZoneFullName": "Asia/Kolkata", "timeZoneShortName": "IST", "uuid": "0765ab1c-0ad8-3f6a-b4d3-8f60bc0de0e3", "messageBoardId": null, "gmtOffSetMilliseconds": 19800000, "maxAge": 1}, "incomeStatementHistory": {"incomeStatementHistory": [{"maxAge": 1, "endDate": "2020-03-31", "totalRevenue": 1182538000, "costOfRevenue": 30183000, "grossProfit": 1152355000, "researchDevelopment": {}, "sellingGeneralAdministrative": 92325000, "nonRecurring": {}, "otherOperatingExpenses": 231335000, "totalOperatingExpenses": 404469000, "operatingIncome": 778069000, "totalOtherIncomeExpenseNet": 306807000, "ebit": 778069000, "interestExpense": -39334000, "incomeBeforeTax": 1084876000, "incomeTaxExpense": 281149000, "minorityInterest": {}, "netIncomeFromContinuingOps": 803727000, "discontinuedOperations": {}, "extraordinaryItems": {}, "effectOfAccountingCharges": {}, "otherItems": {}, "netIncome": 803727000, "netIncomeApplicableToCommonShares": 803727000}, {"maxAge": 1, "endDate": "2019-03-31", "totalRevenue": 1161554000, "costOfRevenue": 58547000, "grossProfit": 1103007000, "researchDevelopment": {}, "sellingGeneralAdministrative": 117463000, "nonRecurring": {}, "otherOperatingExpenses": -37998000, "totalOperatingExpenses": 176427000, "operatingIncome": 985127000, "totalOtherIncomeExpenseNet": 205648000, "ebit": 985127000, "interestExpense": -31750000, "incomeBeforeTax": 1190775000, "incomeTaxExpense": 206964000, "minorityInterest": {}, "netIncomeFromContinuingOps": 983811000, "discontinuedOperations": {}, "extraordinaryItems": {}, "effectOfAccountingCharges": {}, "otherItems": {}, "netIncome": 983811000, "netIncomeApplicableToCommonShares": 983811000}, {"maxAge": 1, "endDate": "2018-03-31", "totalRevenue": 1110060000, "costOfRevenue": 55242000, "grossProfit": 1054818000, "researchDevelopment": {}, "sellingGeneralAdministrative": 108756000, "nonRecurring": {}, "otherOperatingExpenses": -27142000, "totalOperatingExpenses": 173034000, "operatingIncome": 937026000, "totalOtherIncomeExpenseNet": 136480000, "ebit": 937026000, "interestExpense": -20018000, "incomeBeforeTax": 1073506000, "incomeTaxExpense": 68590000, "minorityInterest": {}, "netIncomeFromContinuingOps": 1004916000, "discontinuedOperations": {}, "extraordinaryItems": {}, "effectOfAccountingCharges": {}, "otherItems": {}, "netIncome": 1004916000, "netIncomeApplicableToCommonShares": 1004916000}, {"maxAge": 1, "endDate": "2017-03-31", "totalRevenue": 1066826000, "costOfRevenue": 60517000, "grossProfit": 1006309000, "researchDevelopment": {}, "sellingGeneralAdministrative": 107484000, "nonRecurring": {}, "otherOperatingExpenses": 64222000, "totalOperatingExpenses": 269381000, "operatingIncome": 797445000, "totalOtherIncomeExpenseNet": 142503000, "ebit": 797445000, "interestExpense": -26755000, "incomeBeforeTax": 939948000, "incomeTaxExpense": 77920000, "minorityInterest": {}, "netIncomeFromContinuingOps": 862028000, "discontinuedOperations": {}, "extraordinaryItems": {}, "effectOfAccountingCharges": {}, "otherItems": {}, "netIncome": 862028000, "netIncomeApplicableToCommonShares": 862028000}], "maxAge": 86400}, "fundOwnership": {"maxAge": 1, "ownershipList": []}, "summaryDetail": {"maxAge": 1, "priceHint": 2, "previousClose": 380.0, "open": 378.0, "dayLow": 376.0, "dayHigh": 395.0, "regularMarketPreviousClose": 380.0, "regularMarketOpen": 378.0, "regularMarketDayLow": 376.0, "regularMarketDayHigh": 395.0, "trailingPE": 5.6663322, "forwardPE": 21.293802, "volume": 241, "regularMarketVolume": 241, "averageVolume": 1398, "averageVolume10days": 1020, "averageDailyVolume10Day": 1020, "bid": 380.1, "ask": 389.0, "bidSize": 0, "askSize": 0, "marketCap": 4607319552, "fiftyTwoWeekLow": 201.0, "fiftyTwoWeekHigh": 503.9, "fiftyDayAverage": 400.9457, "twoHundredDayAverage": 373.90802, "currency": "INR", "fromCurrency": null, "toCurrency": null, "lastMarket": null, "algorithm": null, "tradeable": false}, "sectorTrend": {"maxAge": 1, "symbol": null, "estimates": []}, "incomeStatementHistoryQuarterly": {"incomeStatementHistory": [{"maxAge": 1, "endDate": "2020-06-30", "totalRevenue": 265887000, "costOfRevenue": -1043000, "grossProfit": 266930000, "researchDevelopment": {}, "sellingGeneralAdministrative": 16765000, "nonRecurring": {}, "otherOperatingExpenses": 42706000, "totalOperatingExpenses": 71251000, "operatingIncome": 194636000, "totalOtherIncomeExpenseNet": 109902000, "ebit": 194636000, "interestExpense": -7274000, "incomeBeforeTax": 304538000, "incomeTaxExpense": 78011000, "minorityInterest": {}, "netIncomeFromContinuingOps": 226527000, "discontinuedOperations": {}, "extraordinaryItems": {}, "effectOfAccountingCharges": {}, "otherItems": {}, "netIncome": 226527000, "netIncomeApplicableToCommonShares": 226527000}, {"maxAge": 1, "endDate": "2020-03-31", "totalRevenue": 325327000, "costOfRevenue": 12911000, "grossProfit": 312416000, "researchDevelopment": {}, "sellingGeneralAdministrative": 23943000, "nonRecurring": {}, "otherOperatingExpenses": 130318000, "totalOperatingExpenses": 180230000, "operatingIncome": 145097000, "totalOtherIncomeExpenseNet": 60805000, "ebit": 145097000, "interestExpense": -18160000, "incomeBeforeTax": 205902000, "incomeTaxExpense": 51136000, "minorityInterest": {}, "netIncomeFromContinuingOps": 154766000, "discontinuedOperations": {}, "extraordinaryItems": {}, "effectOfAccountingCharges": {}, "otherItems": {}, "netIncome": 154766000, "netIncomeApplicableToCommonShares": 154766000}, {"maxAge": 1, "endDate": "2019-12-31", "totalRevenue": 299749000, "costOfRevenue": 5683000, "grossProfit": 294066000, "researchDevelopment": {}, "sellingGeneralAdministrative": 20942000, "nonRecurring": {}, "otherOperatingExpenses": 41320000, "totalOperatingExpenses": 80514000, "operatingIncome": 219235000, "totalOtherIncomeExpenseNet": 73174000, "ebit": 219235000, "interestExpense": -7170000, "incomeBeforeTax": 292409000, "incomeTaxExpense": 77911000, "minorityInterest": {}, "netIncomeFromContinuingOps": 214498000, "discontinuedOperations": {}, "extraordinaryItems": {}, "effectOfAccountingCharges": {}, "otherItems": {}, "netIncome": 214498000, "netIncomeApplicableToCommonShares": 214498000}, {"maxAge": 1, "endDate": "2019-09-30", "totalRevenue": 286278000, "costOfRevenue": 9200000, "grossProfit": 277078000, "researchDevelopment": {}, "sellingGeneralAdministrative": 23153000, "nonRecurring": {}, "otherOperatingExpenses": 36501000, "totalOperatingExpenses": 80631000, "operatingIncome": 205647000, "totalOtherIncomeExpenseNet": 83319000, "ebit": 205647000, "interestExpense": -7193000, "incomeBeforeTax": 288966000, "incomeTaxExpense": 71746000, "minorityInterest": {}, "netIncomeFromContinuingOps": 217220000, "discontinuedOperations": {}, "extraordinaryItems": {}, "effectOfAccountingCharges": {}, "otherItems": {}, "netIncome": 217220000, "netIncomeApplicableToCommonShares": 217220000}], "maxAge": 86400}, "cashflowStatementHistoryQuarterly": {"cashflowStatements": [{"maxAge": 1, "endDate": "2020-06-30", "netIncome": 226527000, "changeToLiabilities": 0}, {"maxAge": 1, "endDate": "2020-03-31", "netIncome": 154766000, "changeToLiabilities": 0}, {"maxAge": 1, "endDate": "2019-12-31", "netIncome": 214498000, "changeToLiabilities": 0}, {"maxAge": 1, "endDate": "2019-09-30", "netIncome": 217220000, "changeToLiabilities": 0}], "maxAge": 86400}, "insiderHolders": {"holders": [{"maxAge": 1, "name": "Antique Investments Company Ltd", "relation": "Promoter", "url": "", "transactionDescription": "Other", "latestTransDate": "2017-04-05", "positionDirect": 110700, "positionDirectDate": "2017-04-05"}, {"maxAge": 1, "name": "Delux Investments Pvt Ltd", "relation": "Promoter", "url": "", "transactionDescription": "Other", "latestTransDate": "2017-04-05", "positionDirect": 619375, "positionDirectDate": "2017-04-05"}, {"maxAge": 1, "name": "Eastern India Power & Mining Co, Pvt. Ltd.", "relation": "Promoter", "url": "", "transactionDescription": "Acquisition", "latestTransDate": "2016-12-29", "positionDirect": 377352, "positionDirectDate": "2016-12-29"}, {"maxAge": 1, "name": "Galaxy Assocrates L.L.P", "relation": "Institution- Corporation", "url": "", "transactionDescription": "Other", "latestTransDate": "2017-03-14", "positionDirect": 344375, "positionDirectDate": "2017-03-14"}, {"maxAge": 1, "name": "Galaxy International Hotels Pvt Ltd", "relation": "Promoter", "url": "", "transactionDescription": "Other", "latestTransDate": "2017-03-14", "positionDirect": 106, "positionDirectDate": "2017-03-14"}], "maxAge": 1}, "earnings": {"maxAge": 86400, "earningsChart": {"quarterly": [{"date": "3Q2017", "actual": 3.73, "estimate": 3.99}], "currentQuarterEstimateDate": "4Q", "currentQuarterEstimateYear": 2017, "earningsDate": ["2020-09-12 05:30:S"]}, "financialsChart": {"yearly": [{"date": 2017, "revenue": 1066826000, "earnings": 862028000}, {"date": 2018, "revenue": 1110060000, "earnings": 1004916000}, {"date": 2019, "revenue": 1161554000, "earnings": 983811000}, {"date": 2020, "revenue": 1182538000, "earnings": 803727000}], "quarterly": [{"date": "3Q2019", "revenue": 286278000, "earnings": 217220000}, {"date": "4Q2019", "revenue": 299749000, "earnings": 214498000}, {"date": "1Q2020", "revenue": 325327000, "earnings": 154766000}, {"date": "2Q2020", "revenue": 265887000, "earnings": 226527000}]}, "financialCurrency": "INR"}, "calendarEvents": {"maxAge": 1, "earnings": {"earningsDate": ["2020-09-12 05:30:S"]}}, "price": {"maxAge": 1, "regularMarketChangePercent": 0.039473683, "regularMarketChange": 15.0, "regularMarketTime": "2021-04-30 14:22:36", "priceHint": 2, "regularMarketPrice": 395.0, "regularMarketDayHigh": 395.0, "regularMarketDayLow": 376.0, "regularMarketVolume": 241, "averageDailyVolume10Day": 1020, "averageDailyVolume3Month": 1398, "regularMarketPreviousClose": 380.0, "regularMarketSource": "FREE_REALTIME", "regularMarketOpen": 378.0, "exchange": "BSE", "exchangeName": "BSE", "exchangeDataDelayedBy": 0, "marketState": "CLOSED", "quoteType": "EQUITY", "symbol": "ISTLTD.BO", "underlyingSymbol": null, "shortName": "IST LTD.", "longName": "IST Limited", "currency": "INR", "quoteSourceName": "Delayed Quote", "currencySymbol": "\u20b9", "fromCurrency": null, "toCurrency": null, "lastMarket": null, "marketCap": 4607319552}, "balanceSheetHistory": {"balanceSheetStatements": [{"maxAge": 1, "endDate": "2020-03-31", "cash": 30445000, "shortTermInvestments": 129742000, "netReceivables": 169301000, "inventory": 77140000, "otherCurrentAssets": 31778000, "totalCurrentAssets": 438406000, "longTermInvestments": 4866213000, "propertyPlantEquipment": 153242000, "intangibleAssets": 272000, "otherAssets": 3147845000, "deferredLongTermAssetCharges": 625239000, "totalAssets": 8605978000, "accountsPayable": 2150000, "otherCurrentLiab": 109813000, "otherLiab": 449385000, "totalCurrentLiabilities": 124423000, "totalLiab": 573808000, "commonStock": 58468000, "treasuryStock": 7973702000, "otherStockholderEquity": 7973702000, "totalStockholderEquity": 8032170000, "netTangibleAssets": 8031898000}, {"maxAge": 1, "endDate": "2019-03-31", "cash": 10237000, "netReceivables": 118640000, "inventory": 72524000, "otherCurrentAssets": 45405000, "totalCurrentAssets": 440864000, "longTermInvestments": 4158054000, "propertyPlantEquipment": 109670000, "intangibleAssets": 336000, "otherAssets": 3142086000, "deferredLongTermAssetCharges": 686466000, "totalAssets": 7851010000, "accountsPayable": 3886000, "otherCurrentLiab": 61743000, "otherLiab": 385444000, "totalCurrentLiabilities": 100686000, "totalLiab": 486130000, "commonStock": 58321000, "retainedEarnings": 7316683000, "treasuryStock": -16183000, "capitalSurplus": 6059000, "otherStockholderEquity": -16183000, "totalStockholderEquity": 7364880000, "netTangibleAssets": 7364544000}, {"maxAge": 1, "endDate": "2018-03-31", "cash": 58613000, "netReceivables": 148008000, "inventory": 74592000, "otherCurrentAssets": 2878000, "totalCurrentAssets": 329847000, "longTermInvestments": 3517027000, "propertyPlantEquipment": 104680000, "intangibleAssets": 310000, "otherAssets": 2920361000, "deferredLongTermAssetCharges": 629564000, "totalAssets": 6872225000, "accountsPayable": 4370000, "otherCurrentLiab": 53705000, "otherLiab": 368825000, "totalCurrentLiabilities": 88627000, "totalLiab": 457452000, "commonStock": 58321000, "retainedEarnings": 6339323000, "treasuryStock": 11070000, "capitalSurplus": 6059000, "otherStockholderEquity": 11070000, "totalStockholderEquity": 6414773000, "netTangibleAssets": 6414463000}, {"maxAge": 1, "endDate": "2017-03-31", "cash": 64836000, "netReceivables": 157921000, "inventory": 75868000, "otherCurrentAssets": 5605000, "totalCurrentAssets": 310450000, "longTermInvestments": 2703046000, "propertyPlantEquipment": 123032000, "intangibleAssets": 232000, "otherAssets": 2767543000, "deferredLongTermAssetCharges": 470833000, "totalAssets": 5904303000, "accountsPayable": 4752000, "otherCurrentLiab": 56424000, "longTermDebt": 40000000, "otherLiab": 357562000, "totalCurrentLiabilities": 92905000, "totalLiab": 490467000, "commonStock": 58321000, "retainedEarnings": 5335168000, "treasuryStock": 14288000, "capitalSurplus": 6059000, "otherStockholderEquity": 14288000, "totalStockholderEquity": 5413836000, "netTangibleAssets": 5413604000}], "maxAge": 86400}, "earningsTrend": {"trend": [{"maxAge": 1, "period": "0q", "endDate": "2017-12-31", "growth": {}, "earningsEstimate": {"avg": 0.0, "low": 0.0, "high": 0.0, "yearAgoEps": {}, "numberOfAnalysts": 0, "growth": {}}, "revenueEstimate": {"avg": 0, "low": 0, "high": 0, "numberOfAnalysts": 0, "yearAgoRevenue": {}, "growth": {}}, "epsTrend": {"current": 0.0, "7daysAgo": 0.0, "30daysAgo": 0.0, "60daysAgo": 0.0, "90daysAgo": 0.0}, "epsRevisions": {"upLast7days": 0, "upLast30days": 0, "downLast30days": 0, "downLast90days": {}}}, {"maxAge": 1, "period": "+1q", "endDate": "2018-03-31", "growth": {}, "earningsEstimate": {"avg": 0.0, "low": 0.0, "high": 0.0, "yearAgoEps": {}, "numberOfAnalysts": 0, "growth": {}}, "revenueEstimate": {"avg": 0, "low": 0, "high": 0, "numberOfAnalysts": 0, "yearAgoRevenue": {}, "growth": {}}, "epsTrend": {"current": 0.0, "7daysAgo": 0.0, "30daysAgo": 0.0, "60daysAgo": 0.0, "90daysAgo": 0.0}, "epsRevisions": {"upLast7days": 0, "upLast30days": 0, "downLast30days": 0, "downLast90days": {}}}, {"maxAge": 1, "period": "0y", "endDate": "2018-03-31", "growth": {}, "earningsEstimate": {"avg": 0.0, "low": 0.0, "high": 0.0, "yearAgoEps": {}, "numberOfAnalysts": 0, "growth": {}}, "revenueEstimate": {"avg": 0, "low": 298230000, "high": 298230000, "numberOfAnalysts": 1, "yearAgoRevenue": {}, "growth": {}}, "epsTrend": {"current": 0.0, "7daysAgo": 16.81, "30daysAgo": 16.81, "60daysAgo": 16.81, "90daysAgo": 16.81}, "epsRevisions": {"upLast7days": 0, "upLast30days": 0, "downLast30days": 0, "downLast90days": {}}}, {"maxAge": 1, "period": "+1y", "endDate": "2019-03-31", "growth": {}, "earningsEstimate": {"avg": 0.0, "low": 0.0, "high": 0.0, "yearAgoEps": {}, "numberOfAnalysts": 0, "growth": {}}, "revenueEstimate": {"avg": 342970000, "low": 342970000, "high": 342970000, "numberOfAnalysts": 1, "yearAgoRevenue": {}, "growth": {}}, "epsTrend": {"current": 0.0, "7daysAgo": 18.55, "30daysAgo": 18.55, "60daysAgo": 18.55, "90daysAgo": 18.55}, "epsRevisions": {"upLast7days": 0, "upLast30days": 0, "downLast30days": 0, "downLast90days": {}}}, {"maxAge": 1, "period": "+5y", "endDate": null, "growth": {}, "earningsEstimate": {"avg": {}, "low": {}, "high": {}, "yearAgoEps": {}, "numberOfAnalysts": {}, "growth": {}}, "revenueEstimate": {"avg": {}, "low": {}, "high": {}, "numberOfAnalysts": {}, "yearAgoRevenue": {}, "growth": {}}, "epsTrend": {"current": {}, "7daysAgo": {}, "30daysAgo": {}, "60daysAgo": {}, "90daysAgo": {}}, "epsRevisions": {"upLast7days": {}, "upLast30days": {}, "downLast30days": {}, "downLast90days": {}}}, {"maxAge": 1, "period": "-5y", "endDate": null, "growth": {}, "earningsEstimate": {"avg": {}, "low": {}, "high": {}, "yearAgoEps": {}, "numberOfAnalysts": {}, "growth": {}}, "revenueEstimate": {"avg": {}, "low": {}, "high": {}, "numberOfAnalysts": {}, "yearAgoRevenue": {}, "growth": {}}, "epsTrend": {"current": {}, "7daysAgo": {}, "30daysAgo": {}, "60daysAgo": {}, "90daysAgo": {}}, "epsRevisions": {"upLast7days": {}, "upLast30days": {}, "downLast30days": {}, "downLast90days": {}}}], "maxAge": 1}, "financialData": {"maxAge": 86400, "currentPrice": 395.0, "targetHighPrice": 226.0, "targetLowPrice": 226.0, "targetMeanPrice": 226.0, "targetMedianPrice": 226.0, "recommendationMean": 2.0, "recommendationKey": "buy", "numberOfAnalystOpinions": 1, "grossProfits": 1152355000, "financialCurrency": "INR"}}}