{"ITDC.BO": {"recommendationTrend": {"trend": [{"period": "0m", "strongBuy": 0, "buy": 0, "hold": 0, "sell": 0, "strongSell": 0}, {"period": "-1m", "strongBuy": 0, "buy": 0, "hold": 0, "sell": 0, "strongSell": 0}, {"period": "-2m", "strongBuy": 0, "buy": 0, "hold": 0, "sell": 0, "strongSell": 0}, {"period": "-3m", "strongBuy": 0, "buy": 0, "hold": 0, "sell": 0, "strongSell": 0}], "maxAge": 86400}, "cashflowStatementHistory": {"cashflowStatements": [{"maxAge": 1, "endDate": "2019-03-31", "netIncome": 419423000, "depreciation": 72537000, "changeToNetincome": -192791000, "changeToAccountReceivables": 3277000, "changeToLiabilities": 36564000, "changeToInventory": 5745000, "changeToOperatingActivities": -633417000, "totalCashFromOperatingActivities": -287611000, "capitalExpenditures": -101840000, "otherCashflowsFromInvestingActivities": 182330000, "totalCashflowsFromInvestingActivities": 230301000, "dividendsPaid": -158673000, "netBorrowings": 7107000, "otherCashflowsFromFinancingActivities": -44349000, "totalCashFromFinancingActivities": -195915000, "changeInCash": -253225000}, {"maxAge": 1, "endDate": "2018-03-31", "netIncome": 115688000, "depreciation": 71179000, "changeToNetincome": -147961000, "changeToAccountReceivables": -60941000, "changeToLiabilities": -64097000, "changeToInventory": 21033000, "changeToOperatingActivities": 214067000, "totalCashFromOperatingActivities": 149925000, "capitalExpenditures": -172143000, "investments": 18350000, "otherCashflowsFromInvestingActivities": 213662000, "totalCashflowsFromInvestingActivities": 74343000, "dividendsPaid": -114073000, "netBorrowings": 12024000, "otherCashflowsFromFinancingActivities": 10495000, "totalCashFromFinancingActivities": -91554000, "changeInCash": 132713000}, {"maxAge": 1, "endDate": "2017-03-31", "netIncome": 74483000, "depreciation": 64525000, "changeToNetincome": -150351000, "changeToAccountReceivables": -131764000, "changeToLiabilities": 100269000, "changeToInventory": 13725000, "changeToOperatingActivities": -41289000, "totalCashFromOperatingActivities": -70156000, "capitalExpenditures": -205392000, "investments": 18350000, "otherCashflowsFromInvestingActivities": 193266000, "totalCashflowsFromInvestingActivities": -12090000, "dividendsPaid": -128654000, "netBorrowings": 1269000, "otherCashflowsFromFinancingActivities": -21245000, "totalCashFromFinancingActivities": -148630000, "changeInCash": -230876000}, {"maxAge": 1, "endDate": "2016-03-31", "netIncome": 178482000, "depreciation": 88489000, "changeToNetincome": -200115000, "changeToAccountReceivables": 74340000, "changeToLiabilities": 21221000, "changeToInventory": -17544000, "changeToOperatingActivities": -15984000, "totalCashFromOperatingActivities": 129506000, "capitalExpenditures": -99090000, "investments": 18350000, "otherCashflowsFromInvestingActivities": 249483000, "totalCashflowsFromInvestingActivities": 150395000, "dividendsPaid": -171539000, "netBorrowings": 4645000, "otherCashflowsFromFinancingActivities": -41392000, "totalCashFromFinancingActivities": -208286000, "changeInCash": 71615000}], "maxAge": 86400}, "institutionOwnership": {"ownershipList": [], "maxAge": 1}, "balanceSheetHistoryQuarterly": {"balanceSheetStatements": [{"maxAge": 1, "endDate": "2019-12-31", "totalStockholderEquity": 3103204000, "netTangibleAssets": 3099763000}, {"maxAge": 1, "endDate": "2019-09-30", "cash": 2229827000, "shortTermInvestments": 902082000, "netReceivables": 1204286000, "inventory": 100509000, "otherCurrentAssets": 873582000, "totalCurrentAssets": 5310286000, "longTermInvestments": 32361000, "propertyPlantEquipment": 598115000, "intangibleAssets": 3441000, "otherAssets": 344859000, "deferredLongTermAssetCharges": 338744000, "totalAssets": 6289062000, "accountsPayable": 537729000, "otherCurrentLiab": 2049807000, "otherLiab": 641508000, "minorityInterest": -58086000, "totalCurrentLiabilities": 2602436000, "totalLiab": 3243944000, "commonStock": 857694000, "treasuryStock": 2245510000, "otherStockholderEquity": 2245510000, "totalStockholderEquity": 3103204000, "netTangibleAssets": 3099763000}, {"maxAge": 1, "endDate": "2019-06-30", "totalStockholderEquity": 3314266000, "netTangibleAssets": 3309945000}, {"maxAge": 1, "endDate": "2018-12-31"}], "maxAge": 86400}, "earningsHistory": {"history": [{"maxAge": 1, "epsActual": {}, "epsEstimate": {}, "epsDifference": {}, "surprisePercent": {}, "quarter": {}, "period": "-4q"}, {"maxAge": 1, "epsActual": {}, "epsEstimate": {}, "epsDifference": {}, "surprisePercent": {}, "quarter": {}, "period": "-3q"}, {"maxAge": 1, "epsActual": {}, "epsEstimate": {}, "epsDifference": {}, "surprisePercent": {}, "quarter": {}, "period": "-2q"}, {"maxAge": 1, "epsActual": {}, "epsEstimate": {}, "epsDifference": {}, "surprisePercent": {}, "quarter": {}, "period": "-1q"}], "maxAge": 86400}, "indexTrend": {"maxAge": 1, "symbol": "SP5", "peRatio": 19.7411, "pegRatio": 1.34172, "estimates": [{"period": "0q", "growth": 0.549}, {"period": "+1q", "growth": 0.431}, {"period": "0y", "growth": 0.305}, {"period": "+1y", "growth": 0.109}, {"period": "+5y", "growth": 0.120865}, {"period": "-5y"}]}, "industryTrend": {"maxAge": 1, "symbol": null, "estimates": []}, "insiderTransactions": {"transactions": [{"maxAge": 1, "shares": 4288470, "filerUrl": "", "transactionText": "", "filerName": "President of India", "filerRelation": "Promoter", "moneyText": "", "startDate": "2013-08-02", "ownership": "D"}], "maxAge": 1}, "quoteType": {"exchange": "BSE", "quoteType": "EQUITY", "symbol": "ITDC.BO", "underlyingSymbol": "ITDC.BO", "shortName": "INDIA TOURISM DEVELOPMENT CORP", "longName": "India Tourism Development Corporation Limited", "firstTradeDateEpochUtc": "2000-01-27 09:15:00", "timeZoneFullName": "Asia/Kolkata", "timeZoneShortName": "IST", "uuid": "72e0b9d0-9b2b-3525-8a31-fceda3788bd8", "gmtOffSetMilliseconds": 19800000, "maxAge": 1}, "incomeStatementHistory": {"incomeStatementHistory": [{"maxAge": 1, "endDate": "2019-03-31", "totalRevenue": 3559487000, "costOfRevenue": 1846843000, "grossProfit": 1712644000, "researchDevelopment": {}, "sellingGeneralAdministrative": 51835000, "nonRecurring": {}, "otherOperatingExpenses": 1411690000, "totalOperatingExpenses": 3383957000, "operatingIncome": 175530000, "totalOtherIncomeExpenseNet": 427514000, "ebit": 175530000, "interestExpense": -1226000, "incomeBeforeTax": 603044000, "incomeTaxExpense": 179044000, "minorityInterest": -49599000, "netIncomeFromContinuingOps": 424000000, "discontinuedOperations": -22119000, "extraordinaryItems": {}, "effectOfAccountingCharges": {}, "otherItems": {}, "netIncome": 419423000, "netIncomeApplicableToCommonShares": 419423000}, {"maxAge": 1, "endDate": "2018-03-31", "totalRevenue": 3457684000, "costOfRevenue": 2107818000, "grossProfit": 1349866000, "researchDevelopment": {}, "sellingGeneralAdministrative": 46348000, "nonRecurring": {}, "otherOperatingExpenses": 1408233000, "totalOperatingExpenses": 3634535000, "operatingIncome": -176851000, "totalOtherIncomeExpenseNet": 557905000, "ebit": -176851000, "interestExpense": -788000, "incomeBeforeTax": 381054000, "incomeTaxExpense": 89149000, "minorityInterest": -32057000, "netIncomeFromContinuingOps": 291905000, "discontinuedOperations": -148677000, "extraordinaryItems": {}, "effectOfAccountingCharges": {}, "otherItems": {}, "netIncome": 115688000, "netIncomeApplicableToCommonShares": 115688000}, {"maxAge": 1, "endDate": "2017-03-31", "totalRevenue": 3491351000, "costOfRevenue": 1953000000, "grossProfit": 1538351000, "researchDevelopment": {}, "sellingGeneralAdministrative": 55963000, "nonRecurring": {}, "otherOperatingExpenses": 1315647000, "totalOperatingExpenses": 3393493000, "operatingIncome": 97858000, "totalOtherIncomeExpenseNet": 115686000, "ebit": 97858000, "interestExpense": -362000, "incomeBeforeTax": 213544000, "incomeTaxExpense": 81416000, "minorityInterest": -59597000, "netIncomeFromContinuingOps": 132128000, "discontinuedOperations": -46512000, "extraordinaryItems": {}, "effectOfAccountingCharges": {}, "otherItems": {}, "netIncome": 74483000, "netIncomeApplicableToCommonShares": 74483000}, {"maxAge": 1, "endDate": "2016-03-31", "totalRevenue": 4590780000, "costOfRevenue": 2145624000, "grossProfit": 2445156000, "researchDevelopment": {}, "sellingGeneralAdministrative": 2267419000, "nonRecurring": {}, "otherOperatingExpenses": -85000, "totalOperatingExpenses": 4502008000, "operatingIncome": 88772000, "totalOtherIncomeExpenseNet": 184978000, "ebit": 88772000, "interestExpense": -6344000, "incomeBeforeTax": 273750000, "incomeTaxExpense": 98174000, "minorityInterest": 27575000, "netIncomeFromContinuingOps": 175576000, "discontinuedOperations": -46512000, "extraordinaryItems": {}, "effectOfAccountingCharges": {}, "otherItems": {}, "netIncome": 178482000, "netIncomeApplicableToCommonShares": 178482000}], "maxAge": 86400}, "fundOwnership": {"ownershipList": [], "maxAge": 1}, "summaryDetail": {"maxAge": 1, "priceHint": 2, "previousClose": 323.2, "open": 315.75, "dayLow": 315.75, "dayHigh": 334.3, "regularMarketPreviousClose": 323.2, "regularMarketOpen": 315.75, "regularMarketDayLow": 315.75, "regularMarketDayHigh": 334.3, "trailingPE": 92.48807, "volume": 6444, "regularMarketVolume": 6444, "averageVolume": 20647, "averageVolume10days": 5443, "averageDailyVolume10Day": 5443, "bid": 324.0, "ask": 331.0, "bidSize": 0, "askSize": 0, "marketCap": 28248152064, "fiftyTwoWeekLow": 104.95, "fiftyTwoWeekHigh": 354.0, "fiftyDayAverage": 312.27728, "twoHundredDayAverage": 256.04706, "trailingAnnualDividendRate": 2.1, "trailingAnnualDividendYield": 0.006497524, "currency": "INR", "fromCurrency": null, "lastMarket": null, "algorithm": null, "tradeable": false}, "sectorTrend": {"maxAge": 1, "symbol": null, "estimates": []}, "incomeStatementHistoryQuarterly": {"incomeStatementHistory": [{"maxAge": 1, "endDate": "2019-12-31", "totalRevenue": 1055319000, "costOfRevenue": 540279000, "grossProfit": 515040000, "researchDevelopment": {}, "sellingGeneralAdministrative": {}, "nonRecurring": {}, "otherOperatingExpenses": 319570000, "totalOperatingExpenses": 877124000, "operatingIncome": 178195000, "totalOtherIncomeExpenseNet": 44822000, "ebit": 178195000, "interestExpense": -2078000, "incomeBeforeTax": 223017000, "incomeTaxExpense": 122000000, "minorityInterest": {}, "netIncomeFromContinuingOps": 101017000, "discontinuedOperations": -926000, "extraordinaryItems": {}, "effectOfAccountingCharges": {}, "otherItems": {}, "netIncome": 100091000, "netIncomeApplicableToCommonShares": 100091000}, {"maxAge": 1, "endDate": "2019-09-30", "totalRevenue": 836291000, "costOfRevenue": 505375000, "grossProfit": 330916000, "researchDevelopment": {}, "sellingGeneralAdministrative": {}, "nonRecurring": {}, "otherOperatingExpenses": 292267000, "totalOperatingExpenses": 815856000, "operatingIncome": 20435000, "totalOtherIncomeExpenseNet": 45883000, "ebit": 20435000, "interestExpense": -406000, "incomeBeforeTax": 66318000, "incomeTaxExpense": 64373000, "minorityInterest": -58086000, "netIncomeFromContinuingOps": 1945000, "discontinuedOperations": -1280000, "extraordinaryItems": {}, "effectOfAccountingCharges": {}, "otherItems": {}, "netIncome": 665000, "netIncomeApplicableToCommonShares": 665000}, {"maxAge": 1, "endDate": "2019-06-30", "totalRevenue": 621168000, "costOfRevenue": 326116000, "grossProfit": 295052000, "researchDevelopment": {}, "sellingGeneralAdministrative": {}, "nonRecurring": {}, "otherOperatingExpenses": 306521000, "totalOperatingExpenses": 650799000, "operatingIncome": -29631000, "totalOtherIncomeExpenseNet": 52708000, "ebit": -29631000, "interestExpense": -5192000, "incomeBeforeTax": 23077000, "incomeTaxExpense": 19653000, "minorityInterest": -58086000, "netIncomeFromContinuingOps": 3424000, "discontinuedOperations": -2151000, "extraordinaryItems": {}, "effectOfAccountingCharges": {}, "otherItems": {}, "netIncome": 1273000, "netIncomeApplicableToCommonShares": 1273000}, {"maxAge": 1, "endDate": "2018-12-31", "totalRevenue": 955772000, "costOfRevenue": 589892000, "grossProfit": 365880000, "researchDevelopment": {}, "sellingGeneralAdministrative": {}, "nonRecurring": {}, "otherOperatingExpenses": 278281000, "totalOperatingExpenses": 884969000, "operatingIncome": 70803000, "totalOtherIncomeExpenseNet": 61951000, "ebit": 70803000, "interestExpense": -5192000, "incomeBeforeTax": 132754000, "incomeTaxExpense": 52988000, "minorityInterest": -58086000, "netIncomeFromContinuingOps": 79766000, "discontinuedOperations": -9752000, "extraordinaryItems": {}, "effectOfAccountingCharges": {}, "otherItems": {}, "netIncome": 70014000, "netIncomeApplicableToCommonShares": 70014000}], "maxAge": 86400}, "cashflowStatementHistoryQuarterly": {"cashflowStatements": [{"maxAge": 1, "endDate": "2019-12-31", "netIncome": 100091000, "changeToLiabilities": 0}, {"maxAge": 1, "endDate": "2019-09-30", "netIncome": 665000, "changeToLiabilities": 0}, {"maxAge": 1, "endDate": "2019-06-30", "netIncome": 1273000, "changeToLiabilities": 0}, {"maxAge": 1, "endDate": "2018-12-31", "netIncome": 70014000, "changeToLiabilities": 0}], "maxAge": 86400}, "insiderHolders": {"holders": [{"maxAge": 1, "name": "President of India", "relation": "Promoter", "url": "", "transactionDescription": "Sale", "latestTransDate": "2013-08-02", "positionDirect": 74712030, "positionDirectDate": "2013-08-02"}], "maxAge": 1}, "earnings": {"maxAge": 86400, "earningsChart": {"quarterly": [], "earningsDate": ["2020-09-11 05:30:S"]}, "financialsChart": {"yearly": [{"date": 2016, "revenue": 4590780000, "earnings": 178482000}, {"date": 2017, "revenue": 3491351000, "earnings": 74483000}, {"date": 2018, "revenue": 3457684000, "earnings": 115688000}, {"date": 2019, "revenue": 3559487000, "earnings": 419423000}], "quarterly": [{"date": "4Q2018", "revenue": 955772000, "earnings": 70014000}, {"date": "2Q2019", "revenue": 621168000, "earnings": 1273000}, {"date": "3Q2019", "revenue": 836291000, "earnings": 665000}, {"date": "4Q2019", "revenue": 1055319000, "earnings": 100091000}]}, "financialCurrency": "INR"}, "calendarEvents": {"maxAge": 1, "earnings": {"earningsDate": ["2020-09-11 05:30:S"]}}, "upgradeDowngradeHistory": {"history": [], "maxAge": 86400}, "price": {"maxAge": 1, "regularMarketChangePercent": 0.019028446, "regularMarketChange": 6.149994, "regularMarketTime": "2021-04-30 15:29:52", "priceHint": 2, "regularMarketPrice": 329.35, "regularMarketDayHigh": 334.3, "regularMarketDayLow": 315.75, "regularMarketVolume": 6444, "averageDailyVolume10Day": 5443, "averageDailyVolume3Month": 20647, "regularMarketPreviousClose": 323.2, "regularMarketSource": "FREE_REALTIME", "regularMarketOpen": 315.75, "exchange": "BSE", "exchangeName": "BSE", "exchangeDataDelayedBy": 0, "marketState": "CLOSED", "quoteType": "EQUITY", "symbol": "ITDC.BO", "underlyingSymbol": null, "shortName": "INDIA TOURISM DEVELOPMENT CORP", "longName": "India Tourism Development Corporation Limited", "currency": "INR", "quoteSourceName": "Delayed Quote", "currencySymbol": "\u20b9", "fromCurrency": null, "lastMarket": null, "marketCap": 28248152064}, "balanceSheetHistory": {"balanceSheetStatements": [{"maxAge": 1, "endDate": "2019-03-31", "cash": 256655000, "shortTermInvestments": 2691251000, "netReceivables": 1696498000, "inventory": 101131000, "otherCurrentAssets": 807715000, "totalCurrentAssets": 5577849000, "longTermInvestments": 17909000, "propertyPlantEquipment": 606525000, "intangibleAssets": 4321000, "otherAssets": 418557000, "deferredLongTermAssetCharges": 397702000, "totalAssets": 6625161000, "accountsPayable": 642177000, "otherCurrentLiab": 1997032000, "otherLiab": 602401000, "minorityInterest": -49599000, "totalCurrentLiabilities": 2758093000, "totalLiab": 3360494000, "commonStock": 857694000, "retainedEarnings": 1939707000, "treasuryStock": -30635000, "capitalSurplus": 547500000, "otherStockholderEquity": -30635000, "totalStockholderEquity": 3314266000, "netTangibleAssets": 3309945000}, {"maxAge": 1, "endDate": "2018-03-31", "cash": 509881000, "shortTermInvestments": 2651484000, "netReceivables": 1663457000, "inventory": 107549000, "otherCurrentAssets": 599218000, "totalCurrentAssets": 5556039000, "longTermInvestments": 16131000, "propertyPlantEquipment": 612339000, "intangibleAssets": 1366000, "otherAssets": 481598000, "deferredLongTermAssetCharges": 458654000, "totalAssets": 6667473000, "accountsPayable": 607700000, "otherCurrentLiab": 2072628000, "otherLiab": 833837000, "minorityInterest": -32057000, "totalCurrentLiabilities": 2792525000, "totalLiab": 3626362000, "commonStock": 857694000, "retainedEarnings": 1716192000, "treasuryStock": -48218000, "capitalSurplus": 547500000, "otherStockholderEquity": -48218000, "totalStockholderEquity": 3073168000, "netTangibleAssets": 3071802000}, {"maxAge": 1, "endDate": "2017-03-31", "cash": 384421000, "shortTermInvestments": 2340648000, "netReceivables": 1396472000, "inventory": 131691000, "otherCurrentAssets": 771766000, "totalCurrentAssets": 5052701000, "longTermInvestments": 16600000, "propertyPlantEquipment": 705773000, "intangibleAssets": 1709000, "otherAssets": 398118000, "deferredLongTermAssetCharges": 373957000, "totalAssets": 6174901000, "accountsPayable": 680033000, "otherCurrentLiab": 1763868000, "longTermDebt": 40189000, "otherLiab": 578444000, "minorityInterest": -59597000, "totalCurrentLiabilities": 2552080000, "totalLiab": 3170713000, "commonStock": 857694000, "retainedEarnings": 1661672000, "treasuryStock": -3081000, "capitalSurplus": 547500000, "otherStockholderEquity": -3081000, "totalStockholderEquity": 3063785000, "netTangibleAssets": 3062076000}, {"maxAge": 1, "endDate": "2016-03-31", "cash": 2842329000, "netReceivables": 1215997000, "inventory": 145636000, "otherCurrentAssets": 920816000, "totalCurrentAssets": 5124778000, "propertyPlantEquipment": 590481000, "intangibleAssets": 412000, "otherAssets": 383343000, "deferredLongTermAssetCharges": 336068000, "totalAssets": 6099014000, "accountsPayable": 576957000, "otherCurrentLiab": 1856348000, "longTermDebt": 36084000, "otherLiab": 498876000, "minorityInterest": 27575000, "totalCurrentLiabilities": 2517710000, "totalLiab": 3052670000, "commonStock": 857694000, "retainedEarnings": 1607277000, "treasuryStock": 6298000, "capitalSurplus": 547500000, "otherStockholderEquity": 6298000, "totalStockholderEquity": 3018769000, "netTangibleAssets": 3018357000}], "maxAge": 86400}, "earningsTrend": {"trend": [{"maxAge": 1, "period": "0q", "endDate": null, "growth": {}, "earningsEstimate": {"avg": 0.0, "low": 0.0, "high": 0.0, "yearAgoEps": {}, "numberOfAnalysts": 0, "growth": {}}, "revenueEstimate": {"avg": 0, "low": 0, "high": 0, "numberOfAnalysts": 0, "yearAgoRevenue": {}, "growth": {}}, "epsTrend": {"current": 0.0, "7daysAgo": 0.0, "30daysAgo": 0.0, "60daysAgo": 0.0, "90daysAgo": 0.0}, "epsRevisions": {"upLast7days": 0, "upLast30days": 0, "downLast30days": 0, "downLast90days": {}}}, {"maxAge": 1, "period": "+1q", "endDate": null, "growth": {}, "earningsEstimate": {"avg": 0.0, "low": 0.0, "high": 0.0, "yearAgoEps": {}, "numberOfAnalysts": 0, "growth": {}}, "revenueEstimate": {"avg": 0, "low": 0, "high": 0, "numberOfAnalysts": 0, "yearAgoRevenue": {}, "growth": {}}, "epsTrend": {"current": 0.0, "7daysAgo": 0.0, "30daysAgo": 0.0, "60daysAgo": 0.0, "90daysAgo": 0.0}, "epsRevisions": {"upLast7days": 0, "upLast30days": 0, "downLast30days": 0, "downLast90days": {}}}, {"maxAge": 1, "period": "0y", "endDate": null, "growth": {}, "earningsEstimate": {"avg": 0.0, "low": 0.0, "high": 0.0, "yearAgoEps": {}, "numberOfAnalysts": 0, "growth": {}}, "revenueEstimate": {"avg": 0, "low": 0, "high": 0, "numberOfAnalysts": 0, "yearAgoRevenue": {}, "growth": {}}, "epsTrend": {"current": 0.0, "7daysAgo": 0.0, "30daysAgo": 0.0, "60daysAgo": 0.0, "90daysAgo": 0.0}, "epsRevisions": {"upLast7days": 0, "upLast30days": 0, "downLast30days": 0, "downLast90days": {}}}, {"maxAge": 1, "period": "+1y", "endDate": null, "growth": {}, "earningsEstimate": {"avg": 0.0, "low": 0.0, "high": 0.0, "yearAgoEps": {}, "numberOfAnalysts": 0, "growth": {}}, "revenueEstimate": {"avg": 0, "low": 0, "high": 0, "numberOfAnalysts": 0, "yearAgoRevenue": {}, "growth": {}}, "epsTrend": {"current": 0.0, "7daysAgo": 0.0, "30daysAgo": 0.0, "60daysAgo": 0.0, "90daysAgo": 0.0}, "epsRevisions": {"upLast7days": 0, "upLast30days": 0, "downLast30days": 0, "downLast90days": {}}}, {"maxAge": 1, "period": "+5y", "endDate": null, "growth": {}, "earningsEstimate": {"avg": {}, "low": {}, "high": {}, "yearAgoEps": {}, "numberOfAnalysts": {}, "growth": {}}, "revenueEstimate": {"avg": {}, "low": {}, "high": {}, "numberOfAnalysts": {}, "yearAgoRevenue": {}, "growth": {}}, "epsTrend": {"current": {}, "7daysAgo": {}, "30daysAgo": {}, "60daysAgo": {}, "90daysAgo": {}}, "epsRevisions": {"upLast7days": {}, "upLast30days": {}, "downLast30days": {}, "downLast90days": {}}}, {"maxAge": 1, "period": "-5y", "endDate": null, "growth": {}, "earningsEstimate": {"avg": {}, "low": {}, "high": {}, "yearAgoEps": {}, "numberOfAnalysts": {}, "growth": {}}, "revenueEstimate": {"avg": {}, "low": {}, "high": {}, "numberOfAnalysts": {}, "yearAgoRevenue": {}, "growth": {}}, "epsTrend": {"current": {}, "7daysAgo": {}, "30daysAgo": {}, "60daysAgo": {}, "90daysAgo": {}}, "epsRevisions": {"upLast7days": {}, "upLast30days": {}, "downLast30days": {}, "downLast90days": {}}}], "maxAge": 1}, "financialData": {"maxAge": 86400, "currentPrice": 329.35, "targetHighPrice": 210.0, "targetLowPrice": 210.0, "targetMeanPrice": 210.0, "targetMedianPrice": 210.0, "recommendationKey": "none", "numberOfAnalystOpinions": 1, "grossProfits": 1712644000, "financialCurrency": "INR"}}}