{"ITDC.NS": {"assetProfile": {"address1": "Scope Complex", "address2": "6th Floor Core 8 7 Lodi Road", "city": "New Delhi", "zip": "110003", "country": "India", "phone": "91 11 2436 0303", "fax": "91 11 2436 0233", "website": "http://itdc.co.in", "industry": "Lodging", "sector": "Consumer Cyclical", "longBusinessSummary": "India Tourism Development Corporation Limited, together with its subsidiaries, acquires, constructs, and operates hotels, beach resorts, and lodges/restaurants for tourists in India. The company also provides transport, entertainment, and shopping facilities; produces, distributes, and sells tourist publicity literature; and offers tourism and hospitality related training and education services, full-fledged money changer services, engineering related consultancy services, etc. In addition, it provides engineering technical services; management consultancy and advisory services; and consultancy services for adventure tourism sector, as well as prepares techno-economic feasibility reports. Further, the company manages events, conferences, and exhibitions; offers advertising and catering services; operates sound and light shows. As of March 31, 2020, it operated 4 Ashok Group of Hotels, 4 joint venture hotels, a restaurant, 14 duty free shops, 1 sound and light shows, 1 managed unit, and 4 catering establishments. India Tourism Development Corporation Limited was incorporated in 1965 and is based in New Delhi, India.", "fullTimeEmployees": 770, "companyOfficers": [{"maxAge": 1, "name": "Mr. Kamala Vardhana Rao Ganji I.A.S.", "title": "Chairman & MD", "fiscalYear": 2020, "totalPay": 3539359, "exercisedValue": 0, "unexercisedValue": 0}, {"maxAge": 1, "name": "Mr. Piyush  Tiwari", "age": 55, "title": "Director of Commercial & Marketing and Director", "yearBorn": 1965, "fiscalYear": 2020, "totalPay": 4506681, "exercisedValue": 0, "unexercisedValue": 0}, {"maxAge": 1, "name": "Mr. Subhadeepta  Paul", "title": "CFO and VP of F&A", "exercisedValue": 0, "unexercisedValue": 0}, {"maxAge": 1, "name": "Mr. V. K. Jain CS", "title": "Compliance Officer & Company Sec.", "exercisedValue": 0, "unexercisedValue": 0}, {"maxAge": 1, "name": "Ashok  Dash", "title": "Deputy Gen. Mang. of Legal", "exercisedValue": 0, "unexercisedValue": 0}, {"maxAge": 1, "name": "Anup K. Chatterjee", "title": "VP of Human Resource & Admin.", "exercisedValue": 0, "unexercisedValue": 0}, {"maxAge": 1, "name": "Mr. Bibhuti Bhushana Dash", "title": "Chief Vigilance Officer", "exercisedValue": 0, "unexercisedValue": 0}, {"maxAge": 1, "name": "Mr. Rajiv  Anand", "title": "Gen. Mang. of Corp. Marketing", "exercisedValue": 0, "unexercisedValue": 0}, {"maxAge": 1, "name": "Jayant  Budhiraja", "title": "Deputy Gen. Mang. of Ashok Tours & Travels and Admin.", "exercisedValue": 0, "unexercisedValue": 0}, {"maxAge": 1, "name": "Aseema  Mital", "title": "OSD to Chairman & Managing Director", "exercisedValue": 0, "unexercisedValue": 0}], "compensationAsOfEpochDate": "2020-12-31 05:30:00", "maxAge": 86400}, "cashflowStatementHistory": {"cashflowStatements": [{"maxAge": 1, "endDate": "2020-03-31", "netIncome": 208585000, "depreciation": 72026000, "changeToNetincome": -229256000, "changeToAccountReceivables": 15082000, "changeToLiabilities": -99042000, "changeToInventory": -1018000, "changeToOperatingActivities": 120224000, "totalCashFromOperatingActivities": 89686000, "capitalExpenditures": -50684000, "otherCashflowsFromInvestingActivities": 164660000, "totalCashflowsFromInvestingActivities": 113976000, "dividendsPaid": -180116000, "netBorrowings": 2664000, "otherCashflowsFromFinancingActivities": -47868000, "totalCashFromFinancingActivities": -225320000, "effectOfExchangeRate": 1379000, "changeInCash": -20280000}, {"maxAge": 1, "endDate": "2019-03-31", "netIncome": 392862000, "depreciation": 72537000, "changeToNetincome": -166342000, "changeToAccountReceivables": 3277000, "changeToLiabilities": 36564000, "changeToInventory": 5745000, "changeToOperatingActivities": -633417000, "totalCashFromOperatingActivities": -287723000, "capitalExpenditures": -101840000, "otherCashflowsFromInvestingActivities": 182330000, "totalCashflowsFromInvestingActivities": 230301000, "dividendsPaid": -158673000, "netBorrowings": 7106000, "otherCashflowsFromFinancingActivities": -44350000, "totalCashFromFinancingActivities": -195917000, "effectOfExchangeRate": 111000, "changeInCash": -253228000}, {"maxAge": 1, "endDate": "2018-03-31", "netIncome": 115688000, "depreciation": 71179000, "changeToNetincome": -147961000, "changeToAccountReceivables": -60941000, "changeToLiabilities": -64097000, "changeToInventory": 21033000, "changeToOperatingActivities": 214067000, "totalCashFromOperatingActivities": 149925000, "capitalExpenditures": -172143000, "investments": 18350000, "otherCashflowsFromInvestingActivities": 213662000, "totalCashflowsFromInvestingActivities": 74343000, "dividendsPaid": -114073000, "netBorrowings": 12024000, "otherCashflowsFromFinancingActivities": 10495000, "totalCashFromFinancingActivities": -91554000, "effectOfExchangeRate": 111000, "changeInCash": 132713000}, {"maxAge": 1, "endDate": "2017-03-31", "netIncome": 74483000, "depreciation": 64525000, "changeToNetincome": -150351000, "changeToAccountReceivables": -131764000, "changeToLiabilities": 100269000, "changeToInventory": 13725000, "changeToOperatingActivities": -41289000, "totalCashFromOperatingActivities": -70156000, "capitalExpenditures": -205392000, "investments": 18350000, "otherCashflowsFromInvestingActivities": 193266000, "totalCashflowsFromInvestingActivities": -12090000, "dividendsPaid": -128654000, "netBorrowings": 1269000, "otherCashflowsFromFinancingActivities": -21245000, "totalCashFromFinancingActivities": -148630000, "effectOfExchangeRate": 111000, "changeInCash": -230876000}], "maxAge": 86400}, "institutionOwnership": {"maxAge": 1, "ownershipList": []}, "majorHoldersBreakdown": {"maxAge": 1, "insidersPercentHeld": 0.94897, "institutionsPercentHeld": 0.02693, "institutionsFloatPercentHeld": 0.52778, "institutionsCount": 2}, "balanceSheetHistoryQuarterly": {"balanceSheetStatements": [{"maxAge": 1, "endDate": "2020-09-30", "cash": 2383834000, "shortTermInvestments": 409332000, "netReceivables": 679972000, "inventory": 94513000, "otherCurrentAssets": 1143773000, "totalCurrentAssets": 4711424000, "longTermInvestments": 53075000, "propertyPlantEquipment": 545050000, "intangibleAssets": 4249000, "otherAssets": 465774000, "deferredLongTermAssetCharges": 362519000, "totalAssets": 5779572000, "accountsPayable": 388873000, "otherCurrentLiab": 1778410000, "otherLiab": 800366000, "minorityInterest": -80901000, "totalCurrentLiabilities": 2176858000, "totalLiab": 2977224000, "commonStock": 857694000, "treasuryStock": 2025555000, "otherStockholderEquity": 2025555000, "totalStockholderEquity": 2883249000, "netTangibleAssets": 2879000000}, {"maxAge": 1, "endDate": "2020-06-30"}, {"maxAge": 1, "endDate": "2020-03-31", "cash": 236713000, "shortTermInvestments": 2364874000, "netReceivables": 1515318000, "inventory": 102148000, "otherCurrentAssets": 841102000, "totalCurrentAssets": 5086115000, "longTermInvestments": 16122000, "propertyPlantEquipment": 568615000, "intangibleAssets": 5340000, "otherAssets": 495666000, "deferredLongTermAssetCharges": 377383000, "totalAssets": 6171858000, "accountsPayable": 537179000, "otherCurrentLiab": 1608312000, "otherLiab": 779499000, "minorityInterest": -67579000, "totalCurrentLiabilities": 2254970000, "totalLiab": 3034469000, "commonStock": 857694000, "retainedEarnings": 1908429000, "treasuryStock": -108655000, "capitalSurplus": 547500000, "otherStockholderEquity": -108655000, "totalStockholderEquity": 3204968000, "netTangibleAssets": 3199628000}, {"maxAge": 1, "endDate": "2019-12-31", "totalStockholderEquity": 3103204000, "netTangibleAssets": 3099763000}], "maxAge": 86400}, "indexTrend": {"maxAge": 1, "symbol": "SP5", "peRatio": 19.7411, "pegRatio": 1.34172, "estimates": [{"period": "0q", "growth": 0.549}, {"period": "+1q", "growth": 0.431}, {"period": "0y", "growth": 0.305}, {"period": "+1y", "growth": 0.109}, {"period": "+5y", "growth": 0.120865}, {"period": "-5y"}]}, "defaultKeyStatistics": {"maxAge": 1, "priceHint": 2, "enterpriseValue": 24830447616, "profitMargins": -0.05155, "floatShares": 4333928, "sharesOutstanding": 85769400, "heldPercentInsiders": 0.94897, "heldPercentInstitutions": 0.02693, "beta": 1.688899, "category": null, "bookValue": 33.616, "priceToBook": 9.79593, "fundFamily": null, "legalType": null, "lastFiscalYearEnd": "2020-03-31 05:30:00", "nextFiscalYearEnd": "2022-03-31 05:30:00", "mostRecentQuarter": "2020-09-30 05:30:00", "netIncomeToCommon": -97828000, "trailingEps": -1.518, "lastSplitFactor": null, "enterpriseToRevenue": 9.831, "enterpriseToEbitda": -159.295, "52WeekChange": 1.0854971, "SandP52WeekChange": 0.48148263, "lastDividendValue": 2.1, "lastDividendDate": 1567641600}, "summaryProfile": {"address1": "Scope Complex", "address2": "6th Floor Core 8 7 Lodi Road", "city": "New Delhi", "zip": "110003", "country": "India", "phone": "91 11 2436 0303", "fax": "91 11 2436 0233", "website": "http://itdc.co.in", "industry": "Lodging", "sector": "Consumer Cyclical", "longBusinessSummary": "India Tourism Development Corporation Limited, together with its subsidiaries, acquires, constructs, and operates hotels, beach resorts, and lodges/restaurants for tourists in India. The company also provides transport, entertainment, and shopping facilities; produces, distributes, and sells tourist publicity literature; and offers tourism and hospitality related training and education services, full-fledged money changer services, engineering related consultancy services, etc. In addition, it provides engineering technical services; management consultancy and advisory services; and consultancy services for adventure tourism sector, as well as prepares techno-economic feasibility reports. Further, the company manages events, conferences, and exhibitions; offers advertising and catering services; operates sound and light shows. As of March 31, 2020, it operated 4 Ashok Group of Hotels, 4 joint venture hotels, a restaurant, 14 duty free shops, 1 sound and light shows, 1 managed unit, and 4 catering establishments. India Tourism Development Corporation Limited was incorporated in 1965 and is based in New Delhi, India.", "fullTimeEmployees": 770, "companyOfficers": [], "maxAge": 86400}, "netSharePurchaseActivity": {"maxAge": 1, "period": "6m", "buyInfoCount": 0, "buyInfoShares": 0, "sellInfoCount": 0, "netInfoCount": 0, "netInfoShares": 0, "netPercentInsiderShares": 0.0, "totalInsiderShares": 81392592}, "insiderTransactions": {"transactions": [{"maxAge": 1, "shares": 4288470, "filerUrl": "", "transactionText": "", "filerName": "President of India", "filerRelation": "Promoter", "moneyText": "", "startDate": "2013-08-02", "ownership": "D"}], "maxAge": 1}, "quoteType": {"exchange": "NSI", "quoteType": "EQUITY", "symbol": "ITDC.NS", "underlyingSymbol": "ITDC.NS", "shortName": "INDIA TOURISM DEV", "longName": "India Tourism Development Corporation Limited", "firstTradeDateEpochUtc": "2016-12-30 09:15:00", "timeZoneFullName": "Asia/Kolkata", "timeZoneShortName": "IST", "uuid": "dff7249c-b986-388d-9215-4ae881d6458b", "messageBoardId": "finmb_23725625", "gmtOffSetMilliseconds": 19800000, "maxAge": 1}, "incomeStatementHistory": {"incomeStatementHistory": [{"maxAge": 1, "endDate": "2020-03-31", "totalRevenue": 3422614000, "costOfRevenue": 1962911000, "grossProfit": 1459703000, "researchDevelopment": {}, "sellingGeneralAdministrative": 41301000, "nonRecurring": {}, "otherOperatingExpenses": 1171121000, "totalOperatingExpenses": 3250444000, "operatingIncome": 172170000, "totalOtherIncomeExpenseNet": 219625000, "ebit": 172170000, "interestExpense": -788000, "incomeBeforeTax": 391795000, "incomeTaxExpense": 164787000, "minorityInterest": -67579000, "netIncomeFromContinuingOps": 227008000, "discontinuedOperations": -36403000, "extraordinaryItems": {}, "effectOfAccountingCharges": {}, "otherItems": {}, "netIncome": 208585000, "netIncomeApplicableToCommonShares": 208585000}, {"maxAge": 1, "endDate": "2019-03-31", "totalRevenue": 3539961000, "costOfRevenue": 1993880000, "grossProfit": 1546081000, "researchDevelopment": {}, "sellingGeneralAdministrative": 51985000, "nonRecurring": {}, "otherOperatingExpenses": 1235549000, "totalOperatingExpenses": 3353594000, "operatingIncome": 186367000, "totalOtherIncomeExpenseNet": 426376000, "ebit": 186367000, "interestExpense": -1226000, "incomeBeforeTax": 612743000, "incomeTaxExpense": 179044000, "minorityInterest": -49599000, "netIncomeFromContinuingOps": 433699000, "discontinuedOperations": -58379000, "extraordinaryItems": {}, "effectOfAccountingCharges": {}, "otherItems": {}, "netIncome": 392862000, "netIncomeApplicableToCommonShares": 392862000}, {"maxAge": 1, "endDate": "2018-03-31", "totalRevenue": 3457684000, "costOfRevenue": 2107818000, "grossProfit": 1349866000, "researchDevelopment": {}, "sellingGeneralAdministrative": 46348000, "nonRecurring": {}, "otherOperatingExpenses": 1408233000, "totalOperatingExpenses": 3634535000, "operatingIncome": -176851000, "totalOtherIncomeExpenseNet": 557905000, "ebit": -176851000, "interestExpense": -788000, "incomeBeforeTax": 381054000, "incomeTaxExpense": 89149000, "minorityInterest": -32057000, "netIncomeFromContinuingOps": 291905000, "discontinuedOperations": -148677000, "extraordinaryItems": {}, "effectOfAccountingCharges": {}, "otherItems": {}, "netIncome": 115688000, "netIncomeApplicableToCommonShares": 115688000}, {"maxAge": 1, "endDate": "2017-03-31", "totalRevenue": 3491351000, "costOfRevenue": 1953000000, "grossProfit": 1538351000, "researchDevelopment": {}, "sellingGeneralAdministrative": 55963000, "nonRecurring": {}, "otherOperatingExpenses": 1315647000, "totalOperatingExpenses": 3393493000, "operatingIncome": 97858000, "totalOtherIncomeExpenseNet": 115686000, "ebit": 97858000, "interestExpense": -362000, "incomeBeforeTax": 213544000, "incomeTaxExpense": 81416000, "minorityInterest": -59597000, "netIncomeFromContinuingOps": 132128000, "discontinuedOperations": -46512000, "extraordinaryItems": {}, "effectOfAccountingCharges": {}, "otherItems": {}, "netIncome": 74483000, "netIncomeApplicableToCommonShares": 74483000}], "maxAge": 86400}, "fundOwnership": {"maxAge": 1, "ownershipList": []}, "summaryDetail": {"maxAge": 1, "priceHint": 2, "previousClose": 322.9, "open": 320.2, "dayLow": 318.05, "dayHigh": 335.0, "regularMarketPreviousClose": 322.9, "regularMarketOpen": 320.2, "regularMarketDayLow": 318.05, "regularMarketDayHigh": 335.0, "exDividendDate": "2019-09-05 05:30:00", "payoutRatio": 0.0, "beta": 1.688899, "volume": 65293, "regularMarketVolume": 65293, "averageVolume": 375978, "averageVolume10days": 43328, "averageDailyVolume10Day": 43328, "bid": 0.0, "ask": 0.0, "bidSize": 0, "askSize": 0, "marketCap": 28270108672, "fiftyTwoWeekLow": 141.65, "fiftyTwoWeekHigh": 459.0, "priceToSalesTrailing12Months": 11.192381, "fiftyDayAverage": 360.52423, "twoHundredDayAverage": 304.54755, "trailingAnnualDividendRate": 2.1, "trailingAnnualDividendYield": 0.0065035615, "currency": "INR", "fromCurrency": null, "toCurrency": null, "lastMarket": null, "algorithm": null, "tradeable": false}, "incomeStatementHistoryQuarterly": {"incomeStatementHistory": [{"maxAge": 1, "endDate": "2020-09-30", "totalRevenue": 266785000, "costOfRevenue": 302635000, "grossProfit": -35850000, "researchDevelopment": {}, "sellingGeneralAdministrative": {}, "nonRecurring": {}, "otherOperatingExpenses": 170051000, "totalOperatingExpenses": 488632000, "operatingIncome": -221847000, "totalOtherIncomeExpenseNet": 46468000, "ebit": -221847000, "interestExpense": -2640000, "incomeBeforeTax": -175379000, "incomeTaxExpense": 14820000, "minorityInterest": -80901000, "netIncomeFromContinuingOps": -190199000, "discontinuedOperations": 5596000, "extraordinaryItems": {}, "effectOfAccountingCharges": {}, "otherItems": {}, "netIncome": -184603000, "netIncomeApplicableToCommonShares": -184603000}, {"maxAge": 1, "endDate": "2020-06-30", "totalRevenue": 277294000, "costOfRevenue": 277594000, "grossProfit": -300000, "researchDevelopment": {}, "sellingGeneralAdministrative": {}, "nonRecurring": {}, "otherOperatingExpenses": 177599000, "totalOperatingExpenses": 471679000, "operatingIncome": -194385000, "totalOtherIncomeExpenseNet": 42349000, "ebit": -194385000, "interestExpense": -2623500, "incomeBeforeTax": -152036000, "incomeTaxExpense": 4897500, "minorityInterest": -80901000, "netIncomeFromContinuingOps": -156933500, "discontinuedOperations": -8213000, "extraordinaryItems": {}, "effectOfAccountingCharges": {}, "otherItems": {}, "netIncome": -165146500, "netIncomeApplicableToCommonShares": -165146500}, {"maxAge": 1, "endDate": "2020-03-31", "totalRevenue": 909836000, "costOfRevenue": 591141000, "grossProfit": 318695000, "researchDevelopment": {}, "sellingGeneralAdministrative": 41301000, "nonRecurring": {}, "otherOperatingExpenses": 252763000, "totalOperatingExpenses": 906665000, "operatingIncome": 3171000, "totalOtherIncomeExpenseNet": 69647000, "ebit": 3171000, "interestExpense": -2623500, "incomeBeforeTax": 72818000, "incomeTaxExpense": -41239000, "minorityInterest": -67579000, "netIncomeFromContinuingOps": 114057000, "discontinuedOperations": -32046000, "extraordinaryItems": {}, "effectOfAccountingCharges": {}, "otherItems": {}, "netIncome": 99991000, "netIncomeApplicableToCommonShares": 99991000}, {"maxAge": 1, "endDate": "2019-12-31", "totalRevenue": 1055319000, "costOfRevenue": 540279000, "grossProfit": 515040000, "researchDevelopment": {}, "sellingGeneralAdministrative": 41301000, "nonRecurring": {}, "otherOperatingExpenses": 319570000, "totalOperatingExpenses": 877124000, "operatingIncome": 178195000, "totalOtherIncomeExpenseNet": 44822000, "ebit": 178195000, "interestExpense": -2078000, "incomeBeforeTax": 223017000, "incomeTaxExpense": 122000000, "minorityInterest": -67579000, "netIncomeFromContinuingOps": 101017000, "discontinuedOperations": -926000, "extraordinaryItems": {}, "effectOfAccountingCharges": {}, "otherItems": {}, "netIncome": 100091000, "netIncomeApplicableToCommonShares": 100091000}], "maxAge": 86400}, "cashflowStatementHistoryQuarterly": {"cashflowStatements": [{"maxAge": 1, "endDate": "2020-09-30", "netIncome": -184603000, "depreciation": 16486000, "changeToNetincome": -17795000, "changeToAccountReceivables": 145699000, "changeToLiabilities": -36244500, "changeToInventory": 3818500, "changeToOperatingActivities": -903500, "totalCashFromOperatingActivities": -54086000, "capitalExpenditures": -230000, "otherCashflowsFromInvestingActivities": 30052000, "totalCashflowsFromInvestingActivities": 29822000, "netBorrowings": 340000, "otherCashflowsFromFinancingActivities": -2373500, "totalCashFromFinancingActivities": -2033500, "effectOfExchangeRate": 22500, "changeInCash": -26275000}, {"maxAge": 1, "endDate": "2020-06-30", "netIncome": -165146500, "depreciation": 16486000, "changeToNetincome": -17795000, "changeToAccountReceivables": 145699000, "changeToLiabilities": -36244500, "changeToInventory": 3818500, "changeToOperatingActivities": -903500, "totalCashFromOperatingActivities": -54086000, "capitalExpenditures": -230000, "otherCashflowsFromInvestingActivities": 30052000, "totalCashflowsFromInvestingActivities": 29822000, "netBorrowings": 340000, "otherCashflowsFromFinancingActivities": -2373500, "totalCashFromFinancingActivities": -2033500, "effectOfExchangeRate": 22500, "changeInCash": -26275000}, {"maxAge": 1, "endDate": "2020-03-31", "netIncome": 99991000, "depreciation": 16486000, "changeToNetincome": -17795000, "changeToAccountReceivables": 145699000, "changeToLiabilities": 0, "changeToInventory": 3818500, "changeToOperatingActivities": -903500, "totalCashFromOperatingActivities": -54086000, "capitalExpenditures": -230000, "otherCashflowsFromInvestingActivities": 30052000, "totalCashflowsFromInvestingActivities": 29822000, "netBorrowings": 340000, "otherCashflowsFromFinancingActivities": -2373500, "totalCashFromFinancingActivities": -2033500, "effectOfExchangeRate": 22500, "changeInCash": -26275000}, {"maxAge": 1, "endDate": "2019-12-31", "netIncome": 100091000, "depreciation": 16486000, "changeToNetincome": -17795000, "changeToAccountReceivables": 145699000, "changeToLiabilities": 0, "changeToInventory": 3818500, "changeToOperatingActivities": -903500, "totalCashFromOperatingActivities": -54086000, "capitalExpenditures": -230000, "otherCashflowsFromInvestingActivities": 30052000, "totalCashflowsFromInvestingActivities": 29822000, "netBorrowings": 340000, "otherCashflowsFromFinancingActivities": -2373500, "totalCashFromFinancingActivities": -2033500, "effectOfExchangeRate": 22500, "changeInCash": -26275000}], "maxAge": 86400}, "insiderHolders": {"holders": [{"maxAge": 1, "name": "President of India", "relation": "Promoter", "url": "", "transactionDescription": "Sale", "latestTransDate": "2013-08-02", "positionDirect": 74712030, "positionDirectDate": "2013-08-02"}], "maxAge": 1}, "calendarEvents": {"maxAge": 1, "earnings": {"earningsDate": []}, "exDividendDate": "2019-09-05 05:30:00"}, "price": {"maxAge": 1, "regularMarketChangePercent": 0.019820359, "regularMarketChange": 6.399994, "regularMarketTime": "2021-04-30 15:29:56", "priceHint": 2, "regularMarketPrice": 329.3, "regularMarketDayHigh": 335.0, "regularMarketDayLow": 318.05, "regularMarketVolume": 65293, "averageDailyVolume10Day": 43328, "averageDailyVolume3Month": 375978, "regularMarketPreviousClose": 322.9, "regularMarketSource": "FREE_REALTIME", "regularMarketOpen": 320.2, "exchange": "NSI", "exchangeName": "NSE", "exchangeDataDelayedBy": 15, "marketState": "CLOSED", "quoteType": "EQUITY", "symbol": "ITDC.NS", "underlyingSymbol": null, "shortName": "INDIA TOURISM DEV", "longName": "India Tourism Development Corporation Limited", "currency": "INR", "quoteSourceName": "Delayed Quote", "currencySymbol": "\u20b9", "fromCurrency": null, "toCurrency": null, "lastMarket": null, "marketCap": 28270108672}, "balanceSheetHistory": {"balanceSheetStatements": [{"maxAge": 1, "endDate": "2020-03-31", "cash": 236713000, "shortTermInvestments": 2364874000, "netReceivables": 1515318000, "inventory": 102148000, "otherCurrentAssets": 841102000, "totalCurrentAssets": 5086115000, "longTermInvestments": 16122000, "propertyPlantEquipment": 568615000, "intangibleAssets": 5340000, "otherAssets": 495666000, "deferredLongTermAssetCharges": 377383000, "totalAssets": 6171858000, "accountsPayable": 537179000, "otherCurrentLiab": 1608312000, "otherLiab": 779499000, "minorityInterest": -67579000, "totalCurrentLiabilities": 2254970000, "totalLiab": 3034469000, "commonStock": 857694000, "retainedEarnings": 1908429000, "treasuryStock": -108655000, "capitalSurplus": 547500000, "otherStockholderEquity": -108655000, "totalStockholderEquity": 3204968000, "netTangibleAssets": 3199628000}, {"maxAge": 1, "endDate": "2019-03-31", "cash": 256993000, "shortTermInvestments": 2644041000, "netReceivables": 1756275000, "inventory": 101131000, "otherCurrentAssets": 793827000, "totalCurrentAssets": 5576866000, "longTermInvestments": 17909000, "propertyPlantEquipment": 608127000, "intangibleAssets": 4321000, "otherAssets": 418492000, "deferredLongTermAssetCharges": 397702000, "totalAssets": 6625715000, "accountsPayable": 636221000, "otherCurrentLiab": 2026263000, "otherLiab": 602401000, "minorityInterest": -49599000, "totalCurrentLiabilities": 2781368000, "totalLiab": 3383769000, "commonStock": 857694000, "retainedEarnings": 1916985000, "treasuryStock": -30634000, "capitalSurplus": 547500000, "otherStockholderEquity": -30634000, "totalStockholderEquity": 3291545000, "netTangibleAssets": 3287224000}, {"maxAge": 1, "endDate": "2018-03-31", "cash": 509881000, "shortTermInvestments": 2651484000, "netReceivables": 1663457000, "inventory": 107549000, "otherCurrentAssets": 599218000, "totalCurrentAssets": 5556039000, "longTermInvestments": 16131000, "propertyPlantEquipment": 612339000, "intangibleAssets": 1366000, "otherAssets": 481598000, "deferredLongTermAssetCharges": 458654000, "totalAssets": 6667473000, "accountsPayable": 607700000, "otherCurrentLiab": 2072628000, "otherLiab": 833837000, "minorityInterest": -32057000, "totalCurrentLiabilities": 2792525000, "totalLiab": 3626362000, "commonStock": 857694000, "retainedEarnings": 1716192000, "treasuryStock": -48218000, "capitalSurplus": 547500000, "otherStockholderEquity": -48218000, "totalStockholderEquity": 3073168000, "netTangibleAssets": 3071802000}, {"maxAge": 1, "endDate": "2017-03-31", "cash": 384421000, "shortTermInvestments": 2340648000, "netReceivables": 1396472000, "inventory": 131691000, "otherCurrentAssets": 771766000, "totalCurrentAssets": 5052701000, "longTermInvestments": 16600000, "propertyPlantEquipment": 705773000, "intangibleAssets": 1709000, "otherAssets": 398118000, "deferredLongTermAssetCharges": 373957000, "totalAssets": 6174901000, "accountsPayable": 680033000, "otherCurrentLiab": 1763868000, "longTermDebt": 40189000, "otherLiab": 578444000, "minorityInterest": -59597000, "totalCurrentLiabilities": 2552080000, "totalLiab": 3170713000, "commonStock": 857694000, "retainedEarnings": 1661672000, "treasuryStock": -3081000, "capitalSurplus": 547500000, "otherStockholderEquity": -3081000, "totalStockholderEquity": 3063785000, "netTangibleAssets": 3062076000}], "maxAge": 86400}, "financialData": {"maxAge": 86400, "currentPrice": 329.3, "recommendationKey": "none", "totalCash": 2793166080, "totalCashPerShare": 32.566, "ebitda": -155876992, "totalDebt": 9575000, "quickRatio": 1.595, "currentRatio": 2.164, "totalRevenue": 2525835008, "debtToEquity": 0.342, "revenuePerShare": 29.449, "returnOnAssets": -0.02325, "returnOnEquity": -0.03961, "grossProfits": 1459703000, "freeCashflow": -256002000, "operatingCashflow": -231602000, "revenueGrowth": -0.681, "grossMargins": 0.32664, "ebitdaMargins": -0.06171, "operatingMargins": -0.088879995, "profitMargins": -0.05155, "financialCurrency": "INR"}}}