{"ITDCEM.BO": {"recommendationTrend": {"trend": [{"period": "0m", "strongBuy": 0, "buy": 0, "hold": 0, "sell": 0, "strongSell": 0}, {"period": "-1m", "strongBuy": 0, "buy": 0, "hold": 0, "sell": 0, "strongSell": 0}, {"period": "-2m", "strongBuy": 0, "buy": 0, "hold": 0, "sell": 0, "strongSell": 0}, {"period": "-3m", "strongBuy": 0, "buy": 0, "hold": 0, "sell": 0, "strongSell": 0}], "maxAge": 86400}, "cashflowStatementHistory": {"cashflowStatements": [{"maxAge": 1, "endDate": "2020-03-31", "netIncome": 431621000, "depreciation": 946933000, "changeToNetincome": 1181165000, "changeToAccountReceivables": -1794754000, "changeToLiabilities": 1020471000, "changeToInventory": -432669000, "changeToOperatingActivities": 3393866000, "totalCashFromOperatingActivities": 4764545000, "capitalExpenditures": -1096699000, "investments": -253582000, "otherCashflowsFromInvestingActivities": 17665000, "totalCashflowsFromInvestingActivities": -1169689000, "dividendsPaid": -82817000, "netBorrowings": -890612000, "otherCashflowsFromFinancingActivities": -1147768000, "totalCashFromFinancingActivities": -2121197000, "changeInCash": 1473658000}, {"maxAge": 1, "endDate": "2019-03-31", "netIncome": 550350000, "depreciation": 656640800, "changeToNetincome": 947964800, "changeToAccountReceivables": -1662566400, "changeToLiabilities": -457136800, "changeToInventory": -709388800, "changeToOperatingActivities": -506388800, "totalCashFromOperatingActivities": -1072952800, "capitalExpenditures": -1112121600, "investments": -117172000, "otherCashflowsFromInvestingActivities": 50383200, "totalCashflowsFromInvestingActivities": -1065004800, "dividendsPaid": -66188000, "netBorrowings": 349569600, "otherCashflowsFromFinancingActivities": -1029812800, "totalCashFromFinancingActivities": 1948243200, "changeInCash": -189714400, "issuanceOfStock": 2694674400}, {"maxAge": 1, "endDate": "2018-12-31", "netIncome": 1184482000, "depreciation": 656640800, "changeToNetincome": 947964800, "changeToAccountReceivables": -1662566400, "changeToLiabilities": 0, "changeToInventory": -709388800, "changeToOperatingActivities": -506388800, "totalCashFromOperatingActivities": -1072952800, "capitalExpenditures": -1112121600, "investments": -117172000, "otherCashflowsFromInvestingActivities": 50383200, "totalCashflowsFromInvestingActivities": -1065004800, "dividendsPaid": -66188000, "netBorrowings": 349569600, "otherCashflowsFromFinancingActivities": -1029812800, "totalCashFromFinancingActivities": 1948243200, "changeInCash": -189714400, "issuanceOfStock": 2694674400}, {"maxAge": 1, "endDate": "2017-12-31", "netIncome": 728155000, "depreciation": 577433000, "changeToNetincome": 1647219000, "changeToAccountReceivables": -327850000, "changeToLiabilities": 1016593000, "changeToInventory": -468392000, "changeToOperatingActivities": -2491158000, "totalCashFromOperatingActivities": 682000000, "capitalExpenditures": -1742276000, "investments": -117172000, "otherCashflowsFromInvestingActivities": 136238000, "totalCashflowsFromInvestingActivities": -1570807000, "dividendsPaid": -56023000, "netBorrowings": 1323868000, "otherCashflowsFromFinancingActivities": -872095000, "totalCashFromFinancingActivities": 395750000, "changeInCash": -493057000, "issuanceOfStock": 2694674400}], "maxAge": 86400}, "institutionOwnership": {"ownershipList": [], "maxAge": 1}, "balanceSheetHistoryQuarterly": {"balanceSheetStatements": [{"maxAge": 1, "endDate": "2020-06-30", "totalStockholderEquity": 10525957000, "netTangibleAssets": 10447718000}, {"maxAge": 1, "endDate": "2020-03-31", "cash": 2369004000, "shortTermInvestments": 200000, "netReceivables": 15661203000, "inventory": 2893575000, "otherCurrentAssets": 1944377000, "totalCurrentAssets": 23178495000, "longTermInvestments": 5749000, "propertyPlantEquipment": 6208744000, "intangibleAssets": 78239000, "otherAssets": 1585936000, "deferredLongTermAssetCharges": 19740000, "totalAssets": 31057163000, "accountsPayable": 6567329000, "shortLongTermDebt": 131067000, "otherCurrentLiab": 7359525000, "longTermDebt": 166423000, "otherLiab": 406033000, "minorityInterest": 27672000, "totalCurrentLiabilities": 19484357000, "totalLiab": 20503534000, "commonStock": 171788000, "retainedEarnings": 2502991000, "treasuryStock": -26000, "capitalSurplus": 7851204000, "otherStockholderEquity": -26000, "totalStockholderEquity": 10525957000, "netTangibleAssets": 10447718000}, {"maxAge": 1, "endDate": "2019-12-31", "totalStockholderEquity": 10502946000, "netTangibleAssets": 10419530000}, {"maxAge": 1, "endDate": "2019-09-30", "cash": 888359000, "shortTermInvestments": 8504000, "netReceivables": 7408432000, "inventory": 2799582000, "otherCurrentAssets": 9679464000, "totalCurrentAssets": 20784341000, "longTermInvestments": 5749000, "propertyPlantEquipment": 6187899000, "intangibleAssets": 83416000, "otherAssets": 1529783000, "deferredLongTermAssetCharges": 90743000, "totalAssets": 28591188000, "accountsPayable": 6205305000, "shortLongTermDebt": 109507000, "otherCurrentLiab": 5362027000, "longTermDebt": 116482000, "otherLiab": 683033000, "minorityInterest": 24387000, "totalCurrentLiabilities": 17264340000, "totalLiab": 18063855000, "commonStock": 171788000, "treasuryStock": 10331158000, "otherStockholderEquity": 10331158000, "totalStockholderEquity": 10502946000, "netTangibleAssets": 10419530000}], "maxAge": 86400}, "earningsHistory": {"history": [{"maxAge": 1, "epsActual": 2.57, "epsEstimate": 1.8, "epsDifference": 0.77, "surprisePercent": 0.428, "quarter": "2017-12-31", "period": "-4q"}, {"maxAge": 1, "epsActual": 1.61, "epsEstimate": 2.0, "epsDifference": -0.39, "surprisePercent": -0.195, "quarter": "2018-03-31", "period": "-3q"}, {"maxAge": 1, "epsActual": 1.67, "epsEstimate": 1.34, "epsDifference": 0.33, "surprisePercent": 0.246, "quarter": "2018-06-30", "period": "-2q"}, {"maxAge": 1, "epsActual": 1.59, "epsEstimate": 1.17, "epsDifference": 0.42, "surprisePercent": 0.35900003, "quarter": "2018-09-30", "period": "-1q"}], "maxAge": 86400}, "indexTrend": {"maxAge": 1, "symbol": "SP5", "peRatio": 19.7411, "pegRatio": 1.34172, "estimates": [{"period": "0q", "growth": 0.549}, {"period": "+1q", "growth": 0.431}, {"period": "0y", "growth": 0.305}, {"period": "+1y", "growth": 0.109}, {"period": "+5y", "growth": 0.120865}, {"period": "-5y"}]}, "industryTrend": {"maxAge": 1, "symbol": null, "estimates": []}, "insiderTransactions": {"transactions": [{"maxAge": 1, "shares": 200000, "filerUrl": "", "transactionText": "", "filerName": "238 Plan Associates LLC", "filerRelation": "Institution- Corporation", "moneyText": "", "startDate": "2020-09-24", "ownership": "D"}, {"maxAge": 1, "shares": 1500000, "filerUrl": "", "transactionText": "", "filerName": "Massachusetts Institute of Technology", "filerRelation": "Institution- Corporation", "moneyText": "", "startDate": "2020-09-24", "ownership": "D"}, {"maxAge": 1, "shares": 10000, "filerUrl": "", "transactionText": "", "filerName": "Bhattacharya (Manas Ranjan)", "filerRelation": "UNREPORTED", "moneyText": "", "startDate": "2016-09-14", "ownership": "D"}], "maxAge": 1}, "quoteType": {"exchange": "BSE", "quoteType": "EQUITY", "symbol": "ITDCEM.BO", "underlyingSymbol": "ITDCEM.BO", "shortName": "ITD CEMENTATION INDIA LTD.", "longName": "ITD Cementation India Limited", "firstTradeDateEpochUtc": "2000-07-04 09:15:00", "timeZoneFullName": "Asia/Kolkata", "timeZoneShortName": "IST", "uuid": "d430ce92-6b5b-34ef-b433-ce2708aa1e01", "gmtOffSetMilliseconds": 19800000, "maxAge": 1}, "incomeStatementHistory": {"incomeStatementHistory": [{"maxAge": 1, "endDate": "2020-03-31", "totalRevenue": 28607138000, "costOfRevenue": 17622730000, "grossProfit": 10984408000, "researchDevelopment": {}, "sellingGeneralAdministrative": 4951796000, "nonRecurring": {}, "otherOperatingExpenses": 3051474000, "totalOperatingExpenses": 26590845000, "operatingIncome": 2016293000, "totalOtherIncomeExpenseNet": -1415369000, "ebit": 2016293000, "interestExpense": -948309000, "incomeBeforeTax": 600924000, "incomeTaxExpense": 163328000, "minorityInterest": 27672000, "netIncomeFromContinuingOps": 437596000, "discontinuedOperations": {}, "extraordinaryItems": {}, "effectOfAccountingCharges": {}, "otherItems": {}, "netIncome": 431621000, "netIncomeApplicableToCommonShares": 431621000}, {"maxAge": 1, "endDate": "2019-03-31", "totalRevenue": 25157200000, "costOfRevenue": 14965313000, "grossProfit": 10191887000, "researchDevelopment": {}, "sellingGeneralAdministrative": 5142961000, "nonRecurring": {}, "otherOperatingExpenses": 2381495000, "totalOperatingExpenses": 23166951000, "operatingIncome": 1990249000, "totalOtherIncomeExpenseNet": -972868000, "ebit": 1990249000, "interestExpense": -635010000, "incomeBeforeTax": 1017381000, "incomeTaxExpense": 469549000, "minorityInterest": 21697000, "netIncomeFromContinuingOps": 547832000, "discontinuedOperations": {}, "extraordinaryItems": {}, "effectOfAccountingCharges": {}, "otherItems": {}, "netIncome": 550350000, "netIncomeApplicableToCommonShares": 550350000}, {"maxAge": 1, "endDate": "2018-12-31", "totalRevenue": 25751225000, "costOfRevenue": 14734677000, "grossProfit": 11016548000, "researchDevelopment": {}, "sellingGeneralAdministrative": 3223608000, "nonRecurring": {}, "otherOperatingExpenses": 4618577000, "totalOperatingExpenses": 23214861000, "operatingIncome": 2536364000, "totalOtherIncomeExpenseNet": -808856000, "ebit": 2536364000, "interestExpense": -963897000, "incomeBeforeTax": 1727508000, "incomeTaxExpense": 543026000, "minorityInterest": 21697000, "netIncomeFromContinuingOps": 1184482000, "discontinuedOperations": {}, "extraordinaryItems": {}, "effectOfAccountingCharges": {}, "otherItems": {}, "netIncome": 1184482000, "netIncomeApplicableToCommonShares": 1184482000}, {"maxAge": 1, "endDate": "2017-12-31", "totalRevenue": 20605089000, "costOfRevenue": 10980043000, "grossProfit": 9625046000, "researchDevelopment": {}, "sellingGeneralAdministrative": 3519728000, "nonRecurring": {}, "otherOperatingExpenses": 3324893000, "totalOperatingExpenses": 18402097000, "operatingIncome": 2202992000, "totalOtherIncomeExpenseNet": -945578000, "ebit": 2202992000, "interestExpense": -599572000, "incomeBeforeTax": 1257414000, "incomeTaxExpense": 528155000, "minorityInterest": 8831000, "netIncomeFromContinuingOps": 729259000, "discontinuedOperations": {}, "extraordinaryItems": {}, "effectOfAccountingCharges": {}, "otherItems": {}, "netIncome": 728155000, "netIncomeApplicableToCommonShares": 728155000}], "maxAge": 86400}, "fundOwnership": {"ownershipList": [], "maxAge": 1}, "summaryDetail": {"maxAge": 1, "priceHint": 2, "previousClose": 72.05, "open": 71.5, "dayLow": 71.25, "dayHigh": 73.6, "regularMarketPreviousClose": 72.05, "regularMarketOpen": 71.5, "regularMarketDayLow": 71.25, "regularMarketDayHigh": 73.6, "trailingPE": 131.76796, "forwardPE": 8.319767, "volume": 19475, "regularMarketVolume": 19475, "averageVolume": 130514, "averageVolume10days": 76881, "averageDailyVolume10Day": 76881, "bid": 71.6, "ask": 71.7, "bidSize": 0, "askSize": 0, "marketCap": 12291431424, "fiftyTwoWeekLow": 26.0, "fiftyTwoWeekHigh": 81.0, "fiftyDayAverage": 65.15303, "twoHundredDayAverage": 54.47537, "trailingAnnualDividendRate": 0.3, "trailingAnnualDividendYield": 0.004163775, "currency": "INR", "fromCurrency": null, "lastMarket": null, "algorithm": null, "tradeable": false}, "sectorTrend": {"maxAge": 1, "symbol": null, "estimates": []}, "incomeStatementHistoryQuarterly": {"incomeStatementHistory": [{"maxAge": 1, "endDate": "2020-06-30", "totalRevenue": 3994290000, "costOfRevenue": 4223044000, "grossProfit": -228754000, "researchDevelopment": {}, "sellingGeneralAdministrative": {}, "nonRecurring": {}, "otherOperatingExpenses": {}, "totalOperatingExpenses": 4223044000, "operatingIncome": -228754000, "totalOtherIncomeExpenseNet": 0, "ebit": -228754000, "interestExpense": {}, "incomeBeforeTax": -228754000, "incomeTaxExpense": -59161000, "minorityInterest": {}, "netIncomeFromContinuingOps": -169593000, "discontinuedOperations": {}, "extraordinaryItems": {}, "effectOfAccountingCharges": {}, "otherItems": {}, "netIncome": -169593000, "netIncomeApplicableToCommonShares": -169593000}, {"maxAge": 1, "endDate": "2020-03-31", "totalRevenue": 7396095000, "costOfRevenue": 4585955000, "grossProfit": 2810140000, "researchDevelopment": {}, "sellingGeneralAdministrative": 2258386000, "nonRecurring": {}, "otherOperatingExpenses": -315114000, "totalOperatingExpenses": 6782195000, "operatingIncome": 613900000, "totalOtherIncomeExpenseNet": -680833000, "ebit": 613900000, "interestExpense": {}, "incomeBeforeTax": -66933000, "incomeTaxExpense": -12362000, "minorityInterest": 27672000, "netIncomeFromContinuingOps": -54571000, "discontinuedOperations": {}, "extraordinaryItems": {}, "effectOfAccountingCharges": {}, "otherItems": {}, "netIncome": -54626000, "netIncomeApplicableToCommonShares": -54626000}, {"maxAge": 1, "endDate": "2019-12-31", "totalRevenue": 7073440000, "costOfRevenue": 4328908000, "grossProfit": 2744532000, "researchDevelopment": {}, "sellingGeneralAdministrative": 918371000, "nonRecurring": {}, "otherOperatingExpenses": 1185841000, "totalOperatingExpenses": 6675792000, "operatingIncome": 397648000, "totalOtherIncomeExpenseNet": -249512000, "ebit": 397648000, "interestExpense": -327693000, "incomeBeforeTax": 148136000, "incomeTaxExpense": 42234000, "minorityInterest": 27672000, "netIncomeFromContinuingOps": 105902000, "discontinuedOperations": {}, "extraordinaryItems": {}, "effectOfAccountingCharges": {}, "otherItems": {}, "netIncome": 102672000, "netIncomeApplicableToCommonShares": 102672000}, {"maxAge": 1, "endDate": "2019-09-30", "totalRevenue": 7091199000, "costOfRevenue": 4330587000, "grossProfit": 2760612000, "researchDevelopment": {}, "sellingGeneralAdministrative": 946988000, "nonRecurring": {}, "otherOperatingExpenses": 1084704000, "totalOperatingExpenses": 6599120000, "operatingIncome": 492079000, "totalOtherIncomeExpenseNet": -252739000, "ebit": 492079000, "interestExpense": -315202000, "incomeBeforeTax": 239340000, "incomeTaxExpense": 22286000, "minorityInterest": 24387000, "netIncomeFromContinuingOps": 217054000, "discontinuedOperations": {}, "extraordinaryItems": {}, "effectOfAccountingCharges": {}, "otherItems": {}, "netIncome": 216844000, "netIncomeApplicableToCommonShares": 216844000}], "maxAge": 86400}, "cashflowStatementHistoryQuarterly": {"cashflowStatements": [{"maxAge": 1, "endDate": "2020-06-30", "netIncome": -169593000, "changeToLiabilities": 0}, {"maxAge": 1, "endDate": "2020-03-31", "netIncome": -54626000, "changeToLiabilities": 0}, {"maxAge": 1, "endDate": "2019-12-31", "netIncome": 102672000, "changeToLiabilities": 0}, {"maxAge": 1, "endDate": "2019-09-30", "netIncome": 216844000, "changeToLiabilities": 0}], "maxAge": 86400}, "insiderHolders": {"holders": [{"maxAge": 1, "name": "238 Plan Associates LLC", "relation": "Institution- Corporation", "url": "", "transactionDescription": "Acquisition", "latestTransDate": "2020-09-24", "positionDirect": 1925000, "positionDirectDate": "2020-09-24"}, {"maxAge": 1, "name": "Bhattacharya (Manas Ranjan)", "relation": "UNREPORTED", "url": "", "transactionDescription": "Acquisition", "latestTransDate": "2016-09-14", "positionDirect": 10000, "positionDirectDate": "2016-09-14"}, {"maxAge": 1, "name": "Massachusetts Institute of Technology", "relation": "Institution- Corporation", "url": "", "transactionDescription": "Acquisition", "latestTransDate": "2020-09-24", "positionDirect": 8300000, "positionDirectDate": "2020-09-24"}], "maxAge": 1}, "earnings": {"maxAge": 86400, "earningsChart": {"quarterly": [{"date": "4Q2017", "actual": 2.57, "estimate": 1.8}, {"date": "1Q2018", "actual": 1.61, "estimate": 2.0}, {"date": "2Q2018", "actual": 1.67, "estimate": 1.34}, {"date": "3Q2018", "actual": 1.59, "estimate": 1.17}], "currentQuarterEstimateDate": "4Q", "currentQuarterEstimateYear": 2018, "earningsDate": ["2020-09-18 05:30:S"]}, "financialsChart": {"yearly": [{"date": 2017, "revenue": 20605089000, "earnings": 728155000}, {"date": 2018, "revenue": 25751225000, "earnings": 1184482000}, {"date": 2019, "revenue": 25157200000, "earnings": 550350000}, {"date": 2020, "revenue": 28607138000, "earnings": 431621000}], "quarterly": [{"date": "3Q2019", "revenue": 7091199000, "earnings": 216844000}, {"date": "4Q2019", "revenue": 7073440000, "earnings": 102672000}, {"date": "1Q2020", "revenue": 7396095000, "earnings": -54626000}, {"date": "2Q2020", "revenue": 3994290000, "earnings": -169593000}]}, "financialCurrency": "INR"}, "calendarEvents": {"maxAge": 1, "earnings": {"earningsDate": ["2020-09-18 05:30:S"], "revenueAverage": 6204000000, "revenueLow": 6204000000, "revenueHigh": 6204000000}}, "upgradeDowngradeHistory": {"history": [], "maxAge": 86400}, "price": {"maxAge": 1, "regularMarketChangePercent": -0.0069396254, "regularMarketChange": -0.5, "regularMarketTime": "2021-04-30 15:23:59", "priceHint": 2, "regularMarketPrice": 71.55, "regularMarketDayHigh": 73.6, "regularMarketDayLow": 71.25, "regularMarketVolume": 19475, "averageDailyVolume10Day": 76881, "averageDailyVolume3Month": 130514, "regularMarketPreviousClose": 72.05, "regularMarketSource": "FREE_REALTIME", "regularMarketOpen": 71.5, "exchange": "BSE", "exchangeName": "BSE", "exchangeDataDelayedBy": 0, "marketState": "CLOSED", "quoteType": "EQUITY", "symbol": "ITDCEM.BO", "underlyingSymbol": null, "shortName": "ITD CEMENTATION INDIA LTD.", "longName": "ITD Cementation India Limited", "currency": "INR", "quoteSourceName": "Delayed Quote", "currencySymbol": "\u20b9", "fromCurrency": null, "lastMarket": null, "marketCap": 12291431424}, "balanceSheetHistory": {"balanceSheetStatements": [{"maxAge": 1, "endDate": "2020-03-31", "cash": 2369004000, "shortTermInvestments": 200000, "netReceivables": 15661203000, "inventory": 2893575000, "otherCurrentAssets": 1944377000, "totalCurrentAssets": 23178495000, "longTermInvestments": 5749000, "propertyPlantEquipment": 6208744000, "intangibleAssets": 78239000, "otherAssets": 1585936000, "deferredLongTermAssetCharges": 19740000, "totalAssets": 31057163000, "accountsPayable": 6567329000, "shortLongTermDebt": 131067000, "otherCurrentLiab": 7359525000, "longTermDebt": 166423000, "otherLiab": 406033000, "minorityInterest": 27672000, "totalCurrentLiabilities": 19484357000, "totalLiab": 20503534000, "commonStock": 171788000, "retainedEarnings": 2502991000, "treasuryStock": -26000, "capitalSurplus": 7851204000, "otherStockholderEquity": -26000, "totalStockholderEquity": 10525957000, "netTangibleAssets": 10447718000}, {"maxAge": 1, "endDate": "2019-03-31", "cash": 895346000, "shortTermInvestments": 144330000, "netReceivables": 13790036000, "inventory": 2460906000, "otherCurrentAssets": 1642899000, "totalCurrentAssets": 19133511000, "longTermInvestments": 5749000, "propertyPlantEquipment": 5290610000, "intangibleAssets": 77199000, "otherAssets": 1465849000, "deferredLongTermAssetCharges": 52127000, "totalAssets": 25972918000, "accountsPayable": 5591822000, "shortLongTermDebt": 108224000, "otherCurrentLiab": 3698856000, "longTermDebt": 170627000, "otherLiab": 340995000, "minorityInterest": 21697000, "totalCurrentLiabilities": 15230874000, "totalLiab": 15742496000, "commonStock": 171788000, "retainedEarnings": 2185759000, "treasuryStock": -26000, "capitalSurplus": 7851204000, "otherStockholderEquity": -26000, "totalStockholderEquity": 10208725000, "netTangibleAssets": 10131526000}, {"maxAge": 1, "endDate": "2018-12-31"}, {"maxAge": 1, "endDate": "2017-12-31", "cash": 1132489000, "shortTermInvestments": 2470000, "netReceivables": 12929844000, "inventory": 1574170000, "otherCurrentAssets": 929349000, "totalCurrentAssets": 16726033000, "longTermInvestments": 9649000, "propertyPlantEquipment": 5002428000, "otherAssets": 2221522000, "deferredLongTermAssetCharges": 29398000, "totalAssets": 23959632000, "accountsPayable": 6217062000, "shortLongTermDebt": 415957000, "otherCurrentLiab": 5850991000, "longTermDebt": 246176000, "otherLiab": 123368000, "minorityInterest": 8831000, "totalCurrentLiabilities": 17408497000, "totalLiab": 17778041000, "commonStock": 155158000, "retainedEarnings": 1460782000, "treasuryStock": 1176000, "capitalSurplus": 4555644000, "otherStockholderEquity": 1176000, "totalStockholderEquity": 6172760000, "netTangibleAssets": 6172760000}], "maxAge": 86400}, "earningsTrend": {"trend": [{"maxAge": 1, "period": "0q", "endDate": "2018-12-31", "growth": {}, "earningsEstimate": {"avg": 0.0, "low": 0.0, "high": 0.0, "yearAgoEps": 2.57, "numberOfAnalysts": 0, "growth": {}}, "revenueEstimate": {"avg": 6204000000, "low": 6204000000, "high": 6204000000, "numberOfAnalysts": 2, "yearAgoRevenue": 5749100000, "growth": 0.079}, "epsTrend": {"current": 0.0, "7daysAgo": 1.6, "30daysAgo": 1.6, "60daysAgo": 1.6, "90daysAgo": 1.6}, "epsRevisions": {"upLast7days": 0, "upLast30days": 0, "downLast30days": 0, "downLast90days": {}}}, {"maxAge": 1, "period": "+1q", "endDate": "2019-03-31", "growth": {}, "earningsEstimate": {"avg": 0.0, "low": 0.0, "high": 0.0, "yearAgoEps": 1.61, "numberOfAnalysts": 0, "growth": {}}, "revenueEstimate": {"avg": 0, "low": 0, "high": 0, "numberOfAnalysts": 0, "yearAgoRevenue": {}, "growth": {}}, "epsTrend": {"current": 0.0, "7daysAgo": 0.0, "30daysAgo": 0.0, "60daysAgo": 0.0, "90daysAgo": 0.0}, "epsRevisions": {"upLast7days": 0, "upLast30days": 0, "downLast30days": 0, "downLast90days": {}}}, {"maxAge": 1, "period": "0y", "endDate": "2019-03-31", "growth": {}, "earningsEstimate": {"avg": 0.0, "low": 0.0, "high": 0.0, "yearAgoEps": {}, "numberOfAnalysts": 0, "growth": {}}, "revenueEstimate": {"avg": 32313500000, "low": 31163000000, "high": 32968000000, "numberOfAnalysts": 4, "yearAgoRevenue": {}, "growth": {}}, "epsTrend": {"current": 0.0, "7daysAgo": 7.98, "30daysAgo": 7.98, "60daysAgo": 7.98, "90daysAgo": 7.98}, "epsRevisions": {"upLast7days": 0, "upLast30days": 0, "downLast30days": 0, "downLast90days": {}}}, {"maxAge": 1, "period": "+1y", "endDate": "2020-03-31", "growth": {}, "earningsEstimate": {"avg": 0.0, "low": 0.0, "high": 0.0, "yearAgoEps": {}, "numberOfAnalysts": 0, "growth": {}}, "revenueEstimate": {"avg": 34681600000, "low": 31438000000, "high": 38541000000, "numberOfAnalysts": 5, "yearAgoRevenue": 32313500000, "growth": 0.073}, "epsTrend": {"current": 0.0, "7daysAgo": 10.26, "30daysAgo": 10.26, "60daysAgo": 10.26, "90daysAgo": 10.26}, "epsRevisions": {"upLast7days": 0, "upLast30days": 0, "downLast30days": 0, "downLast90days": {}}}, {"maxAge": 1, "period": "+5y", "endDate": null, "growth": {}, "earningsEstimate": {"avg": {}, "low": {}, "high": {}, "yearAgoEps": {}, "numberOfAnalysts": {}, "growth": {}}, "revenueEstimate": {"avg": {}, "low": {}, "high": {}, "numberOfAnalysts": {}, "yearAgoRevenue": {}, "growth": {}}, "epsTrend": {"current": {}, "7daysAgo": {}, "30daysAgo": {}, "60daysAgo": {}, "90daysAgo": {}}, "epsRevisions": {"upLast7days": {}, "upLast30days": {}, "downLast30days": {}, "downLast90days": {}}}, {"maxAge": 1, "period": "-5y", "endDate": null, "growth": {}, "earningsEstimate": {"avg": {}, "low": {}, "high": {}, "yearAgoEps": {}, "numberOfAnalysts": {}, "growth": {}}, "revenueEstimate": {"avg": {}, "low": {}, "high": {}, "numberOfAnalysts": {}, "yearAgoRevenue": {}, "growth": {}}, "epsTrend": {"current": {}, "7daysAgo": {}, "30daysAgo": {}, "60daysAgo": {}, "90daysAgo": {}}, "epsRevisions": {"upLast7days": {}, "upLast30days": {}, "downLast30days": {}, "downLast90days": {}}}], "maxAge": 1}, "financialData": {"maxAge": 86400, "currentPrice": 71.55, "targetHighPrice": 235.0, "targetLowPrice": 105.0, "targetMeanPrice": 176.29, "targetMedianPrice": 173.0, "recommendationKey": "none", "numberOfAnalystOpinions": 7, "grossProfits": 10984408000, "financialCurrency": "INR"}}}