{"ITHL.BO": {"recommendationTrend": {"trend": [{"period": "0m", "strongBuy": 0, "buy": 0, "hold": 0, "sell": 0, "strongSell": 0}, {"period": "-1m", "strongBuy": 0, "buy": 0, "hold": 0, "sell": 0, "strongSell": 0}, {"period": "-2m", "strongBuy": 0, "buy": 0, "hold": 0, "sell": 0, "strongSell": 0}, {"period": "-3m", "strongBuy": 0, "buy": 0, "hold": 0, "sell": 0, "strongSell": 0}], "maxAge": 86400}, "cashflowStatementHistory": {"cashflowStatements": [{"maxAge": 1, "endDate": "2020-03-31", "netIncome": -74108000, "depreciation": 103615000, "changeToNetincome": -49662000, "changeToAccountReceivables": 266588000, "changeToLiabilities": -69688000, "changeToOperatingActivities": 47906000, "totalCashFromOperatingActivities": 236229000, "capitalExpenditures": -114408000, "investments": -209157000, "otherCashflowsFromInvestingActivities": 2364000, "totalCashflowsFromInvestingActivities": -297138000, "dividendsPaid": -19986000, "netBorrowings": -5884000, "otherCashflowsFromFinancingActivities": -9451000, "totalCashFromFinancingActivities": -35321000, "effectOfExchangeRate": 460000, "changeInCash": -95770000}, {"maxAge": 1, "endDate": "2019-03-31", "netIncome": 26797000, "depreciation": 92036000, "changeToNetincome": -56807000, "changeToAccountReceivables": -194966000, "changeToLiabilities": 31235000, "changeToOperatingActivities": -16553000, "totalCashFromOperatingActivities": -105055000, "capitalExpenditures": -144566000, "investments": 158565000, "otherCashflowsFromInvestingActivities": 1292000, "totalCashflowsFromInvestingActivities": 43055000, "dividendsPaid": -33977000, "netBorrowings": -5884000, "otherCashflowsFromFinancingActivities": -7563000, "totalCashFromFinancingActivities": -41540000, "effectOfExchangeRate": 83000, "changeInCash": -103457000}, {"maxAge": 1, "endDate": "2018-03-31", "netIncome": 69540000, "depreciation": 97047000, "changeToNetincome": -43334000, "changeToAccountReceivables": -98498000, "changeToLiabilities": -45938000, "changeToOperatingActivities": -64132000, "totalCashFromOperatingActivities": -72132000, "capitalExpenditures": -31057000, "investments": 307388000, "otherCashflowsFromInvestingActivities": 5040000, "totalCashflowsFromInvestingActivities": 299256000, "dividendsPaid": -33977000, "netBorrowings": -5884000, "otherCashflowsFromFinancingActivities": -7396000, "totalCashFromFinancingActivities": -41373000, "effectOfExchangeRate": 67000, "changeInCash": 185818000}, {"maxAge": 1, "endDate": "2017-03-31", "netIncome": 111724000, "depreciation": 107606000, "changeToNetincome": -21778000, "changeToAccountReceivables": -123056000, "changeToLiabilities": 42611000, "changeToOperatingActivities": 13661000, "totalCashFromOperatingActivities": 143692000, "capitalExpenditures": -29943000, "investments": -145217000, "otherCashflowsFromInvestingActivities": 4107000, "totalCashflowsFromInvestingActivities": -151773000, "dividendsPaid": -33977000, "netBorrowings": -5884000, "otherCashflowsFromFinancingActivities": -6889000, "totalCashFromFinancingActivities": -40866000, "effectOfExchangeRate": 60000, "changeInCash": -48887000}], "maxAge": 86400}, "institutionOwnership": {"maxAge": 1, "ownershipList": []}, "balanceSheetHistoryQuarterly": {"balanceSheetStatements": [{"maxAge": 1, "endDate": "2020-09-30", "cash": 40039000, "shortTermInvestments": 719104000, "netReceivables": 370994000, "otherCurrentAssets": 91801000, "totalCurrentAssets": 1221938000, "propertyPlantEquipment": 296264000, "intangibleAssets": 11275000, "otherAssets": 112551000, "totalAssets": 1642028000, "accountsPayable": 194048000, "otherCurrentLiab": 161908000, "otherLiab": 25991000, "totalCurrentLiabilities": 373771000, "totalLiab": 412562000, "commonStock": 79945000, "treasuryStock": 1149521000, "otherStockholderEquity": 1149521000, "totalStockholderEquity": 1229466000, "netTangibleAssets": 1218191000}, {"maxAge": 1, "endDate": "2020-06-30", "totalStockholderEquity": 1504205000, "netTangibleAssets": 1490176000}, {"maxAge": 1, "endDate": "2020-03-31", "cash": 20988000, "shortTermInvestments": 16265000, "netReceivables": 1061175000, "otherCurrentAssets": 121156000, "totalCurrentAssets": 1449528000, "propertyPlantEquipment": 348895000, "intangibleAssets": 14029000, "otherAssets": 129031000, "totalAssets": 1941483000, "accountsPayable": 244759000, "otherCurrentLiab": 82700000, "otherLiab": 24852000, "totalCurrentLiabilities": 395910000, "totalLiab": 437278000, "commonStock": 79945000, "retainedEarnings": 1302548000, "treasuryStock": 3153000, "capitalSurplus": 118559000, "otherStockholderEquity": 3153000, "totalStockholderEquity": 1504205000, "netTangibleAssets": 1490176000}, {"maxAge": 1, "endDate": "2019-12-31", "totalStockholderEquity": 1565951000, "netTangibleAssets": 1548305000}], "maxAge": 86400}, "earningsHistory": {"history": [{"maxAge": 1, "epsActual": {}, "epsEstimate": {}, "epsDifference": {}, "surprisePercent": {}, "quarter": {}, "period": "-4q"}, {"maxAge": 1, "epsActual": {}, "epsEstimate": {}, "epsDifference": {}, "surprisePercent": {}, "quarter": {}, "period": "-3q"}, {"maxAge": 1, "epsActual": {}, "epsEstimate": {}, "epsDifference": {}, "surprisePercent": {}, "quarter": {}, "period": "-2q"}, {"maxAge": 1, "epsActual": 1.44, "epsEstimate": 3.9, "epsDifference": -2.46, "surprisePercent": -0.631, "quarter": "2017-09-30", "period": "-1q"}], "maxAge": 86400}, "indexTrend": {"maxAge": 1, "symbol": "SP5", "peRatio": 19.7411, "pegRatio": 1.34172, "estimates": [{"period": "0q", "growth": 0.549}, {"period": "+1q", "growth": 0.431}, {"period": "0y", "growth": 0.305}, {"period": "+1y", "growth": 0.109}, {"period": "+5y", "growth": 0.120859005}, {"period": "-5y"}]}, "industryTrend": {"maxAge": 1, "symbol": null, "estimates": []}, "quoteType": {"exchange": "BSE", "quoteType": "EQUITY", "symbol": "ITHL.BO", "underlyingSymbol": "ITHL.BO", "shortName": "INTERNATIONAL TRAVEL HOUSE LTD", "longName": "International Travel House Limited", "firstTradeDateEpochUtc": "2000-06-09 09:15:00", "timeZoneFullName": "Asia/Kolkata", "timeZoneShortName": "IST", "uuid": "159a23db-8b6b-3c1a-ac6a-f7977f8048c9", "messageBoardId": null, "gmtOffSetMilliseconds": 19800000, "maxAge": 1}, "incomeStatementHistory": {"incomeStatementHistory": [{"maxAge": 1, "endDate": "2020-03-31", "totalRevenue": 2091610000, "costOfRevenue": 609845000, "grossProfit": 1481765000, "researchDevelopment": {}, "sellingGeneralAdministrative": 930436000, "nonRecurring": {}, "otherOperatingExpenses": 529025000, "totalOperatingExpenses": 2184499000, "operatingIncome": -92889000, "totalOtherIncomeExpenseNet": 8776000, "ebit": -92889000, "interestExpense": -4791000, "incomeBeforeTax": -84113000, "incomeTaxExpense": -10005000, "minorityInterest": {}, "netIncomeFromContinuingOps": -74108000, "discontinuedOperations": {}, "extraordinaryItems": {}, "effectOfAccountingCharges": {}, "otherItems": {}, "netIncome": -74108000, "netIncomeApplicableToCommonShares": -74108000}, {"maxAge": 1, "endDate": "2019-03-31", "totalRevenue": 2081421000, "costOfRevenue": 588991000, "grossProfit": 1492430000, "researchDevelopment": {}, "sellingGeneralAdministrative": 810481000, "nonRecurring": {}, "otherOperatingExpenses": 558818000, "totalOperatingExpenses": 2063529000, "operatingIncome": 17892000, "totalOtherIncomeExpenseNet": 24598000, "ebit": 17892000, "interestExpense": -380000, "incomeBeforeTax": 42490000, "incomeTaxExpense": 15693000, "minorityInterest": {}, "netIncomeFromContinuingOps": 26797000, "discontinuedOperations": {}, "extraordinaryItems": {}, "effectOfAccountingCharges": {}, "otherItems": {}, "netIncome": 26797000, "netIncomeApplicableToCommonShares": 26797000}, {"maxAge": 1, "endDate": "2018-03-31", "totalRevenue": 2043451000, "costOfRevenue": 564561000, "grossProfit": 1478890000, "researchDevelopment": {}, "sellingGeneralAdministrative": 726507000, "nonRecurring": {}, "otherOperatingExpenses": 558300000, "totalOperatingExpenses": 1959598000, "operatingIncome": 83853000, "totalOtherIncomeExpenseNet": 31261000, "ebit": 83853000, "interestExpense": -2215000, "incomeBeforeTax": 115114000, "incomeTaxExpense": 45574000, "minorityInterest": {}, "netIncomeFromContinuingOps": 69540000, "discontinuedOperations": {}, "extraordinaryItems": {}, "effectOfAccountingCharges": {}, "otherItems": {}, "netIncome": 69540000, "netIncomeApplicableToCommonShares": 69540000}, {"maxAge": 1, "endDate": "2017-03-31", "totalRevenue": 2015419000, "costOfRevenue": 531037000, "grossProfit": 1484382000, "researchDevelopment": {}, "sellingGeneralAdministrative": 683322000, "nonRecurring": {}, "otherOperatingExpenses": 538810000, "totalOperatingExpenses": 1873699000, "operatingIncome": 141720000, "totalOtherIncomeExpenseNet": 41371000, "ebit": 141720000, "interestExpense": -296000, "incomeBeforeTax": 183091000, "incomeTaxExpense": 71367000, "minorityInterest": {}, "netIncomeFromContinuingOps": 111724000, "discontinuedOperations": {}, "extraordinaryItems": {}, "effectOfAccountingCharges": {}, "otherItems": {}, "netIncome": 111724000, "netIncomeApplicableToCommonShares": 111724000}], "maxAge": 86400}, "fundOwnership": {"maxAge": 1, "ownershipList": []}, "summaryDetail": {"maxAge": 1, "priceHint": 2, "previousClose": 62.95, "open": 62.0, "dayLow": 59.5, "dayHigh": 62.5, "regularMarketPreviousClose": 62.95, "regularMarketOpen": 62.0, "regularMarketDayLow": 59.5, "regularMarketDayHigh": 62.5, "forwardPE": 3.464164, "volume": 2384, "regularMarketVolume": 2384, "averageVolume": 6571, "averageVolume10days": 11382, "averageDailyVolume10Day": 11382, "bid": 60.0, "ask": 61.2, "bidSize": 0, "askSize": 0, "marketCap": 486865056, "fiftyTwoWeekLow": 35.6, "fiftyTwoWeekHigh": 74.45, "fiftyDayAverage": 59.665714, "twoHundredDayAverage": 55.21679, "trailingAnnualDividendRate": 2.5, "trailingAnnualDividendYield": 0.039714057, "currency": "INR", "fromCurrency": null, "toCurrency": null, "lastMarket": null, "algorithm": null, "tradeable": false}, "sectorTrend": {"maxAge": 1, "symbol": null, "estimates": []}, "incomeStatementHistoryQuarterly": {"incomeStatementHistory": [{"maxAge": 1, "endDate": "2020-09-30", "totalRevenue": 141833000, "costOfRevenue": 143901000, "grossProfit": -2068000, "researchDevelopment": {}, "sellingGeneralAdministrative": 15440000, "nonRecurring": {}, "otherOperatingExpenses": 76276000, "totalOperatingExpenses": 261074000, "operatingIncome": -119241000, "totalOtherIncomeExpenseNet": 2390000, "ebit": -119241000, "interestExpense": -548000, "incomeBeforeTax": -116851000, "incomeTaxExpense": 0, "minorityInterest": {}, "netIncomeFromContinuingOps": -116851000, "discontinuedOperations": {}, "extraordinaryItems": {}, "effectOfAccountingCharges": {}, "otherItems": {}, "netIncome": -116851000, "netIncomeApplicableToCommonShares": -116851000}, {"maxAge": 1, "endDate": "2020-06-30", "totalRevenue": 81537000, "costOfRevenue": 154228000, "grossProfit": -72691000, "researchDevelopment": {}, "sellingGeneralAdministrative": 9615000, "nonRecurring": {}, "otherOperatingExpenses": 57251000, "totalOperatingExpenses": 247844000, "operatingIncome": -166307000, "totalOtherIncomeExpenseNet": 6535000, "ebit": -166307000, "interestExpense": -530000, "incomeBeforeTax": -159772000, "incomeTaxExpense": 0, "minorityInterest": {}, "netIncomeFromContinuingOps": -159772000, "discontinuedOperations": {}, "extraordinaryItems": {}, "effectOfAccountingCharges": {}, "otherItems": {}, "netIncome": -159772000, "netIncomeApplicableToCommonShares": -159772000}, {"maxAge": 1, "endDate": "2020-03-31", "totalRevenue": 460830000, "costOfRevenue": -494334000, "grossProfit": 955164000, "researchDevelopment": {}, "sellingGeneralAdministrative": 751628000, "nonRecurring": {}, "otherOperatingExpenses": 214202000, "totalOperatingExpenses": 499381000, "operatingIncome": -38551000, "totalOtherIncomeExpenseNet": 321000, "ebit": -38551000, "interestExpense": -538000, "incomeBeforeTax": -38230000, "incomeTaxExpense": 792000, "minorityInterest": {}, "netIncomeFromContinuingOps": -39022000, "discontinuedOperations": {}, "extraordinaryItems": {}, "effectOfAccountingCharges": {}, "otherItems": {}, "netIncome": -39022000, "netIncomeApplicableToCommonShares": -39022000}, {"maxAge": 1, "endDate": "2019-12-31", "totalRevenue": 568559000, "costOfRevenue": 385680000, "grossProfit": 182879000, "researchDevelopment": {}, "sellingGeneralAdministrative": 60925000, "nonRecurring": {}, "otherOperatingExpenses": 107653000, "totalOperatingExpenses": 583946000, "operatingIncome": -15387000, "totalOtherIncomeExpenseNet": -1521000, "ebit": -15387000, "interestExpense": -2248000, "incomeBeforeTax": -16908000, "incomeTaxExpense": -4303000, "minorityInterest": {}, "netIncomeFromContinuingOps": -12605000, "discontinuedOperations": {}, "extraordinaryItems": {}, "effectOfAccountingCharges": {}, "otherItems": {}, "netIncome": -12605000, "netIncomeApplicableToCommonShares": -12605000}], "maxAge": 86400}, "cashflowStatementHistoryQuarterly": {"cashflowStatements": [{"maxAge": 1, "endDate": "2020-09-30", "netIncome": -116851000, "changeToLiabilities": 0}, {"maxAge": 1, "endDate": "2020-06-30", "netIncome": -159772000, "changeToLiabilities": 0}, {"maxAge": 1, "endDate": "2020-03-31", "netIncome": -39022000, "changeToLiabilities": 0}, {"maxAge": 1, "endDate": "2019-12-31", "netIncome": -12605000, "changeToLiabilities": 0}], "maxAge": 86400}, "insiderHolders": {"holders": [], "maxAge": 1}, "earnings": {"maxAge": 86400, "earningsChart": {"quarterly": [{"date": "3Q2017", "actual": 1.44, "estimate": 3.9}], "currentQuarterEstimateDate": "4Q", "currentQuarterEstimateYear": 2017, "earningsDate": ["2020-10-14 05:30:S"]}, "financialsChart": {"yearly": [{"date": 2017, "revenue": 2015419000, "earnings": 111724000}, {"date": 2018, "revenue": 2043451000, "earnings": 69540000}, {"date": 2019, "revenue": 2081421000, "earnings": 26797000}, {"date": 2020, "revenue": 2091610000, "earnings": -74108000}], "quarterly": [{"date": "4Q2019", "revenue": 568559000, "earnings": -12605000}, {"date": "1Q2020", "revenue": 460830000, "earnings": -39022000}, {"date": "2Q2020", "revenue": 81537000, "earnings": -159772000}, {"date": "3Q2020", "revenue": 141833000, "earnings": -116851000}]}, "financialCurrency": "INR"}, "calendarEvents": {"maxAge": 1, "earnings": {"earningsDate": ["2020-10-14 05:30:S"], "revenueAverage": 509197000}}, "price": {"maxAge": 1, "regularMarketChangePercent": -0.032565515, "regularMarketChange": -2.0499992, "regularMarketTime": "2021-04-30 15:29:03", "priceHint": 2, "regularMarketPrice": 60.9, "regularMarketDayHigh": 62.5, "regularMarketDayLow": 59.5, "regularMarketVolume": 2384, "averageDailyVolume10Day": 11382, "averageDailyVolume3Month": 6571, "regularMarketPreviousClose": 62.95, "regularMarketSource": "FREE_REALTIME", "regularMarketOpen": 62.0, "exchange": "BSE", "exchangeName": "BSE", "exchangeDataDelayedBy": 0, "marketState": "CLOSED", "quoteType": "EQUITY", "symbol": "ITHL.BO", "underlyingSymbol": null, "shortName": "INTERNATIONAL TRAVEL HOUSE LTD", "longName": "International Travel House Limited", "currency": "INR", "quoteSourceName": "Delayed Quote", "currencySymbol": "\u20b9", "fromCurrency": null, "toCurrency": null, "lastMarket": null, "marketCap": 486865056}, "balanceSheetHistory": {"balanceSheetStatements": [{"maxAge": 1, "endDate": "2020-03-31", "cash": 20988000, "shortTermInvestments": 16265000, "netReceivables": 1061175000, "otherCurrentAssets": 121156000, "totalCurrentAssets": 1449528000, "propertyPlantEquipment": 348895000, "intangibleAssets": 14029000, "otherAssets": 129031000, "totalAssets": 1941483000, "accountsPayable": 244759000, "otherCurrentLiab": 82700000, "otherLiab": 24852000, "totalCurrentLiabilities": 395910000, "totalLiab": 437278000, "commonStock": 79945000, "retainedEarnings": 1302548000, "treasuryStock": 3153000, "capitalSurplus": 118559000, "otherStockholderEquity": 3153000, "totalStockholderEquity": 1504205000, "netTangibleAssets": 1490176000}, {"maxAge": 1, "endDate": "2019-03-31", "cash": 116758000, "shortTermInvestments": 22218000, "netReceivables": 1389500000, "otherCurrentAssets": 134174000, "totalCurrentAssets": 1681075000, "propertyPlantEquipment": 324736000, "intangibleAssets": 23813000, "otherAssets": 67410000, "deferredLongTermAssetCharges": 3965000, "totalAssets": 2097034000, "accountsPayable": 310501000, "otherCurrentLiab": 70975000, "otherLiab": 24623000, "totalCurrentLiabilities": 454212000, "totalLiab": 478835000, "commonStock": 79945000, "retainedEarnings": 1416542000, "treasuryStock": 3153000, "capitalSurplus": 118559000, "otherStockholderEquity": 3153000, "totalStockholderEquity": 1618199000, "netTangibleAssets": 1594386000}, {"maxAge": 1, "endDate": "2018-03-31", "cash": 220215000, "shortTermInvestments": 16269000, "netReceivables": 1176810000, "otherCurrentAssets": 113801000, "totalCurrentAssets": 1694939000, "longTermInvestments": 5578000, "propertyPlantEquipment": 292537000, "intangibleAssets": 31225000, "otherAssets": 52751000, "totalAssets": 2077030000, "accountsPayable": 279132000, "otherCurrentLiab": 62060000, "otherLiab": 34356000, "totalCurrentLiabilities": 403278000, "totalLiab": 437634000, "commonStock": 79945000, "retainedEarnings": 1437739000, "treasuryStock": 3153000, "capitalSurplus": 118559000, "otherStockholderEquity": 3153000, "totalStockholderEquity": 1639396000, "netTangibleAssets": 1608171000}, {"maxAge": 1, "endDate": "2017-03-31", "cash": 34397000, "shortTermInvestments": 46150000, "netReceivables": 1071313000, "otherCurrentAssets": 75280000, "totalCurrentAssets": 1660967000, "longTermInvestments": 5000000, "propertyPlantEquipment": 369096000, "intangibleAssets": 40577000, "otherAssets": 54450000, "totalAssets": 2130090000, "accountsPayable": 334462000, "otherCurrentLiab": 88483000, "otherLiab": 50046000, "totalCurrentLiabilities": 459959000, "totalLiab": 510005000, "commonStock": 79945000, "retainedEarnings": 1418428000, "treasuryStock": 3153000, "capitalSurplus": 118559000, "otherStockholderEquity": 3153000, "totalStockholderEquity": 1620085000, "netTangibleAssets": 1579508000}], "maxAge": 86400}, "earningsTrend": {"trend": [{"maxAge": 1, "period": "0q", "endDate": "2017-12-31", "growth": {}, "earningsEstimate": {"avg": 0.0, "low": 0.0, "high": 0.0, "yearAgoEps": {}, "numberOfAnalysts": 0, "growth": {}}, "revenueEstimate": {"avg": 509197000, "low": 0, "high": 0, "numberOfAnalysts": 0, "yearAgoRevenue": {}, "growth": {}}, "epsTrend": {"current": 0.0, "7daysAgo": 0.0, "30daysAgo": 0.0, "60daysAgo": 0.0, "90daysAgo": 0.0}, "epsRevisions": {"upLast7days": 0, "upLast30days": 0, "downLast30days": 0, "downLast90days": {}}}, {"maxAge": 1, "period": "+1q", "endDate": "2018-03-31", "growth": {}, "earningsEstimate": {"avg": 0.0, "low": 0.0, "high": 0.0, "yearAgoEps": {}, "numberOfAnalysts": 0, "growth": {}}, "revenueEstimate": {"avg": 538779000, "low": 0, "high": 0, "numberOfAnalysts": 0, "yearAgoRevenue": {}, "growth": {}}, "epsTrend": {"current": 0.0, "7daysAgo": 0.0, "30daysAgo": 0.0, "60daysAgo": 0.0, "90daysAgo": 0.0}, "epsRevisions": {"upLast7days": 0, "upLast30days": 0, "downLast30days": 0, "downLast90days": {}}}, {"maxAge": 1, "period": "0y", "endDate": "2018-03-31", "growth": {}, "earningsEstimate": {"avg": 0.0, "low": 0.0, "high": 0.0, "yearAgoEps": {}, "numberOfAnalysts": 0, "growth": {}}, "revenueEstimate": {"avg": 2076930000, "low": 2222380000, "high": 2222380000, "numberOfAnalysts": 1, "yearAgoRevenue": {}, "growth": {}}, "epsTrend": {"current": 0.0, "7daysAgo": 16.13, "30daysAgo": 16.13, "60daysAgo": 16.13, "90daysAgo": 16.13}, "epsRevisions": {"upLast7days": 0, "upLast30days": 0, "downLast30days": 0, "downLast90days": {}}}, {"maxAge": 1, "period": "+1y", "endDate": "2019-03-31", "growth": {}, "earningsEstimate": {"avg": 0.0, "low": 0.0, "high": 0.0, "yearAgoEps": {}, "numberOfAnalysts": 0, "growth": {}}, "revenueEstimate": {"avg": 2422400000, "low": 2422400000, "high": 2422400000, "numberOfAnalysts": 1, "yearAgoRevenue": 2076930000, "growth": 0.16600001}, "epsTrend": {"current": 0.0, "7daysAgo": 17.58, "30daysAgo": 17.58, "60daysAgo": 17.58, "90daysAgo": 17.58}, "epsRevisions": {"upLast7days": 0, "upLast30days": 0, "downLast30days": 0, "downLast90days": {}}}, {"maxAge": 1, "period": "+5y", "endDate": null, "growth": {}, "earningsEstimate": {"avg": {}, "low": {}, "high": {}, "yearAgoEps": {}, "numberOfAnalysts": {}, "growth": {}}, "revenueEstimate": {"avg": {}, "low": {}, "high": {}, "numberOfAnalysts": {}, "yearAgoRevenue": {}, "growth": {}}, "epsTrend": {"current": {}, "7daysAgo": {}, "30daysAgo": {}, "60daysAgo": {}, "90daysAgo": {}}, "epsRevisions": {"upLast7days": {}, "upLast30days": {}, "downLast30days": {}, "downLast90days": {}}}, {"maxAge": 1, "period": "-5y", "endDate": null, "growth": {}, "earningsEstimate": {"avg": {}, "low": {}, "high": {}, "yearAgoEps": {}, "numberOfAnalysts": {}, "growth": {}}, "revenueEstimate": {"avg": {}, "low": {}, "high": {}, "numberOfAnalysts": {}, "yearAgoRevenue": {}, "growth": {}}, "epsTrend": {"current": {}, "7daysAgo": {}, "30daysAgo": {}, "60daysAgo": {}, "90daysAgo": {}}, "epsRevisions": {"upLast7days": {}, "upLast30days": {}, "downLast30days": {}, "downLast90days": {}}}], "maxAge": 1}, "financialData": {"maxAge": 86400, "currentPrice": 60.9, "targetHighPrice": 305.0, "targetLowPrice": 305.0, "targetMeanPrice": 305.0, "targetMedianPrice": 305.0, "recommendationKey": "none", "numberOfAnalystOpinions": 1, "grossProfits": 1481765000, "financialCurrency": "INR"}}}