{"ITI.NS": {"assetProfile": {"address1": "ITI Bhavan", "address2": "Doorvaninagar", "city": "Bengaluru", "zip": "560016", "country": "India", "phone": "91 80 2561 4466", "fax": "91 80 2561 7525", "website": "http://www.itiltd.in", "industry": "Communication Equipment", "sector": "Technology", "longBusinessSummary": "ITI Limited engages in the manufacture, sale, and servicing of telecommunication equipment primarily in India. Its telecom products and solutions include switching, transmission, access, and subscriber premises equipment. The company also offers energy meters, mini personal computers, 3D printing products, bank automation products, gigabit passive optical network OLT and ONT products, PCM multiplexers, ruggedized telephones for defense forces, smart and banking cards, set top boxes, hand held terminals for smart card authentication, and Wi-Fi equipment. In addition, it provides encryption devices for defense, solar power modules, switched mode power supply systems, Internet of Things products, radio modems, and AN rack hardware products, as well as HDPE ducts, OFC cables, solar panels, smart energy meters, and payment cards. Further, the company trades in optical transport network products, such as DWDM; managed leased line network products; signaling point network products; IP/MPLS routers and switches; network management system solutions; microwave and satellite communication equipment; next generation network equipment; and information technology products and solutions. Additionally, it offers installation, commissioning, operation, and maintenance services; electronic contract manufacturing services; mechanical fabrication services; printed circuit board manufacturing services; data center hosting services; EMI/EMC and environmental testing of electronic products; three dimensional printing services; mechanical fabrication services; and component screening services. ITI Limited was founded in 1948 and is based in Bengaluru, India.", "fullTimeEmployees": 2889, "companyOfficers": [{"maxAge": 1, "name": "Mr. Rakesh Mohan Agarwal DDG(SU)", "age": 57, "title": "MD & Chairman", "yearBorn": 1963, "fiscalYear": 2020, "totalPay": 3296236, "exercisedValue": 0, "unexercisedValue": 0}, {"maxAge": 1, "name": "Mr. Rajeev  Srivastava", "title": "CFO, GM of Corp. Fin., Director of Fin. & Director", "fiscalYear": 2020, "totalPay": 2044132, "exercisedValue": 0, "unexercisedValue": 0}, {"maxAge": 1, "name": "Ms. S. Shanmuga Priya", "title": "Company Sec. & Compliance Officer", "fiscalYear": 2020, "totalPay": 1072858, "exercisedValue": 0, "unexercisedValue": 0}, {"maxAge": 1, "name": "Mr. Shashi Prakash Gupta", "age": 58, "title": "Director of HR & Director", "yearBorn": 1962, "fiscalYear": 2020, "totalPay": 3014636, "exercisedValue": 0, "unexercisedValue": 0}, {"maxAge": 1, "name": "Mr. Duvvari  Venkateswarlu", "title": "Director of Production & Director", "fiscalYear": 2020, "totalPay": 1546638, "exercisedValue": 0, "unexercisedValue": 0}, {"maxAge": 1, "name": "Mr. Sunil  Kumar", "title": "Gen. Mang. of Operations", "exercisedValue": 0, "unexercisedValue": 0}, {"maxAge": 1, "name": "Mr. Rakesh Chandra Tiwari", "title": "Director of Marketing", "exercisedValue": 0, "unexercisedValue": 0}, {"maxAge": 1, "name": "Mr. B.  Kasiviswanathan", "title": "Chief Vigilance Officer", "exercisedValue": 0, "unexercisedValue": 0}, {"maxAge": 1, "name": "Mr. I. A. Khan", "title": "Chief Mang. of Srinagar Plant", "exercisedValue": 0, "unexercisedValue": 0}], "compensationAsOfEpochDate": "2020-12-31 05:30:00", "maxAge": 86400}, "recommendationTrend": {"trend": [{"period": "0m", "strongBuy": 0, "buy": 0, "hold": 0, "sell": 0, "strongSell": 0}, {"period": "-1m", "strongBuy": 0, "buy": 0, "hold": 0, "sell": 0, "strongSell": 0}, {"period": "-2m", "strongBuy": 0, "buy": 0, "hold": 0, "sell": 0, "strongSell": 0}, {"period": "-3m", "strongBuy": 0, "buy": 0, "hold": 0, "sell": 0, "strongSell": 0}], "maxAge": 86400}, "cashflowStatementHistory": {"cashflowStatements": [{"maxAge": 1, "endDate": "2020-03-31", "netIncome": 1508583000, "depreciation": 418920000, "changeToNetincome": 469946000, "changeToAccountReceivables": -6466558000, "changeToLiabilities": 2356790000, "changeToInventory": -280424000, "totalCashFromOperatingActivities": -1986530000, "capitalExpenditures": -639238000, "investments": 17709000, "otherCashflowsFromInvestingActivities": 157114000, "totalCashflowsFromInvestingActivities": -446484000, "netBorrowings": -431229000, "otherCashflowsFromFinancingActivities": 2229630000, "totalCashFromFinancingActivities": 2848401000, "changeInCash": 415387000, "issuanceOfStock": 1050000000}, {"maxAge": 1, "endDate": "2019-03-31", "netIncome": 925377000, "depreciation": 370916000, "changeToNetincome": 2393951000, "changeToAccountReceivables": -1062811000, "changeToLiabilities": -2461897000, "changeToInventory": 70790000, "totalCashFromOperatingActivities": 238349000, "capitalExpenditures": -1278172000, "investments": 17709000, "otherCashflowsFromInvestingActivities": 18491000, "totalCashflowsFromInvestingActivities": -1259681000, "netBorrowings": 323845000, "otherCashflowsFromFinancingActivities": -1064711000, "totalCashFromFinancingActivities": -190866000, "changeInCash": -1212197000, "issuanceOfStock": 550000000}, {"maxAge": 1, "endDate": "2018-03-31", "netIncome": 2305643000, "depreciation": 248550000, "changeToNetincome": -722598000, "changeToAccountReceivables": -11610830000, "changeToLiabilities": 8828834000, "changeToInventory": -169100000, "totalCashFromOperatingActivities": -1125540000, "capitalExpenditures": -1895536000, "investments": 17709000, "otherCashflowsFromInvestingActivities": 47080000, "totalCashflowsFromInvestingActivities": -927308000, "netBorrowings": 471533000, "otherCashflowsFromFinancingActivities": -204313000, "totalCashFromFinancingActivities": 3637220000, "changeInCash": 1584373000, "issuanceOfStock": 3370000000}, {"maxAge": 1, "endDate": "2017-03-31", "netIncome": 2663905000, "depreciation": 178323000, "changeToNetincome": -1850996000, "changeToAccountReceivables": 4564001000, "changeToLiabilities": -8672900000, "changeToInventory": -399570000, "totalCashFromOperatingActivities": -3474451000, "capitalExpenditures": -760750000, "investments": 17709000, "otherCashflowsFromInvestingActivities": 9995000, "totalCashflowsFromInvestingActivities": -750755000, "netBorrowings": 402540000, "otherCashflowsFromFinancingActivities": 3473850000, "totalCashFromFinancingActivities": 4676390000, "changeInCash": 451192000, "issuanceOfStock": 800000000}], "maxAge": 86400}, "indexTrend": {"maxAge": 1, "symbol": "SP5", "peRatio": 19.7411, "pegRatio": 1.34172, "estimates": [{"period": "0q", "growth": 0.549}, {"period": "+1q", "growth": 0.431}, {"period": "0y", "growth": 0.305}, {"period": "+1y", "growth": 0.109}, {"period": "+5y", "growth": 0.120865}, {"period": "-5y"}]}, "defaultKeyStatistics": {"maxAge": 1, "priceHint": 2, "enterpriseValue": 114076901376, "profitMargins": -0.087969996, "floatShares": 20038089, "sharesOutstanding": 933523008, "heldPercentInsiders": 0.97833997, "heldPercentInstitutions": 0.00017999999, "beta": 1.138876, "category": null, "bookValue": 23.92, "priceToBook": 4.506689, "fundFamily": null, "legalType": null, "lastFiscalYearEnd": "2020-03-31 05:30:00", "nextFiscalYearEnd": "2022-03-31 05:30:00", "mostRecentQuarter": "2020-12-31 05:30:00", "netIncomeToCommon": -1634557056, "trailingEps": -1.779, "lastSplitFactor": null, "enterpriseToRevenue": 6.532, "enterpriseToEbitda": -223.466, "52WeekChange": 0.309842, "SandP52WeekChange": 0.48148263}, "industryTrend": {"maxAge": 1, "symbol": null, "estimates": []}, "quoteType": {"exchange": "NSI", "quoteType": "EQUITY", "symbol": "ITI.NS", "underlyingSymbol": "ITI.NS", "shortName": "INDIAN TEL IND(ITI", "longName": "ITI Limited", "firstTradeDateEpochUtc": "2002-07-01 09:15:00", "timeZoneFullName": "Asia/Kolkata", "timeZoneShortName": "IST", "uuid": "ed3abac0-4dd5-30dd-b64b-551f5c8572fe", "messageBoardId": "finmb_12668599", "gmtOffSetMilliseconds": 19800000, "maxAge": 1}, "incomeStatementHistory": {"incomeStatementHistory": [{"maxAge": 1, "endDate": "2020-03-31", "totalRevenue": 20588686000, "costOfRevenue": 15843989000, "grossProfit": 4744697000, "researchDevelopment": {}, "sellingGeneralAdministrative": 2265725000, "nonRecurring": {}, "otherOperatingExpenses": 939464000, "totalOperatingExpenses": 19468098000, "operatingIncome": 1120588000, "totalOtherIncomeExpenseNet": 387995000, "ebit": 1120588000, "interestExpense": -1263913000, "incomeBeforeTax": 1508583000, "incomeTaxExpense": 0, "minorityInterest": {}, "netIncomeFromContinuingOps": 1508583000, "discontinuedOperations": {}, "extraordinaryItems": {}, "effectOfAccountingCharges": {}, "otherItems": {}, "netIncome": 1508583000, "netIncomeApplicableToCommonShares": 1410343000}, {"maxAge": 1, "endDate": "2019-03-31", "totalRevenue": 16683684000, "costOfRevenue": 13779993000, "grossProfit": 2903691000, "researchDevelopment": {}, "sellingGeneralAdministrative": 2072077000, "nonRecurring": {}, "otherOperatingExpenses": 668358000, "totalOperatingExpenses": 18058326000, "operatingIncome": -1374642000, "totalOtherIncomeExpenseNet": 2300019000, "ebit": -1374642000, "interestExpense": -1067080000, "incomeBeforeTax": 925377000, "incomeTaxExpense": 0, "minorityInterest": {}, "netIncomeFromContinuingOps": 925377000, "discontinuedOperations": {}, "extraordinaryItems": {}, "effectOfAccountingCharges": {}, "otherItems": {}, "netIncome": 925377000, "netIncomeApplicableToCommonShares": 651563000}, {"maxAge": 1, "endDate": "2018-03-31", "totalRevenue": 14751465000, "costOfRevenue": 10776055000, "grossProfit": 3975410000, "researchDevelopment": {}, "sellingGeneralAdministrative": 2246689000, "nonRecurring": {}, "otherOperatingExpenses": 886299000, "totalOperatingExpenses": 14157593000, "operatingIncome": 593872000, "totalOtherIncomeExpenseNet": 1711771000, "ebit": 593872000, "interestExpense": -1383068000, "incomeBeforeTax": 2305643000, "incomeTaxExpense": 0, "minorityInterest": {}, "netIncomeFromContinuingOps": 2305643000, "discontinuedOperations": {}, "extraordinaryItems": {}, "effectOfAccountingCharges": {}, "otherItems": {}, "netIncome": 2305643000, "netIncomeApplicableToCommonShares": 2031829000}, {"maxAge": 1, "endDate": "2017-03-31", "totalRevenue": 15281194000, "costOfRevenue": 12107036000, "grossProfit": 3174158000, "researchDevelopment": {}, "sellingGeneralAdministrative": 2695072000, "nonRecurring": {}, "otherOperatingExpenses": 1188221000, "totalOperatingExpenses": 16159774000, "operatingIncome": -878580000, "totalOtherIncomeExpenseNet": 3542485000, "ebit": -878580000, "interestExpense": -1404093000, "incomeBeforeTax": 2663905000, "incomeTaxExpense": 0, "minorityInterest": {}, "netIncomeFromContinuingOps": 2663905000, "discontinuedOperations": {}, "extraordinaryItems": {}, "effectOfAccountingCharges": {}, "otherItems": {}, "netIncome": 2663905000, "netIncomeApplicableToCommonShares": 2390091000}], "maxAge": 86400}, "fundOwnership": {"maxAge": 1, "ownershipList": [{"maxAge": 1, "reportDate": "2021-01-31", "organization": "DFA Emerging Markets Small Cap Series", "pctHeld": 0.0001, "position": 77824, "value": 9424486}]}, "summaryDetail": {"maxAge": 1, "priceHint": 2, "previousClose": 108.35, "open": 107.9, "dayLow": 107.4, "dayHigh": 109.25, "regularMarketPreviousClose": 108.35, "regularMarketOpen": 107.9, "regularMarketDayLow": 107.4, "regularMarketDayHigh": 109.25, "payoutRatio": 0.0, "beta": 1.138876, "volume": 144063, "regularMarketVolume": 144063, "averageVolume": 784628, "averageVolume10days": 307311, "averageDailyVolume10Day": 307311, "bid": 0.0, "ask": 0.0, "bidSize": 0, "askSize": 0, "marketCap": 100633780224, "fiftyTwoWeekLow": 78.65, "fiftyTwoWeekHigh": 151.65, "priceToSalesTrailing12Months": 5.7625585, "fiftyDayAverage": 113.78611, "twoHundredDayAverage": 122.586205, "currency": "INR", "fromCurrency": null, "toCurrency": null, "lastMarket": null, "algorithm": null, "tradeable": false}, "insiderHolders": {"holders": [], "maxAge": 1}, "calendarEvents": {"maxAge": 1, "earnings": {"earningsDate": []}}, "price": {"maxAge": 1, "regularMarketChangePercent": -0.0050761, "regularMarketChange": -0.5499954, "regularMarketTime": "2021-04-30 15:29:55", "priceHint": 2, "regularMarketPrice": 107.8, "regularMarketDayHigh": 109.25, "regularMarketDayLow": 107.4, "regularMarketVolume": 144063, "averageDailyVolume10Day": 307311, "averageDailyVolume3Month": 784628, "regularMarketPreviousClose": 108.35, "regularMarketSource": "FREE_REALTIME", "regularMarketOpen": 107.9, "exchange": "NSI", "exchangeName": "NSE", "exchangeDataDelayedBy": 15, "marketState": "CLOSED", "quoteType": "EQUITY", "symbol": "ITI.NS", "underlyingSymbol": null, "shortName": "INDIAN TEL IND(ITI", "longName": "ITI Limited", "currency": "INR", "quoteSourceName": "Delayed Quote", "currencySymbol": "\u20b9", "fromCurrency": null, "toCurrency": null, "lastMarket": null, "marketCap": 100633780224}, "balanceSheetHistory": {"balanceSheetStatements": [{"maxAge": 1, "endDate": "2020-03-31", "cash": 411669000, "shortTermInvestments": 1854143000, "netReceivables": 39573133000, "inventory": 1733353000, "otherCurrentAssets": 865689000, "totalCurrentAssets": 44437987000, "longTermInvestments": 379903000, "propertyPlantEquipment": 28139256000, "otherAssets": 4270052000, "totalAssets": 77227198000, "accountsPayable": 21291564000, "otherCurrentLiab": 13984193000, "longTermDebt": 1800000000, "otherLiab": 3223390000, "totalCurrentLiabilities": 48511024000, "totalLiab": 53534414000, "commonStock": 9251195000, "retainedEarnings": -41835832000, "treasuryStock": 55091994000, "capitalSurplus": 1185427000, "otherStockholderEquity": 55091994000, "totalStockholderEquity": 23692784000, "netTangibleAssets": 23692784000}, {"maxAge": 1, "endDate": "2019-03-31", "cash": 267013000, "shortTermInvestments": 1455428000, "netReceivables": 36781626000, "inventory": 1487562000, "otherCurrentAssets": 986650000, "totalCurrentAssets": 40978279000, "longTermInvestments": 397612000, "propertyPlantEquipment": 27918060000, "otherAssets": 689351000, "totalAssets": 69983302000, "accountsPayable": 17219445000, "otherCurrentLiab": 16228069000, "longTermDebt": 3000000000, "otherLiab": 2699272000, "totalCurrentLiabilities": 45953517000, "totalLiab": 51652789000, "commonStock": 8970000000, "retainedEarnings": -43210890000, "treasuryStock": 52568442000, "capitalSurplus": 2961000, "otherStockholderEquity": 52568442000, "totalStockholderEquity": 18330513000, "netTangibleAssets": 18330513000}, {"maxAge": 1, "endDate": "2018-03-31", "cash": 413189000, "netReceivables": 37027794000, "inventory": 1558959000, "otherCurrentAssets": 3321271000, "totalCurrentAssets": 42321213000, "longTermInvestments": 376737000, "propertyPlantEquipment": 27333743000, "otherAssets": 416488000, "totalAssets": 70448181000, "accountsPayable": 19904394000, "otherCurrentLiab": 14290973000, "longTermDebt": 3000000000, "otherLiab": 2052437000, "totalCurrentLiabilities": 48744653000, "totalLiab": 53797090000, "commonStock": 7600000000, "retainedEarnings": -44181321000, "treasuryStock": 53229451000, "capitalSurplus": 2961000, "otherStockholderEquity": 53229451000, "totalStockholderEquity": 16651091000, "netTangibleAssets": 16651091000}, {"maxAge": 1, "endDate": "2017-03-31", "cash": 244595000, "shortTermInvestments": 43545000, "netReceivables": 25662554000, "inventory": 1422863000, "otherCurrentAssets": 1668279000, "totalCurrentAssets": 29041836000, "longTermInvestments": 4055000, "propertyPlantEquipment": 25802721000, "otherAssets": 279688000, "totalAssets": 55128300000, "accountsPayable": 17496668000, "otherCurrentLiab": 8970952000, "longTermDebt": 3000000000, "otherLiab": 1956461000, "totalCurrentLiabilities": 39578296000, "totalLiab": 44534757000, "commonStock": 5600000000, "retainedEarnings": -46543886000, "treasuryStock": 51534468000, "capitalSurplus": 2961000, "otherStockholderEquity": 51534468000, "totalStockholderEquity": 10593543000, "netTangibleAssets": 10593543000}], "maxAge": 86400}, "earningsTrend": {"trend": [{"maxAge": 1, "period": "0q", "endDate": null, "growth": {}, "earningsEstimate": {"avg": 0.0, "low": 0.0, "high": 0.0, "yearAgoEps": {}, "numberOfAnalysts": 0, "growth": {}}, "revenueEstimate": {"avg": 0, "low": 0, "high": 0, "numberOfAnalysts": 0, "yearAgoRevenue": {}, "growth": {}}, "epsTrend": {"current": 0.0, "7daysAgo": 0.0, "30daysAgo": 0.0, "60daysAgo": 0.0, "90daysAgo": 0.0}, "epsRevisions": {"upLast7days": 0, "upLast30days": 0, "downLast30days": 0, "downLast90days": {}}}, {"maxAge": 1, "period": "+1q", "endDate": null, "growth": {}, "earningsEstimate": {"avg": 0.0, "low": 0.0, "high": 0.0, "yearAgoEps": {}, "numberOfAnalysts": 0, "growth": {}}, "revenueEstimate": {"avg": 0, "low": 0, "high": 0, "numberOfAnalysts": 0, "yearAgoRevenue": {}, "growth": {}}, "epsTrend": {"current": 0.0, "7daysAgo": 0.0, "30daysAgo": 0.0, "60daysAgo": 0.0, "90daysAgo": 0.0}, "epsRevisions": {"upLast7days": 0, "upLast30days": 0, "downLast30days": 0, "downLast90days": {}}}, {"maxAge": 1, "period": "0y", "endDate": null, "growth": {}, "earningsEstimate": {"avg": 0.0, "low": 0.0, "high": 0.0, "yearAgoEps": {}, "numberOfAnalysts": 0, "growth": {}}, "revenueEstimate": {"avg": 0, "low": 0, "high": 0, "numberOfAnalysts": 0, "yearAgoRevenue": {}, "growth": {}}, "epsTrend": {"current": 0.0, "7daysAgo": 0.0, "30daysAgo": 0.0, "60daysAgo": 0.0, "90daysAgo": 0.0}, "epsRevisions": {"upLast7days": 0, "upLast30days": 0, "downLast30days": 0, "downLast90days": {}}}, {"maxAge": 1, "period": "+1y", "endDate": null, "growth": {}, "earningsEstimate": {"avg": 0.0, "low": 0.0, "high": 0.0, "yearAgoEps": {}, "numberOfAnalysts": 0, "growth": {}}, "revenueEstimate": {"avg": 0, "low": 0, "high": 0, "numberOfAnalysts": 0, "yearAgoRevenue": {}, "growth": {}}, "epsTrend": {"current": 0.0, "7daysAgo": 0.0, "30daysAgo": 0.0, "60daysAgo": 0.0, "90daysAgo": 0.0}, "epsRevisions": {"upLast7days": 0, "upLast30days": 0, "downLast30days": 0, "downLast90days": {}}}, {"maxAge": 1, "period": "+5y", "endDate": null, "growth": {}, "earningsEstimate": {"avg": {}, "low": {}, "high": {}, "yearAgoEps": {}, "numberOfAnalysts": {}, "growth": {}}, "revenueEstimate": {"avg": {}, "low": {}, "high": {}, "numberOfAnalysts": {}, "yearAgoRevenue": {}, "growth": {}}, "epsTrend": {"current": {}, "7daysAgo": {}, "30daysAgo": {}, "60daysAgo": {}, "90daysAgo": {}}, "epsRevisions": {"upLast7days": {}, "upLast30days": {}, "downLast30days": {}, "downLast90days": {}}}, {"maxAge": 1, "period": "-5y", "endDate": null, "growth": {}, "earningsEstimate": {"avg": {}, "low": {}, "high": {}, "yearAgoEps": {}, "numberOfAnalysts": {}, "growth": {}}, "revenueEstimate": {"avg": {}, "low": {}, "high": {}, "numberOfAnalysts": {}, "yearAgoRevenue": {}, "growth": {}}, "epsTrend": {"current": {}, "7daysAgo": {}, "30daysAgo": {}, "60daysAgo": {}, "90daysAgo": {}}, "epsRevisions": {"upLast7days": {}, "upLast30days": {}, "downLast30days": {}, "downLast90days": {}}}], "maxAge": 1}, "institutionOwnership": {"maxAge": 1, "ownershipList": []}, "majorHoldersBreakdown": {"maxAge": 1, "insidersPercentHeld": 0.97833997, "institutionsPercentHeld": 0.00017999999, "institutionsFloatPercentHeld": 0.00816, "institutionsCount": 5}, "balanceSheetHistoryQuarterly": {"balanceSheetStatements": [{"maxAge": 1, "endDate": "2020-12-31", "totalStockholderEquity": 22128600000, "netTangibleAssets": 22128600000}, {"maxAge": 1, "endDate": "2020-09-30", "cash": 1013500000, "netReceivables": 40926400000, "inventory": 1850800000, "otherCurrentAssets": 691900000, "totalCurrentAssets": 44482600000, "longTermInvestments": 379400000, "propertyPlantEquipment": 27987300000, "otherAssets": 2074700000, "totalAssets": 74924000000, "accountsPayable": 22246300000, "otherCurrentLiab": 13305900000, "longTermDebt": 2700000000, "otherLiab": 1230500000, "totalCurrentLiabilities": 48864900000, "totalLiab": 52795400000, "commonStock": 9251200000, "treasuryStock": 12877400000, "otherStockholderEquity": 12877400000, "totalStockholderEquity": 22128600000, "netTangibleAssets": 22128600000}, {"maxAge": 1, "endDate": "2020-06-30", "totalStockholderEquity": 23692800000, "netTangibleAssets": 23692800000}, {"maxAge": 1, "endDate": "2020-03-31", "cash": 411669000, "shortTermInvestments": 1854143000, "netReceivables": 39573133000, "inventory": 1733353000, "otherCurrentAssets": 865689000, "totalCurrentAssets": 44437987000, "longTermInvestments": 379903000, "propertyPlantEquipment": 28139256000, "otherAssets": 4270052000, "totalAssets": 77227198000, "accountsPayable": 21291564000, "otherCurrentLiab": 13984193000, "longTermDebt": 1800000000, "otherLiab": 3223390000, "totalCurrentLiabilities": 48511024000, "totalLiab": 53534414000, "commonStock": 9251195000, "retainedEarnings": -41835832000, "treasuryStock": 55091994000, "capitalSurplus": 1185427000, "otherStockholderEquity": 55091994000, "totalStockholderEquity": 23692784000, "netTangibleAssets": 23692784000}], "maxAge": 86400}, "earningsHistory": {"history": [{"maxAge": 1, "epsActual": {}, "epsEstimate": {}, "epsDifference": {}, "surprisePercent": {}, "quarter": {}, "period": "-4q"}, {"maxAge": 1, "epsActual": {}, "epsEstimate": {}, "epsDifference": {}, "surprisePercent": {}, "quarter": {}, "period": "-3q"}, {"maxAge": 1, "epsActual": {}, "epsEstimate": {}, "epsDifference": {}, "surprisePercent": {}, "quarter": {}, "period": "-2q"}, {"maxAge": 1, "epsActual": {}, "epsEstimate": {}, "epsDifference": {}, "surprisePercent": {}, "quarter": {}, "period": "-1q"}], "maxAge": 86400}, "summaryProfile": {"address1": "ITI Bhavan", "address2": "Doorvaninagar", "city": "Bengaluru", "zip": "560016", "country": "India", "phone": "91 80 2561 4466", "fax": "91 80 2561 7525", "website": "http://www.itiltd.in", "industry": "Communication Equipment", "sector": "Technology", "longBusinessSummary": "ITI Limited engages in the manufacture, sale, and servicing of telecommunication equipment primarily in India. Its telecom products and solutions include switching, transmission, access, and subscriber premises equipment. The company also offers energy meters, mini personal computers, 3D printing products, bank automation products, gigabit passive optical network OLT and ONT products, PCM multiplexers, ruggedized telephones for defense forces, smart and banking cards, set top boxes, hand held terminals for smart card authentication, and Wi-Fi equipment. In addition, it provides encryption devices for defense, solar power modules, switched mode power supply systems, Internet of Things products, radio modems, and AN rack hardware products, as well as HDPE ducts, OFC cables, solar panels, smart energy meters, and payment cards. Further, the company trades in optical transport network products, such as DWDM; managed leased line network products; signaling point network products; IP/MPLS routers and switches; network management system solutions; microwave and satellite communication equipment; next generation network equipment; and information technology products and solutions. Additionally, it offers installation, commissioning, operation, and maintenance services; electronic contract manufacturing services; mechanical fabrication services; printed circuit board manufacturing services; data center hosting services; EMI/EMC and environmental testing of electronic products; three dimensional printing services; mechanical fabrication services; and component screening services. ITI Limited was founded in 1948 and is based in Bengaluru, India.", "fullTimeEmployees": 2889, "companyOfficers": [], "maxAge": 86400}, "netSharePurchaseActivity": {"maxAge": 1, "period": "6m", "buyInfoCount": 0, "buyInfoShares": 0, "sellInfoCount": 0, "netInfoCount": 0, "netInfoShares": 0, "netPercentInsiderShares": 0.0, "totalInsiderShares": 905081344}, "sectorTrend": {"maxAge": 1, "symbol": null, "estimates": []}, "incomeStatementHistoryQuarterly": {"incomeStatementHistory": [{"maxAge": 1, "endDate": "2020-12-31", "totalRevenue": 4968800000, "costOfRevenue": 4244200000, "grossProfit": 724600000, "researchDevelopment": {}, "sellingGeneralAdministrative": 503600000, "nonRecurring": {}, "otherOperatingExpenses": 127000000, "totalOperatingExpenses": 4983100000, "operatingIncome": -14300000, "totalOtherIncomeExpenseNet": -303300000, "ebit": -14300000, "interestExpense": -405000000, "incomeBeforeTax": -317600000, "incomeTaxExpense": 0, "minorityInterest": {}, "netIncomeFromContinuingOps": -317600000, "discontinuedOperations": {}, "extraordinaryItems": {}, "effectOfAccountingCharges": {}, "otherItems": {}, "netIncome": -317600000, "netIncomeApplicableToCommonShares": -317600000}, {"maxAge": 1, "endDate": "2020-09-30", "totalRevenue": 4339700000, "costOfRevenue": 3702400000, "grossProfit": 637300000, "researchDevelopment": {}, "sellingGeneralAdministrative": 1108900000, "nonRecurring": {}, "otherOperatingExpenses": 303800000, "totalOperatingExpenses": 5229600000, "operatingIncome": -889900000, "totalOtherIncomeExpenseNet": 329500000, "ebit": -889900000, "interestExpense": -447300000, "incomeBeforeTax": -560400000, "incomeTaxExpense": 0, "minorityInterest": {}, "netIncomeFromContinuingOps": -560400000, "discontinuedOperations": {}, "extraordinaryItems": {}, "effectOfAccountingCharges": {}, "otherItems": {}, "netIncome": -560400000, "netIncomeApplicableToCommonShares": -560400000}, {"maxAge": 1, "endDate": "2020-06-30", "totalRevenue": 1650100000, "costOfRevenue": 1350800000, "grossProfit": 299300000, "researchDevelopment": {}, "sellingGeneralAdministrative": 573600000, "nonRecurring": {}, "otherOperatingExpenses": 324200000, "totalOperatingExpenses": 2353800000, "operatingIncome": -703700000, "totalOtherIncomeExpenseNet": -319200000, "ebit": -703700000, "interestExpense": -407400000, "incomeBeforeTax": -1022900000, "incomeTaxExpense": 0, "minorityInterest": {}, "netIncomeFromContinuingOps": -1022900000, "discontinuedOperations": {}, "extraordinaryItems": {}, "effectOfAccountingCharges": {}, "otherItems": {}, "netIncome": -1022900000, "netIncomeApplicableToCommonShares": -1022900000}, {"maxAge": 1, "endDate": "2020-03-31", "totalRevenue": 6504786000, "costOfRevenue": 4772089000, "grossProfit": 1732697000, "researchDevelopment": {}, "sellingGeneralAdministrative": 583125000, "nonRecurring": {}, "otherOperatingExpenses": 412464000, "totalOperatingExpenses": 5862598000, "operatingIncome": 642188000, "totalOtherIncomeExpenseNet": -277605000, "ebit": 642188000, "interestExpense": -216713000, "incomeBeforeTax": 364583000, "incomeTaxExpense": 0, "minorityInterest": {}, "netIncomeFromContinuingOps": 364583000, "discontinuedOperations": {}, "extraordinaryItems": {}, "effectOfAccountingCharges": {}, "otherItems": {}, "netIncome": 364583000, "netIncomeApplicableToCommonShares": 384583000}], "maxAge": 86400}, "cashflowStatementHistoryQuarterly": {"cashflowStatements": [{"maxAge": 1, "endDate": "2020-12-31", "netIncome": -317600000, "changeToLiabilities": 0}, {"maxAge": 1, "endDate": "2020-09-30", "netIncome": -560400000, "changeToLiabilities": 0}, {"maxAge": 1, "endDate": "2020-06-30", "netIncome": -1022900000, "changeToLiabilities": 0}, {"maxAge": 1, "endDate": "2020-03-31", "netIncome": 364583000, "changeToLiabilities": 0}], "maxAge": 86400}, "earnings": {"maxAge": 86400, "earningsChart": {"quarterly": [], "earningsDate": []}, "financialsChart": {"yearly": [{"date": 2017, "revenue": 15281194000, "earnings": 2663905000}, {"date": 2018, "revenue": 14751465000, "earnings": 2305643000}, {"date": 2019, "revenue": 16683684000, "earnings": 925377000}, {"date": 2020, "revenue": 20588686000, "earnings": 1508583000}], "quarterly": [{"date": "1Q2020", "revenue": 6504786000, "earnings": 364583000}, {"date": "2Q2020", "revenue": 1650100000, "earnings": -1022900000}, {"date": "3Q2020", "revenue": 4339700000, "earnings": -560400000}, {"date": "4Q2020", "revenue": 4968800000, "earnings": -317600000}]}, "financialCurrency": "INR"}, "financialData": {"maxAge": 86400, "currentPrice": 107.8, "recommendationKey": "none", "totalCash": 1013500032, "totalCashPerShare": 1.096, "ebitda": -510488992, "totalDebt": 14853699584, "totalRevenue": 17463386112, "debtToEquity": 67.124, "revenuePerShare": 19.009, "grossProfits": 4744697000, "revenueGrowth": -0.4, "grossMargins": 0.19436, "ebitdaMargins": -0.02923, "operatingMargins": -0.05528, "profitMargins": -0.087969996, "financialCurrency": "INR"}}}