{"ITI.BO": {"recommendationTrend": {"trend": [{"period": "0m", "strongBuy": 0, "buy": 0, "hold": 0, "sell": 0, "strongSell": 0}, {"period": "-1m", "strongBuy": 0, "buy": 0, "hold": 0, "sell": 0, "strongSell": 0}, {"period": "-2m", "strongBuy": 0, "buy": 0, "hold": 0, "sell": 0, "strongSell": 0}, {"period": "-3m", "strongBuy": 0, "buy": 0, "hold": 0, "sell": 0, "strongSell": 0}], "maxAge": 86400}, "cashflowStatementHistory": {"cashflowStatements": [{"maxAge": 1, "endDate": "2020-03-31", "netIncome": 1508600000, "depreciation": 418920000, "changeToNetincome": 487638000, "changeToAccountReceivables": -6466558000, "changeToLiabilities": 2356785000, "changeToInventory": -280424000, "totalCashFromOperatingActivities": -1968826000, "capitalExpenditures": -639238000, "otherCashflowsFromInvestingActivities": 157114000, "totalCashflowsFromInvestingActivities": -464193000, "netBorrowings": -431229000, "otherCashflowsFromFinancingActivities": 2229632000, "totalCashFromFinancingActivities": 2848403000, "changeInCash": 415385000, "issuanceOfStock": 1050000000}, {"maxAge": 1, "endDate": "2019-03-31", "netIncome": 925377000, "depreciation": 370916000, "changeToNetincome": 2393951000, "changeToAccountReceivables": -1062811000, "changeToLiabilities": -2461896000, "changeToInventory": 70790000, "totalCashFromOperatingActivities": 238350000, "capitalExpenditures": -1278170000, "investments": -20876000, "otherCashflowsFromInvestingActivities": 39366000, "totalCashflowsFromInvestingActivities": -1259680000, "netBorrowings": 323845000, "otherCashflowsFromFinancingActivities": -1064712000, "totalCashFromFinancingActivities": -190867000, "changeInCash": -1212196000, "issuanceOfStock": 550000000}, {"maxAge": 1, "endDate": "2018-03-31", "netIncome": 2305643000, "depreciation": 248550000, "changeToNetincome": -722598000, "changeToAccountReceivables": -11610830000, "changeToLiabilities": 8828834000, "changeToInventory": -169100000, "totalCashFromOperatingActivities": -1125540000, "capitalExpenditures": -1895536000, "investments": 31100000, "otherCashflowsFromInvestingActivities": 15980000, "totalCashflowsFromInvestingActivities": -927308000, "netBorrowings": 471533000, "otherCashflowsFromFinancingActivities": -204313000, "totalCashFromFinancingActivities": 3637220000, "changeInCash": 1584373000, "issuanceOfStock": 3370000000}, {"maxAge": 1, "endDate": "2017-03-31", "netIncome": 2663905000, "depreciation": 178323000, "changeToNetincome": -1850996000, "changeToAccountReceivables": 4564001000, "changeToLiabilities": -8672900000, "changeToInventory": -399570000, "totalCashFromOperatingActivities": -3474451000, "capitalExpenditures": -760750000, "investments": 31100000, "otherCashflowsFromInvestingActivities": 9995000, "totalCashflowsFromInvestingActivities": -750755000, "netBorrowings": 402540000, "otherCashflowsFromFinancingActivities": 3473850000, "totalCashFromFinancingActivities": 4676390000, "changeInCash": 451192000, "issuanceOfStock": 800000000}], "maxAge": 86400}, "institutionOwnership": {"ownershipList": [], "maxAge": 1}, "balanceSheetHistoryQuarterly": {"balanceSheetStatements": [{"maxAge": 1, "endDate": "2020-06-30", "totalStockholderEquity": 23692800000, "netTangibleAssets": 23692800000}, {"maxAge": 1, "endDate": "2020-03-31", "cash": 2450700000, "netReceivables": 39573100000, "inventory": 1733400000, "otherCurrentAssets": 680800000, "totalCurrentAssets": 44438000000, "longTermInvestments": 379900000, "propertyPlantEquipment": 28139200000, "otherAssets": 4270100000, "totalAssets": 77227200000, "accountsPayable": 21830500000, "otherCurrentLiab": 15024300000, "longTermDebt": 1800000000, "otherLiab": 3253400000, "totalCurrentLiabilities": 48481000000, "totalLiab": 53534400000, "commonStock": 9251200000, "treasuryStock": 14441600000, "otherStockholderEquity": 14441600000, "totalStockholderEquity": 23692800000, "netTangibleAssets": 23692800000}, {"maxAge": 1, "endDate": "2019-12-31", "totalStockholderEquity": 22018800000, "netTangibleAssets": 22018800000}, {"maxAge": 1, "endDate": "2019-09-30", "cash": 2642900000, "netReceivables": 34271300000, "inventory": 1447800000, "otherCurrentAssets": 588800000, "totalCurrentAssets": 38950800000, "longTermInvestments": 389600000, "propertyPlantEquipment": 28202200000, "otherAssets": 689100000, "totalAssets": 68231700000, "accountsPayable": 18811900000, "otherCurrentLiab": 11070200000, "longTermDebt": 3000000000, "otherLiab": 2643400000, "totalCurrentLiabilities": 40569500000, "totalLiab": 46212900000, "commonStock": 8970000000, "treasuryStock": 13048800000, "otherStockholderEquity": 13048800000, "totalStockholderEquity": 22018800000, "netTangibleAssets": 22018800000}], "maxAge": 86400}, "earningsHistory": {"history": [{"maxAge": 1, "epsActual": {}, "epsEstimate": {}, "epsDifference": {}, "surprisePercent": {}, "quarter": {}, "period": "-4q"}, {"maxAge": 1, "epsActual": {}, "epsEstimate": {}, "epsDifference": {}, "surprisePercent": {}, "quarter": {}, "period": "-3q"}, {"maxAge": 1, "epsActual": {}, "epsEstimate": {}, "epsDifference": {}, "surprisePercent": {}, "quarter": {}, "period": "-2q"}, {"maxAge": 1, "epsActual": {}, "epsEstimate": {}, "epsDifference": {}, "surprisePercent": {}, "quarter": {}, "period": "-1q"}], "maxAge": 86400}, "indexTrend": {"maxAge": 1, "symbol": "SP5", "peRatio": 19.7411, "pegRatio": 1.34172, "estimates": [{"period": "0q", "growth": 0.549}, {"period": "+1q", "growth": 0.431}, {"period": "0y", "growth": 0.305}, {"period": "+1y", "growth": 0.109}, {"period": "+5y", "growth": 0.120865}, {"period": "-5y"}]}, "industryTrend": {"maxAge": 1, "symbol": null, "estimates": []}, "quoteType": {"exchange": "BSE", "quoteType": "EQUITY", "symbol": "ITI.BO", "underlyingSymbol": "ITI.BO", "shortName": "ITI LTD.", "longName": "ITI Limited", "firstTradeDateEpochUtc": "2000-01-03 09:15:00", "timeZoneFullName": "Asia/Kolkata", "timeZoneShortName": "IST", "uuid": "5765db7d-0706-3055-87a4-aeb87f635c03", "gmtOffSetMilliseconds": 19800000, "maxAge": 1}, "incomeStatementHistory": {"incomeStatementHistory": [{"maxAge": 1, "endDate": "2020-03-31", "totalRevenue": 20588700000, "costOfRevenue": 15809400000, "grossProfit": 4779300000, "researchDevelopment": {}, "sellingGeneralAdministrative": 2308200000, "nonRecurring": {}, "otherOperatingExpenses": 949840000, "totalOperatingExpenses": 19486340000, "operatingIncome": 1102360000, "totalOtherIncomeExpenseNet": 406240000, "ebit": 1102360000, "interestExpense": -1406600000, "incomeBeforeTax": 1508600000, "incomeTaxExpense": 0, "minorityInterest": {}, "netIncomeFromContinuingOps": 1508600000, "discontinuedOperations": {}, "extraordinaryItems": {}, "effectOfAccountingCharges": {}, "otherItems": {}, "netIncome": 1508600000, "netIncomeApplicableToCommonShares": 1410400000}, {"maxAge": 1, "endDate": "2019-03-31", "totalRevenue": 16683684000, "costOfRevenue": 13779993000, "grossProfit": 2903691000, "researchDevelopment": {}, "sellingGeneralAdministrative": 2072077000, "nonRecurring": {}, "otherOperatingExpenses": 668358000, "totalOperatingExpenses": 18058326000, "operatingIncome": -1374642000, "totalOtherIncomeExpenseNet": 2300019000, "ebit": -1374642000, "interestExpense": -1067080000, "incomeBeforeTax": 925377000, "incomeTaxExpense": 0, "minorityInterest": {}, "netIncomeFromContinuingOps": 925377000, "discontinuedOperations": {}, "extraordinaryItems": {}, "effectOfAccountingCharges": {}, "otherItems": {}, "netIncome": 925377000, "netIncomeApplicableToCommonShares": 651563000}, {"maxAge": 1, "endDate": "2018-03-31", "totalRevenue": 14751465000, "costOfRevenue": 10776055000, "grossProfit": 3975410000, "researchDevelopment": {}, "sellingGeneralAdministrative": 2246689000, "nonRecurring": {}, "otherOperatingExpenses": 886299000, "totalOperatingExpenses": 14157593000, "operatingIncome": 593872000, "totalOtherIncomeExpenseNet": 1711771000, "ebit": 593872000, "interestExpense": -1383068000, "incomeBeforeTax": 2305643000, "incomeTaxExpense": 0, "minorityInterest": {}, "netIncomeFromContinuingOps": 2305643000, "discontinuedOperations": {}, "extraordinaryItems": {}, "effectOfAccountingCharges": {}, "otherItems": {}, "netIncome": 2305643000, "netIncomeApplicableToCommonShares": 2031829000}, {"maxAge": 1, "endDate": "2017-03-31", "totalRevenue": 15281194000, "costOfRevenue": 12107036000, "grossProfit": 3174158000, "researchDevelopment": {}, "sellingGeneralAdministrative": 2695072000, "nonRecurring": {}, "otherOperatingExpenses": 1188221000, "totalOperatingExpenses": 16159774000, "operatingIncome": -878580000, "totalOtherIncomeExpenseNet": 3542485000, "ebit": -878580000, "interestExpense": -1404093000, "incomeBeforeTax": 2663905000, "incomeTaxExpense": 0, "minorityInterest": {}, "netIncomeFromContinuingOps": 2663905000, "discontinuedOperations": {}, "extraordinaryItems": {}, "effectOfAccountingCharges": {}, "otherItems": {}, "netIncome": 2663905000, "netIncomeApplicableToCommonShares": 2390091000}], "maxAge": 86400}, "fundOwnership": {"ownershipList": [{"maxAge": 1, "reportDate": "2020-07-31", "organization": "DFA Emerging Markets Small Cap Series", "pctHeld": 0.0001, "position": 77824, "value": 10039296}], "maxAge": 1}, "summaryDetail": {"maxAge": 1, "priceHint": 2, "previousClose": 108.35, "open": 108.0, "dayLow": 107.45, "dayHigh": 109.0, "regularMarketPreviousClose": 108.35, "regularMarketOpen": 108.0, "regularMarketDayLow": 107.45, "regularMarketDayHigh": 109.0, "trailingPE": 99.49308, "volume": 10119, "regularMarketVolume": 10119, "averageVolume": 82125, "averageVolume10days": 31410, "averageDailyVolume10Day": 31410, "bid": 107.5, "ask": 107.85, "bidSize": 0, "askSize": 0, "marketCap": 96831143936, "fiftyTwoWeekLow": 44.9, "fiftyTwoWeekHigh": 151.6, "fiftyDayAverage": 126.89697, "twoHundredDayAverage": 128.10883, "currency": "INR", "fromCurrency": null, "lastMarket": null, "algorithm": null, "tradeable": false}, "sectorTrend": {"maxAge": 1, "symbol": null, "estimates": []}, "incomeStatementHistoryQuarterly": {"incomeStatementHistory": [{"maxAge": 1, "endDate": "2020-06-30", "totalRevenue": 1650100000, "costOfRevenue": 1350800000, "grossProfit": 299300000, "researchDevelopment": {}, "sellingGeneralAdministrative": 573600000, "nonRecurring": {}, "otherOperatingExpenses": 324200000, "totalOperatingExpenses": 2353800000, "operatingIncome": -703700000, "totalOtherIncomeExpenseNet": -319200000, "ebit": -703700000, "interestExpense": -407400000, "incomeBeforeTax": -1022900000, "incomeTaxExpense": 0, "minorityInterest": {}, "netIncomeFromContinuingOps": -1022900000, "discontinuedOperations": {}, "extraordinaryItems": {}, "effectOfAccountingCharges": {}, "otherItems": {}, "netIncome": -1022900000, "netIncomeApplicableToCommonShares": -1022900000}, {"maxAge": 1, "endDate": "2020-03-31", "totalRevenue": 6504800000, "costOfRevenue": 4737500000, "grossProfit": 1767300000, "researchDevelopment": {}, "sellingGeneralAdministrative": 625600000, "nonRecurring": {}, "otherOperatingExpenses": 447100000, "totalOperatingExpenses": 5905100000, "operatingIncome": 599700000, "totalOtherIncomeExpenseNet": -235100000, "ebit": 599700000, "interestExpense": -359400000, "incomeBeforeTax": 364600000, "incomeTaxExpense": 0, "minorityInterest": {}, "netIncomeFromContinuingOps": 364600000, "discontinuedOperations": {}, "extraordinaryItems": {}, "effectOfAccountingCharges": {}, "otherItems": {}, "netIncome": 364600000, "netIncomeApplicableToCommonShares": 364600000}, {"maxAge": 1, "endDate": "2019-12-31", "totalRevenue": 8279500000, "costOfRevenue": 6933000000, "grossProfit": 1346500000, "researchDevelopment": {}, "sellingGeneralAdministrative": 558600000, "nonRecurring": {}, "otherOperatingExpenses": 140800000, "totalOperatingExpenses": 7747900000, "operatingIncome": 531600000, "totalOtherIncomeExpenseNet": 1150900000, "ebit": 531600000, "interestExpense": -357700000, "incomeBeforeTax": 1682500000, "incomeTaxExpense": 0, "minorityInterest": {}, "netIncomeFromContinuingOps": 1682500000, "discontinuedOperations": {}, "extraordinaryItems": {}, "effectOfAccountingCharges": {}, "otherItems": {}, "netIncome": 1682500000, "netIncomeApplicableToCommonShares": 1564260000}, {"maxAge": 1, "endDate": "2019-09-30", "totalRevenue": 4194900000, "costOfRevenue": 2927400000, "grossProfit": 1267500000, "researchDevelopment": {}, "sellingGeneralAdministrative": 612700000, "nonRecurring": {}, "otherOperatingExpenses": 223000000, "totalOperatingExpenses": 3863100000, "operatingIncome": 331800000, "totalOtherIncomeExpenseNet": -259900000, "ebit": 331800000, "interestExpense": -367600000, "incomeBeforeTax": 71900000, "incomeTaxExpense": 0, "minorityInterest": {}, "netIncomeFromContinuingOps": 71900000, "discontinuedOperations": {}, "extraordinaryItems": {}, "effectOfAccountingCharges": {}, "otherItems": {}, "netIncome": 71900000, "netIncomeApplicableToCommonShares": 71900000}], "maxAge": 86400}, "cashflowStatementHistoryQuarterly": {"cashflowStatements": [{"maxAge": 1, "endDate": "2020-06-30", "netIncome": -1022900000, "changeToLiabilities": 0}, {"maxAge": 1, "endDate": "2020-03-31", "netIncome": 364600000, "changeToLiabilities": 0}, {"maxAge": 1, "endDate": "2019-12-31", "netIncome": 1682500000, "changeToLiabilities": 0}, {"maxAge": 1, "endDate": "2019-09-30", "netIncome": 71900000, "changeToLiabilities": 0}], "maxAge": 86400}, "insiderHolders": {"holders": [], "maxAge": 1}, "earnings": {"maxAge": 86400, "earningsChart": {"quarterly": [], "earningsDate": ["2020-09-14 05:30:S"]}, "financialsChart": {"yearly": [{"date": 2017, "revenue": 15281194000, "earnings": 2663905000}, {"date": 2018, "revenue": 14751465000, "earnings": 2305643000}, {"date": 2019, "revenue": 16683684000, "earnings": 925377000}, {"date": 2020, "revenue": 20588700000, "earnings": 1508600000}], "quarterly": [{"date": "3Q2019", "revenue": 4194900000, "earnings": 71900000}, {"date": "4Q2019", "revenue": 8279500000, "earnings": 1682500000}, {"date": "1Q2020", "revenue": 6504800000, "earnings": 364600000}, {"date": "2Q2020", "revenue": 1650100000, "earnings": -1022900000}]}, "financialCurrency": "INR"}, "calendarEvents": {"maxAge": 1, "earnings": {"earningsDate": ["2020-09-14 05:30:S"]}}, "upgradeDowngradeHistory": {"history": [], "maxAge": 86400}, "price": {"maxAge": 1, "regularMarketChangePercent": -0.0036917538, "regularMarketChange": -0.40000153, "regularMarketTime": "2021-04-30 15:29:53", "priceHint": 2, "regularMarketPrice": 107.95, "regularMarketDayHigh": 109.0, "regularMarketDayLow": 107.45, "regularMarketVolume": 10119, "averageDailyVolume10Day": 31410, "averageDailyVolume3Month": 82125, "regularMarketPreviousClose": 108.35, "regularMarketSource": "FREE_REALTIME", "regularMarketOpen": 108.0, "exchange": "BSE", "exchangeName": "BSE", "exchangeDataDelayedBy": 0, "marketState": "CLOSED", "quoteType": "EQUITY", "symbol": "ITI.BO", "underlyingSymbol": null, "shortName": "ITI LTD.", "longName": "ITI Limited", "currency": "INR", "quoteSourceName": "Delayed Quote", "currencySymbol": "\u20b9", "fromCurrency": null, "lastMarket": null, "marketCap": 96831143936}, "balanceSheetHistory": {"balanceSheetStatements": [{"maxAge": 1, "endDate": "2020-03-31", "cash": 2450700000, "netReceivables": 39573100000, "inventory": 1733400000, "otherCurrentAssets": 680800000, "totalCurrentAssets": 44438000000, "longTermInvestments": 379900000, "propertyPlantEquipment": 28139200000, "otherAssets": 4270100000, "totalAssets": 77227200000, "accountsPayable": 21830500000, "otherCurrentLiab": 15024300000, "longTermDebt": 1800000000, "otherLiab": 3253400000, "totalCurrentLiabilities": 48481000000, "totalLiab": 53534400000, "commonStock": 9251200000, "treasuryStock": 14441600000, "otherStockholderEquity": 14441600000, "totalStockholderEquity": 23692800000, "netTangibleAssets": 23692800000}, {"maxAge": 1, "endDate": "2019-03-31", "cash": 267013000, "shortTermInvestments": 1455428000, "netReceivables": 36781626000, "inventory": 1487562000, "otherCurrentAssets": 986650000, "totalCurrentAssets": 40978279000, "longTermInvestments": 397612000, "propertyPlantEquipment": 27918060000, "otherAssets": 689352000, "totalAssets": 69983303000, "accountsPayable": 17219445000, "otherCurrentLiab": 16228069000, "longTermDebt": 3000000000, "otherLiab": 2699273000, "totalCurrentLiabilities": 45953517000, "totalLiab": 51652790000, "commonStock": 8970000000, "retainedEarnings": -43210890000, "treasuryStock": 52568442000, "capitalSurplus": 2961000, "otherStockholderEquity": 52568442000, "totalStockholderEquity": 18330513000, "netTangibleAssets": 18330513000}, {"maxAge": 1, "endDate": "2018-03-31", "cash": 413189000, "netReceivables": 37027794000, "inventory": 1558959000, "otherCurrentAssets": 3321271000, "totalCurrentAssets": 42321213000, "longTermInvestments": 376737000, "propertyPlantEquipment": 27333743000, "otherAssets": 416488000, "totalAssets": 70448181000, "accountsPayable": 19904394000, "otherCurrentLiab": 14290973000, "longTermDebt": 3000000000, "otherLiab": 2052437000, "totalCurrentLiabilities": 48744653000, "totalLiab": 53797090000, "commonStock": 7600000000, "retainedEarnings": -44181321000, "treasuryStock": 53229451000, "capitalSurplus": 2961000, "otherStockholderEquity": 53229451000, "totalStockholderEquity": 16651091000, "netTangibleAssets": 16651091000}, {"maxAge": 1, "endDate": "2017-03-31", "cash": 244595000, "shortTermInvestments": 43545000, "netReceivables": 25662554000, "inventory": 1422863000, "otherCurrentAssets": 1668279000, "totalCurrentAssets": 29041836000, "longTermInvestments": 4055000, "propertyPlantEquipment": 25802721000, "otherAssets": 279688000, "totalAssets": 55128300000, "accountsPayable": 17496668000, "otherCurrentLiab": 8970952000, "longTermDebt": 3000000000, "otherLiab": 1956461000, "totalCurrentLiabilities": 39578296000, "totalLiab": 44534757000, "commonStock": 5600000000, "retainedEarnings": -46543886000, "treasuryStock": 51534468000, "capitalSurplus": 2961000, "otherStockholderEquity": 51534468000, "totalStockholderEquity": 10593543000, "netTangibleAssets": 10593543000}], "maxAge": 86400}, "earningsTrend": {"trend": [{"maxAge": 1, "period": "0q", "endDate": null, "growth": {}, "earningsEstimate": {"avg": 0.0, "low": 0.0, "high": 0.0, "yearAgoEps": {}, "numberOfAnalysts": 0, "growth": {}}, "revenueEstimate": {"avg": 0, "low": 0, "high": 0, "numberOfAnalysts": 0, "yearAgoRevenue": {}, "growth": {}}, "epsTrend": {"current": 0.0, "7daysAgo": 0.0, "30daysAgo": 0.0, "60daysAgo": 0.0, "90daysAgo": 0.0}, "epsRevisions": {"upLast7days": 0, "upLast30days": 0, "downLast30days": 0, "downLast90days": {}}}, {"maxAge": 1, "period": "+1q", "endDate": null, "growth": {}, "earningsEstimate": {"avg": 0.0, "low": 0.0, "high": 0.0, "yearAgoEps": {}, "numberOfAnalysts": 0, "growth": {}}, "revenueEstimate": {"avg": 0, "low": 0, "high": 0, "numberOfAnalysts": 0, "yearAgoRevenue": {}, "growth": {}}, "epsTrend": {"current": 0.0, "7daysAgo": 0.0, "30daysAgo": 0.0, "60daysAgo": 0.0, "90daysAgo": 0.0}, "epsRevisions": {"upLast7days": 0, "upLast30days": 0, "downLast30days": 0, "downLast90days": {}}}, {"maxAge": 1, "period": "0y", "endDate": null, "growth": {}, "earningsEstimate": {"avg": 0.0, "low": 0.0, "high": 0.0, "yearAgoEps": {}, "numberOfAnalysts": 0, "growth": {}}, "revenueEstimate": {"avg": 0, "low": 0, "high": 0, "numberOfAnalysts": 0, "yearAgoRevenue": {}, "growth": {}}, "epsTrend": {"current": 0.0, "7daysAgo": 0.0, "30daysAgo": 0.0, "60daysAgo": 0.0, "90daysAgo": 0.0}, "epsRevisions": {"upLast7days": 0, "upLast30days": 0, "downLast30days": 0, "downLast90days": {}}}, {"maxAge": 1, "period": "+1y", "endDate": null, "growth": {}, "earningsEstimate": {"avg": 0.0, "low": 0.0, "high": 0.0, "yearAgoEps": {}, "numberOfAnalysts": 0, "growth": {}}, "revenueEstimate": {"avg": 0, "low": 0, "high": 0, "numberOfAnalysts": 0, "yearAgoRevenue": {}, "growth": {}}, "epsTrend": {"current": 0.0, "7daysAgo": 0.0, "30daysAgo": 0.0, "60daysAgo": 0.0, "90daysAgo": 0.0}, "epsRevisions": {"upLast7days": 0, "upLast30days": 0, "downLast30days": 0, "downLast90days": {}}}, {"maxAge": 1, "period": "+5y", "endDate": null, "growth": {}, "earningsEstimate": {"avg": {}, "low": {}, "high": {}, "yearAgoEps": {}, "numberOfAnalysts": {}, "growth": {}}, "revenueEstimate": {"avg": {}, "low": {}, "high": {}, "numberOfAnalysts": {}, "yearAgoRevenue": {}, "growth": {}}, "epsTrend": {"current": {}, "7daysAgo": {}, "30daysAgo": {}, "60daysAgo": {}, "90daysAgo": {}}, "epsRevisions": {"upLast7days": {}, "upLast30days": {}, "downLast30days": {}, "downLast90days": {}}}, {"maxAge": 1, "period": "-5y", "endDate": null, "growth": {}, "earningsEstimate": {"avg": {}, "low": {}, "high": {}, "yearAgoEps": {}, "numberOfAnalysts": {}, "growth": {}}, "revenueEstimate": {"avg": {}, "low": {}, "high": {}, "numberOfAnalysts": {}, "yearAgoRevenue": {}, "growth": {}}, "epsTrend": {"current": {}, "7daysAgo": {}, "30daysAgo": {}, "60daysAgo": {}, "90daysAgo": {}}, "epsRevisions": {"upLast7days": {}, "upLast30days": {}, "downLast30days": {}, "downLast90days": {}}}], "maxAge": 1}, "financialData": {"maxAge": 86400, "currentPrice": 107.95, "recommendationKey": "none", "grossProfits": 4779300000, "financialCurrency": "INR"}}}