{"ITL.BO": {"recommendationTrend": {"trend": [{"period": "0m", "strongBuy": 0, "buy": 0, "hold": 0, "sell": 0, "strongSell": 0}, {"period": "-1m", "strongBuy": 0, "buy": 0, "hold": 0, "sell": 0, "strongSell": 0}, {"period": "-2m", "strongBuy": 0, "buy": 0, "hold": 0, "sell": 0, "strongSell": 0}, {"period": "-3m", "strongBuy": 0, "buy": 0, "hold": 0, "sell": 0, "strongSell": 0}], "maxAge": 86400}, "cashflowStatementHistory": {"cashflowStatements": [{"maxAge": 1, "endDate": "2020-03-31", "netIncome": 41413000, "depreciation": 11925000, "changeToNetincome": -1182000, "changeToAccountReceivables": 39639000, "changeToLiabilities": 0, "changeToInventory": -62762000, "changeToOperatingActivities": -37659000, "totalCashFromOperatingActivities": -6834000, "capitalExpenditures": -32888000, "investments": -2433000, "totalCashflowsFromInvestingActivities": -35321000, "dividendsPaid": -1602000, "netBorrowings": 33973000, "otherCashflowsFromFinancingActivities": -329000, "totalCashFromFinancingActivities": 32042000, "changeInCash": -10112000}, {"maxAge": 1, "endDate": "2019-03-31", "netIncome": 67148000, "depreciation": 13584000, "changeToNetincome": -2608000, "changeToAccountReceivables": -17894000, "changeToLiabilities": 0, "changeToInventory": -109226000, "changeToOperatingActivities": 51772000, "totalCashFromOperatingActivities": 2776000, "capitalExpenditures": -30210000, "investments": -6797000, "otherCashflowsFromInvestingActivities": -1000, "totalCashflowsFromInvestingActivities": -37008000, "dividendsPaid": -3204000, "netBorrowings": 39623000, "otherCashflowsFromFinancingActivities": -659000, "totalCashFromFinancingActivities": 41460000, "changeInCash": 7229000, "issuanceOfStock": 5700000}, {"maxAge": 1, "endDate": "2018-03-31", "netIncome": 50870000, "depreciation": 9744000, "changeToNetincome": -7178000, "changeToAccountReceivables": 1665000, "changeToLiabilities": 0, "changeToInventory": 7674000, "changeToOperatingActivities": -21133000, "totalCashFromOperatingActivities": 43314000, "capitalExpenditures": -60095000, "investments": 8148000, "otherCashflowsFromInvestingActivities": -1000, "totalCashflowsFromInvestingActivities": -51947000, "dividendsPaid": -1602000, "netBorrowings": 17874000, "otherCashflowsFromFinancingActivities": -326000, "totalCashFromFinancingActivities": 15946000, "changeInCash": 7313000, "issuanceOfStock": 5700000}, {"maxAge": 1, "endDate": "2017-03-31", "netIncome": 38091116, "depreciation": 7588005, "changeToNetincome": 451650, "changeToAccountReceivables": -23105587, "changeToLiabilities": 0, "changeToInventory": -3196504, "changeToOperatingActivities": 35734329, "totalCashFromOperatingActivities": 56730579, "capitalExpenditures": -6062488, "investments": 1536560, "otherCashflowsFromInvestingActivities": -1000, "totalCashflowsFromInvestingActivities": -4525928, "dividendsPaid": -1601600, "netBorrowings": -47942004, "otherCashflowsFromFinancingActivities": -277141, "totalCashFromFinancingActivities": -49820745, "changeInCash": 2383906, "issuanceOfStock": 5700000}], "maxAge": 86400}, "institutionOwnership": {"maxAge": 1, "ownershipList": []}, "balanceSheetHistoryQuarterly": {"balanceSheetStatements": [{"maxAge": 1, "endDate": "2020-06-30", "totalStockholderEquity": 441355000, "netTangibleAssets": 433816000}, {"maxAge": 1, "endDate": "2020-03-31", "cash": 3562000, "shortTermInvestments": 15553000, "netReceivables": 216848000, "inventory": 417636000, "otherCurrentAssets": 32685000, "totalCurrentAssets": 686995000, "longTermInvestments": 10943000, "propertyPlantEquipment": 190170000, "intangibleAssets": 7539000, "otherAssets": 3573000, "totalAssets": 899220000, "accountsPayable": 153679000, "shortLongTermDebt": 4000000, "otherCurrentLiab": 81518000, "longTermDebt": 42779000, "otherLiab": 16813000, "deferredLongTermLiab": 786000, "minorityInterest": 166000, "totalCurrentLiabilities": 395521000, "totalLiab": 455113000, "commonStock": 32043000, "retainedEarnings": 399350000, "treasuryStock": 10905000, "capitalSurplus": 1643000, "otherStockholderEquity": 10905000, "totalStockholderEquity": 443941000, "netTangibleAssets": 436402000}, {"maxAge": 1, "endDate": "2019-12-31", "totalStockholderEquity": 420114000, "netTangibleAssets": 414037000}, {"maxAge": 1, "endDate": "2019-09-30", "cash": 17010000, "shortTermInvestments": 1959000, "netReceivables": 226753000, "inventory": 387385000, "otherCurrentAssets": 57909000, "totalCurrentAssets": 691016000, "longTermInvestments": 10835000, "propertyPlantEquipment": 190809000, "intangibleAssets": 6077000, "otherAssets": 3949000, "totalAssets": 902686000, "accountsPayable": 206416000, "otherCurrentLiab": 66594000, "longTermDebt": 49150000, "otherLiab": 11167000, "minorityInterest": 2752000, "totalCurrentLiabilities": 419503000, "totalLiab": 479820000, "commonStock": 32043000, "treasuryStock": 388071000, "otherStockholderEquity": 388071000, "totalStockholderEquity": 420114000, "netTangibleAssets": 414037000}], "maxAge": 86400}, "earningsHistory": {"history": [{"maxAge": 1, "epsActual": {}, "epsEstimate": {}, "epsDifference": {}, "surprisePercent": {}, "quarter": {}, "period": "-4q"}, {"maxAge": 1, "epsActual": {}, "epsEstimate": {}, "epsDifference": {}, "surprisePercent": {}, "quarter": {}, "period": "-3q"}, {"maxAge": 1, "epsActual": {}, "epsEstimate": {}, "epsDifference": {}, "surprisePercent": {}, "quarter": {}, "period": "-2q"}, {"maxAge": 1, "epsActual": {}, "epsEstimate": {}, "epsDifference": {}, "surprisePercent": {}, "quarter": {}, "period": "-1q"}], "maxAge": 86400}, "indexTrend": {"maxAge": 1, "symbol": "SP5", "peRatio": 19.7411, "pegRatio": 1.34172, "estimates": [{"period": "0q", "growth": 0.549}, {"period": "+1q", "growth": 0.431}, {"period": "0y", "growth": 0.305}, {"period": "+1y", "growth": 0.109}, {"period": "+5y", "growth": 0.120859005}, {"period": "-5y"}]}, "industryTrend": {"maxAge": 1, "symbol": null, "estimates": []}, "insiderTransactions": {"transactions": [{"maxAge": 1, "shares": 2500, "filerUrl": "", "transactionText": "", "filerName": "Jain (Rajendra)", "filerRelation": "Managing Director", "moneyText": "", "startDate": "2020-03-20", "ownership": "D"}, {"maxAge": 1, "shares": 4000, "filerUrl": "", "transactionText": "", "filerName": "Jain (Mahendra Singh)", "filerRelation": "Promoter", "moneyText": "", "startDate": "2020-03-16", "ownership": "D"}, {"maxAge": 1, "shares": 600, "filerUrl": "", "transactionText": "", "filerName": "Jain (Mahendra Singh)", "filerRelation": "Promoter", "moneyText": "", "startDate": "2020-03-12", "ownership": "D"}, {"maxAge": 1, "shares": 1800, "filerUrl": "", "transactionText": "", "filerName": "Jain (Mahendra Singh)", "filerRelation": "Promoter", "moneyText": "", "startDate": "2020-02-18", "ownership": "D"}, {"maxAge": 1, "shares": 1800, "filerUrl": "", "transactionText": "", "filerName": "Jain (Mahendra Singh)", "filerRelation": "Joint Managing director", "moneyText": "", "startDate": "2019-12-09", "ownership": "D"}, {"maxAge": 1, "shares": 12000, "filerUrl": "", "transactionText": "", "filerName": "Jain (Manish)", "filerRelation": "Promoter", "moneyText": "", "startDate": "2019-11-19", "ownership": "D"}, {"maxAge": 1, "shares": 4000, "filerUrl": "", "transactionText": "", "filerName": "Jain (Rajendra)", "filerRelation": "Managing Director", "moneyText": "", "startDate": "2019-11-18", "ownership": "D"}, {"maxAge": 1, "shares": 6000, "filerUrl": "", "transactionText": "", "filerName": "Jain (Manish)", "filerRelation": "Promoter", "moneyText": "", "startDate": "2019-11-18", "ownership": "D"}], "maxAge": 1}, "quoteType": {"exchange": "BSE", "quoteType": "EQUITY", "symbol": "ITL.BO", "underlyingSymbol": "ITL.BO", "shortName": "ITL INDUSTRIES LTD.", "longName": "ITL Industries Limited", "firstTradeDateEpochUtc": "2001-07-02 09:15:00", "timeZoneFullName": "Asia/Kolkata", "timeZoneShortName": "IST", "uuid": "48a51551-afd9-3287-b46d-68204baf8e2c", "messageBoardId": null, "gmtOffSetMilliseconds": 19800000, "maxAge": 1}, "incomeStatementHistory": {"incomeStatementHistory": [{"maxAge": 1, "endDate": "2020-03-31", "totalRevenue": 800831000, "costOfRevenue": 512313000, "grossProfit": 288518000, "researchDevelopment": {}, "sellingGeneralAdministrative": 105054000, "nonRecurring": {}, "otherOperatingExpenses": 91266000, "totalOperatingExpenses": 725571000, "operatingIncome": 75260000, "totalOtherIncomeExpenseNet": -13571000, "ebit": 75260000, "interestExpense": -13479000, "incomeBeforeTax": 61689000, "incomeTaxExpense": 20276000, "minorityInterest": 166000, "netIncomeFromContinuingOps": 41413000, "discontinuedOperations": {}, "extraordinaryItems": {}, "effectOfAccountingCharges": {}, "otherItems": {}, "netIncome": 41413000, "netIncomeApplicableToCommonShares": 41413000}, {"maxAge": 1, "endDate": "2019-03-31", "totalRevenue": 1024225000, "costOfRevenue": 681227000, "grossProfit": 342998000, "researchDevelopment": {}, "sellingGeneralAdministrative": 106173000, "nonRecurring": {}, "otherOperatingExpenses": 127034000, "totalOperatingExpenses": 928018000, "operatingIncome": 96207000, "totalOtherIncomeExpenseNet": -11359000, "ebit": 96207000, "interestExpense": -10066000, "incomeBeforeTax": 84848000, "incomeTaxExpense": 17700000, "minorityInterest": 2752000, "netIncomeFromContinuingOps": 67148000, "discontinuedOperations": {}, "extraordinaryItems": {}, "effectOfAccountingCharges": {}, "otherItems": {}, "netIncome": 67148000, "netIncomeApplicableToCommonShares": 67148000}, {"maxAge": 1, "endDate": "2018-03-31", "totalRevenue": 834014000, "costOfRevenue": 550813000, "grossProfit": 283201000, "researchDevelopment": {}, "sellingGeneralAdministrative": 86589000, "nonRecurring": {}, "otherOperatingExpenses": 110895000, "totalOperatingExpenses": 759714000, "operatingIncome": 74300000, "totalOtherIncomeExpenseNet": -10405000, "ebit": 74300000, "interestExpense": -13961000, "incomeBeforeTax": 63895000, "incomeTaxExpense": 13025000, "minorityInterest": 1152000, "netIncomeFromContinuingOps": 50870000, "discontinuedOperations": {}, "extraordinaryItems": {}, "effectOfAccountingCharges": {}, "otherItems": {}, "netIncome": 50870000, "netIncomeApplicableToCommonShares": 50870000}, {"maxAge": 1, "endDate": "2017-03-31", "totalRevenue": 697883535, "costOfRevenue": 463023222, "grossProfit": 234860313, "researchDevelopment": {}, "sellingGeneralAdministrative": 77693589, "nonRecurring": {}, "otherOperatingExpenses": 82204532, "totalOperatingExpenses": 631676918, "operatingIncome": 66206617, "totalOtherIncomeExpenseNet": -17295242, "ebit": 66206617, "interestExpense": -20153747, "incomeBeforeTax": 48911375, "incomeTaxExpense": 10820259, "minorityInterest": 250000, "netIncomeFromContinuingOps": 38091116, "discontinuedOperations": {}, "extraordinaryItems": {}, "effectOfAccountingCharges": {}, "otherItems": {}, "netIncome": 38091116, "netIncomeApplicableToCommonShares": 38091116}], "maxAge": 86400}, "fundOwnership": {"maxAge": 1, "ownershipList": []}, "summaryDetail": {"maxAge": 1, "priceHint": 2, "previousClose": 103.55, "open": 102.0, "dayLow": 95.3, "dayHigh": 103.45, "regularMarketPreviousClose": 103.55, "regularMarketOpen": 102.0, "regularMarketDayLow": 95.3, "regularMarketDayHigh": 103.45, "trailingPE": 10.523256, "forwardPE": 9.935129, "volume": 1125, "regularMarketVolume": 1125, "averageVolume": 4566, "averageVolume10days": 1718, "averageDailyVolume10Day": 1718, "bid": 98.0, "ask": 102.75, "bidSize": 0, "askSize": 0, "marketCap": 318988064, "fiftyTwoWeekLow": 35.3, "fiftyTwoWeekHigh": 103.45, "fiftyDayAverage": 89.61176, "twoHundredDayAverage": 74.62132, "trailingAnnualDividendRate": 0.5, "trailingAnnualDividendYield": 0.0048285853, "currency": "INR", "fromCurrency": null, "toCurrency": null, "lastMarket": null, "algorithm": null, "tradeable": false}, "sectorTrend": {"maxAge": 1, "symbol": null, "estimates": []}, "incomeStatementHistoryQuarterly": {"incomeStatementHistory": [{"maxAge": 1, "endDate": "2020-06-30", "totalRevenue": 81124000, "costOfRevenue": 53726000, "grossProfit": 27398000, "researchDevelopment": {}, "sellingGeneralAdministrative": 15445000, "nonRecurring": {}, "otherOperatingExpenses": 7148000, "totalOperatingExpenses": 79959000, "operatingIncome": 1165000, "totalOtherIncomeExpenseNet": -3922000, "ebit": 1165000, "interestExpense": -3957000, "incomeBeforeTax": -2757000, "incomeTaxExpense": 0, "minorityInterest": {}, "netIncomeFromContinuingOps": -2757000, "discontinuedOperations": {}, "extraordinaryItems": {}, "effectOfAccountingCharges": {}, "otherItems": {}, "netIncome": -2757000, "netIncomeApplicableToCommonShares": -2757000}, {"maxAge": 1, "endDate": "2020-03-31", "totalRevenue": 211390000, "costOfRevenue": 125015000, "grossProfit": 86375000, "researchDevelopment": {}, "sellingGeneralAdministrative": 28679000, "nonRecurring": {}, "otherOperatingExpenses": 28610000, "totalOperatingExpenses": 188366000, "operatingIncome": 23024000, "totalOtherIncomeExpenseNet": -826000, "ebit": 23024000, "interestExpense": -656000, "incomeBeforeTax": 22198000, "incomeTaxExpense": 11776000, "minorityInterest": 166000, "netIncomeFromContinuingOps": 10422000, "discontinuedOperations": {}, "extraordinaryItems": {}, "effectOfAccountingCharges": {}, "otherItems": {}, "netIncome": 10017000, "netIncomeApplicableToCommonShares": 10017000}, {"maxAge": 1, "endDate": "2019-12-31", "totalRevenue": 180021000, "costOfRevenue": 106165000, "grossProfit": 73856000, "researchDevelopment": {}, "sellingGeneralAdministrative": 26120000, "nonRecurring": {}, "otherOperatingExpenses": 21852000, "totalOperatingExpenses": 157966000, "operatingIncome": 22055000, "totalOtherIncomeExpenseNet": -4858000, "ebit": 22055000, "interestExpense": -4880000, "incomeBeforeTax": 17197000, "incomeTaxExpense": 4500000, "minorityInterest": 166000, "netIncomeFromContinuingOps": 12697000, "discontinuedOperations": {}, "extraordinaryItems": {}, "effectOfAccountingCharges": {}, "otherItems": {}, "netIncome": 12841000, "netIncomeApplicableToCommonShares": 12841000}, {"maxAge": 1, "endDate": "2019-09-30", "totalRevenue": 211397000, "costOfRevenue": 149434000, "grossProfit": 61963000, "researchDevelopment": {}, "sellingGeneralAdministrative": 24674000, "nonRecurring": {}, "otherOperatingExpenses": 20168000, "totalOperatingExpenses": 197933000, "operatingIncome": 13464000, "totalOtherIncomeExpenseNet": -4218000, "ebit": 13464000, "interestExpense": -4242000, "incomeBeforeTax": 9246000, "incomeTaxExpense": 1900000, "minorityInterest": 2752000, "netIncomeFromContinuingOps": 7346000, "discontinuedOperations": {}, "extraordinaryItems": {}, "effectOfAccountingCharges": {}, "otherItems": {}, "netIncome": 7346000, "netIncomeApplicableToCommonShares": 7346000}], "maxAge": 86400}, "cashflowStatementHistoryQuarterly": {"cashflowStatements": [{"maxAge": 1, "endDate": "2020-06-30", "netIncome": -2757000, "changeToLiabilities": 0}, {"maxAge": 1, "endDate": "2020-03-31", "netIncome": 10017000, "changeToLiabilities": 0}, {"maxAge": 1, "endDate": "2019-12-31", "netIncome": 12841000, "changeToLiabilities": 0}, {"maxAge": 1, "endDate": "2019-09-30", "netIncome": 7346000, "changeToLiabilities": 0}], "maxAge": 86400}, "insiderHolders": {"holders": [{"maxAge": 1, "name": "Jain (Mahendra Singh)", "relation": "Promoter", "url": "", "transactionDescription": "Acquisition", "latestTransDate": "2020-03-16", "positionDirect": 251113, "positionDirectDate": "2020-03-16"}, {"maxAge": 1, "name": "Jain (Manish)", "relation": "Promoter", "url": "", "transactionDescription": "Acquisition", "latestTransDate": "2019-11-19", "positionDirect": 93850, "positionDirectDate": "2019-11-19"}, {"maxAge": 1, "name": "Jain (Rajendra)", "relation": "Managing Director", "url": "", "transactionDescription": "Acquisition", "latestTransDate": "2020-03-20", "positionDirect": 369900, "positionDirectDate": "2020-03-20"}], "maxAge": 1}, "earnings": {"maxAge": 86400, "earningsChart": {"quarterly": [], "earningsDate": ["2020-11-14 05:30:S", "2020-11-15 05:30:S"]}, "financialsChart": {"yearly": [{"date": 2017, "revenue": 697883535, "earnings": 38091116}, {"date": 2018, "revenue": 834014000, "earnings": 50870000}, {"date": 2019, "revenue": 1024225000, "earnings": 67148000}, {"date": 2020, "revenue": 800831000, "earnings": 41413000}], "quarterly": [{"date": "3Q2019", "revenue": 211397000, "earnings": 7346000}, {"date": "4Q2019", "revenue": 180021000, "earnings": 12841000}, {"date": "1Q2020", "revenue": 211390000, "earnings": 10017000}, {"date": "2Q2020", "revenue": 81124000, "earnings": -2757000}]}, "financialCurrency": "INR"}, "calendarEvents": {"maxAge": 1, "earnings": {"earningsDate": ["2020-11-14 05:30:S", "2020-11-15 05:30:S"]}}, "price": {"maxAge": 1, "regularMarketChangePercent": -0.038628682, "regularMarketChange": -4.0, "regularMarketTime": "2021-04-30 15:27:43", "priceHint": 2, "regularMarketPrice": 99.55, "regularMarketDayHigh": 103.45, "regularMarketDayLow": 95.3, "regularMarketVolume": 1125, "averageDailyVolume10Day": 1718, "averageDailyVolume3Month": 4566, "regularMarketPreviousClose": 103.55, "regularMarketSource": "FREE_REALTIME", "regularMarketOpen": 102.0, "exchange": "BSE", "exchangeName": "BSE", "exchangeDataDelayedBy": 0, "marketState": "CLOSED", "quoteType": "EQUITY", "symbol": "ITL.BO", "underlyingSymbol": null, "shortName": "ITL INDUSTRIES LTD.", "longName": "ITL Industries Limited", "currency": "INR", "quoteSourceName": "Delayed Quote", "currencySymbol": "\u20b9", "fromCurrency": null, "toCurrency": null, "lastMarket": null, "marketCap": 318988064}, "balanceSheetHistory": {"balanceSheetStatements": [{"maxAge": 1, "endDate": "2020-03-31", "cash": 3562000, "shortTermInvestments": 15553000, "netReceivables": 216848000, "inventory": 417636000, "otherCurrentAssets": 32685000, "totalCurrentAssets": 686995000, "longTermInvestments": 10943000, "propertyPlantEquipment": 190170000, "intangibleAssets": 7539000, "otherAssets": 3573000, "totalAssets": 899220000, "accountsPayable": 153679000, "shortLongTermDebt": 4000000, "otherCurrentLiab": 81518000, "longTermDebt": 42779000, "otherLiab": 16813000, "deferredLongTermLiab": 786000, "minorityInterest": 166000, "totalCurrentLiabilities": 395521000, "totalLiab": 455113000, "commonStock": 32043000, "retainedEarnings": 399350000, "treasuryStock": 10905000, "capitalSurplus": 1643000, "otherStockholderEquity": 10905000, "totalStockholderEquity": 443941000, "netTangibleAssets": 436402000}, {"maxAge": 1, "endDate": "2019-03-31", "cash": 2317000, "shortTermInvestments": 24126000, "netReceivables": 264529000, "inventory": 354876000, "otherCurrentAssets": 33892000, "totalCurrentAssets": 680424000, "longTermInvestments": 10835000, "propertyPlantEquipment": 171509000, "intangibleAssets": 6482000, "otherAssets": 3830000, "totalAssets": 873080000, "accountsPayable": 221984000, "shortLongTermDebt": 4627000, "otherCurrentLiab": 66051000, "longTermDebt": 22594000, "otherLiab": 11166000, "deferredLongTermLiab": 1049000, "minorityInterest": 2752000, "totalCurrentLiabilities": 434696000, "totalLiab": 468456000, "commonStock": 32043000, "retainedEarnings": 357281000, "treasuryStock": 10905000, "capitalSurplus": 1643000, "otherStockholderEquity": 10905000, "totalStockholderEquity": 401872000, "netTangibleAssets": 395390000}, {"maxAge": 1, "endDate": "2018-03-31", "cash": 3245000, "shortTermInvestments": 14268000, "netReceivables": 242818000, "inventory": 245649000, "otherCurrentAssets": 36473000, "totalCurrentAssets": 542851000, "longTermInvestments": 9538000, "propertyPlantEquipment": 136205000, "goodWill": 8100000, "intangibleAssets": 7828000, "otherAssets": 3474000, "totalAssets": 707996000, "accountsPayable": 172949000, "shortLongTermDebt": 11287000, "otherCurrentLiab": 47830000, "longTermDebt": 20980000, "otherLiab": 13359000, "deferredLongTermLiab": 793000, "minorityInterest": 1152000, "totalCurrentLiabilities": 343090000, "totalLiab": 377429000, "commonStock": 32043000, "retainedEarnings": 293992000, "treasuryStock": 1737000, "capitalSurplus": 1643000, "otherStockholderEquity": 1737000, "totalStockholderEquity": 329415000, "netTangibleAssets": 313487000}, {"maxAge": 1, "endDate": "2017-03-31", "cash": 11276067, "shortTermInvestments": 2276787, "netReceivables": 232864619, "inventory": 253322613, "otherCurrentAssets": 16855651, "totalCurrentAssets": 516963326, "longTermInvestments": 17477481, "propertyPlantEquipment": 88723692, "goodWill": 8100000, "intangibleAssets": 6668821, "otherAssets": 8762436, "totalAssets": 646695756, "accountsPayable": 128932517, "shortLongTermDebt": 10758499, "otherCurrentLiab": 74868704, "longTermDebt": 13245578, "otherLiab": 15401578, "deferredLongTermLiab": 162627, "minorityInterest": 250000, "totalCurrentLiabilities": 330269955, "totalLiab": 358917111, "commonStock": 32543993, "retainedEarnings": 250897252, "treasuryStock": 2128500, "capitalSurplus": 1958900, "otherStockholderEquity": 2128500, "totalStockholderEquity": 287528645, "netTangibleAssets": 272759824}], "maxAge": 86400}, "earningsTrend": {"trend": [{"maxAge": 1, "period": "0q", "endDate": null, "growth": {}, "earningsEstimate": {"avg": 0.0, "low": 0.0, "high": 0.0, "yearAgoEps": {}, "numberOfAnalysts": 0, "growth": {}}, "revenueEstimate": {"avg": 0, "low": 0, "high": 0, "numberOfAnalysts": 0, "yearAgoRevenue": {}, "growth": {}}, "epsTrend": {"current": 0.0, "7daysAgo": 0.0, "30daysAgo": 0.0, "60daysAgo": 0.0, "90daysAgo": 0.0}, "epsRevisions": {"upLast7days": 0, "upLast30days": 0, "downLast30days": 0, "downLast90days": {}}}, {"maxAge": 1, "period": "+1q", "endDate": null, "growth": {}, "earningsEstimate": {"avg": 0.0, "low": 0.0, "high": 0.0, "yearAgoEps": {}, "numberOfAnalysts": 0, "growth": {}}, "revenueEstimate": {"avg": 0, "low": 0, "high": 0, "numberOfAnalysts": 0, "yearAgoRevenue": {}, "growth": {}}, "epsTrend": {"current": 0.0, "7daysAgo": 0.0, "30daysAgo": 0.0, "60daysAgo": 0.0, "90daysAgo": 0.0}, "epsRevisions": {"upLast7days": 0, "upLast30days": 0, "downLast30days": 0, "downLast90days": {}}}, {"maxAge": 1, "period": "0y", "endDate": null, "growth": {}, "earningsEstimate": {"avg": 0.0, "low": 0.0, "high": 0.0, "yearAgoEps": {}, "numberOfAnalysts": 0, "growth": {}}, "revenueEstimate": {"avg": 0, "low": 0, "high": 0, "numberOfAnalysts": 0, "yearAgoRevenue": {}, "growth": {}}, "epsTrend": {"current": 0.0, "7daysAgo": 0.0, "30daysAgo": 0.0, "60daysAgo": 0.0, "90daysAgo": 0.0}, "epsRevisions": {"upLast7days": 0, "upLast30days": 0, "downLast30days": 0, "downLast90days": {}}}, {"maxAge": 1, "period": "+1y", "endDate": null, "growth": {}, "earningsEstimate": {"avg": 0.0, "low": 0.0, "high": 0.0, "yearAgoEps": {}, "numberOfAnalysts": 0, "growth": {}}, "revenueEstimate": {"avg": 0, "low": 0, "high": 0, "numberOfAnalysts": 0, "yearAgoRevenue": {}, "growth": {}}, "epsTrend": {"current": 0.0, "7daysAgo": 0.0, "30daysAgo": 0.0, "60daysAgo": 0.0, "90daysAgo": 0.0}, "epsRevisions": {"upLast7days": 0, "upLast30days": 0, "downLast30days": 0, "downLast90days": {}}}, {"maxAge": 1, "period": "+5y", "endDate": null, "growth": {}, "earningsEstimate": {"avg": {}, "low": {}, "high": {}, "yearAgoEps": {}, "numberOfAnalysts": {}, "growth": {}}, "revenueEstimate": {"avg": {}, "low": {}, "high": {}, "numberOfAnalysts": {}, "yearAgoRevenue": {}, "growth": {}}, "epsTrend": {"current": {}, "7daysAgo": {}, "30daysAgo": {}, "60daysAgo": {}, "90daysAgo": {}}, "epsRevisions": {"upLast7days": {}, "upLast30days": {}, "downLast30days": {}, "downLast90days": {}}}, {"maxAge": 1, "period": "-5y", "endDate": null, "growth": {}, "earningsEstimate": {"avg": {}, "low": {}, "high": {}, "yearAgoEps": {}, "numberOfAnalysts": {}, "growth": {}}, "revenueEstimate": {"avg": {}, "low": {}, "high": {}, "numberOfAnalysts": {}, "yearAgoRevenue": {}, "growth": {}}, "epsTrend": {"current": {}, "7daysAgo": {}, "30daysAgo": {}, "60daysAgo": {}, "90daysAgo": {}}, "epsRevisions": {"upLast7days": {}, "upLast30days": {}, "downLast30days": {}, "downLast90days": {}}}], "maxAge": 1}, "financialData": {"maxAge": 86400, "currentPrice": 99.55, "targetHighPrice": 47.0, "targetLowPrice": 47.0, "targetMeanPrice": 47.0, "targetMedianPrice": 47.0, "recommendationKey": "none", "numberOfAnalystOpinions": 1, "grossProfits": 288518000, "financialCurrency": "INR"}}}