{"IVP.BO": {"cashflowStatementHistory": {"cashflowStatements": [{"maxAge": 1, "endDate": "2020-03-31", "netIncome": -86200000, "depreciation": 47800000, "changeToNetincome": 95600000, "changeToAccountReceivables": 278100000, "changeToLiabilities": 2100000, "changeToInventory": 181400000, "changeToOperatingActivities": 44700000, "totalCashFromOperatingActivities": 564300000, "capitalExpenditures": -51300000, "otherCashflowsFromInvestingActivities": 800000, "totalCashflowsFromInvestingActivities": -49900000, "dividendsPaid": -10300000, "netBorrowings": -434300000, "otherCashflowsFromFinancingActivities": -95900000, "totalCashFromFinancingActivities": -540500000, "changeInCash": -26100000}, {"maxAge": 1, "endDate": "2019-03-31", "netIncome": 33800000, "depreciation": 28200000, "changeToNetincome": 31100000, "changeToAccountReceivables": -158200000, "changeToLiabilities": -318200000, "changeToInventory": 107000000, "changeToOperatingActivities": 8900000, "totalCashFromOperatingActivities": -267000000, "capitalExpenditures": -279600000, "otherCashflowsFromInvestingActivities": 400000, "totalCashflowsFromInvestingActivities": -278500000, "dividendsPaid": -24600000, "netBorrowings": 649400000, "otherCashflowsFromFinancingActivities": -84000000, "totalCashFromFinancingActivities": 540800000, "changeInCash": -4700000}, {"maxAge": 1, "endDate": "2018-03-31", "netIncome": 103900000, "depreciation": 25600000, "changeToNetincome": 38400000, "changeToAccountReceivables": -468100000, "changeToLiabilities": 442100000, "changeToInventory": -342800000, "changeToOperatingActivities": -102100000, "totalCashFromOperatingActivities": -302600000, "capitalExpenditures": -278800000, "otherCashflowsFromInvestingActivities": 400000, "totalCashflowsFromInvestingActivities": -278600000, "dividendsPaid": -20700000, "netBorrowings": 636700000, "otherCashflowsFromFinancingActivities": -37000000, "totalCashFromFinancingActivities": 579000000, "changeInCash": -2200000}, {"maxAge": 1, "endDate": "2017-03-31", "netIncome": 108077000, "depreciation": 13651000, "changeToNetincome": -2044000, "changeToAccountReceivables": -74163000, "changeToLiabilities": 80457000, "changeToInventory": -73449000, "changeToOperatingActivities": -3140000, "totalCashFromOperatingActivities": 49389000, "capitalExpenditures": -236873000, "otherCashflowsFromInvestingActivities": 5000, "totalCashflowsFromInvestingActivities": -236515000, "dividendsPaid": -20653000, "netBorrowings": 100000000, "otherCashflowsFromFinancingActivities": -6456000, "totalCashFromFinancingActivities": 72891000, "changeInCash": -114235000}], "maxAge": 86400}, "institutionOwnership": {"maxAge": 1, "ownershipList": []}, "balanceSheetHistoryQuarterly": {"balanceSheetStatements": [{"maxAge": 1, "endDate": "2020-06-30", "totalStockholderEquity": 717600000, "netTangibleAssets": 714400000}, {"maxAge": 1, "endDate": "2020-03-31", "cash": 2600000, "netReceivables": 938000000, "inventory": 304800000, "otherCurrentAssets": 18200000, "totalCurrentAssets": 1272000000, "longTermInvestments": 200000, "propertyPlantEquipment": 815300000, "intangibleAssets": 3200000, "otherAssets": 111300000, "deferredLongTermAssetCharges": 49700000, "totalAssets": 2202000000, "accountsPayable": 448000000, "otherCurrentLiab": 7400000, "otherLiab": 5000000, "totalCurrentLiabilities": 1479400000, "totalLiab": 1484400000, "commonStock": 103300000, "retainedEarnings": 617900000, "treasuryStock": -3600000, "otherStockholderEquity": -3600000, "totalStockholderEquity": 717600000, "netTangibleAssets": 714400000}, {"maxAge": 1, "endDate": "2019-12-31", "totalStockholderEquity": 762500000, "netTangibleAssets": 759000000}, {"maxAge": 1, "endDate": "2019-09-30", "cash": 7800000, "netReceivables": 1023000000, "inventory": 408500000, "otherCurrentAssets": 56000000, "totalCurrentAssets": 1495300000, "longTermInvestments": 3300000, "propertyPlantEquipment": 836500000, "intangibleAssets": 3500000, "otherAssets": 80800000, "deferredLongTermAssetCharges": 24000000, "totalAssets": 2419400000, "accountsPayable": 274400000, "otherCurrentLiab": 37000000, "otherLiab": 4900000, "totalCurrentLiabilities": 1652000000, "totalLiab": 1656900000, "commonStock": 103300000, "treasuryStock": 659200000, "otherStockholderEquity": 659200000, "totalStockholderEquity": 762500000, "netTangibleAssets": 759000000}], "maxAge": 86400}, "indexTrend": {"maxAge": 1, "symbol": "SP5", "peRatio": 19.7411, "pegRatio": 1.34172, "estimates": [{"period": "0q", "growth": 0.549}, {"period": "+1q", "growth": 0.431}, {"period": "0y", "growth": 0.305}, {"period": "+1y", "growth": 0.109}, {"period": "+5y", "growth": 0.120859005}, {"period": "-5y"}]}, "insiderTransactions": {"transactions": [{"maxAge": 1, "shares": 882946, "filerUrl": "", "transactionText": "", "filerName": "Allana Exports Ltd", "filerRelation": "Promoter", "moneyText": "", "startDate": "2019-12-18", "ownership": "D"}, {"maxAge": 1, "shares": 882946, "filerUrl": "", "transactionText": "", "filerName": "Phoenicia Shipping Co Ltd", "filerRelation": "Promoter", "moneyText": "", "startDate": "2019-12-18", "ownership": "D"}], "maxAge": 1}, "quoteType": {"exchange": "BSE", "quoteType": "EQUITY", "symbol": "IVP.BO", "underlyingSymbol": "IVP.BO", "shortName": "IVP LTD.", "longName": "IVP Limited", "firstTradeDateEpochUtc": "2000-10-13 09:15:00", "timeZoneFullName": "Asia/Kolkata", "timeZoneShortName": "IST", "uuid": "25c63ab7-f761-31b1-affd-acccc4d1fa77", "messageBoardId": null, "gmtOffSetMilliseconds": 19800000, "maxAge": 1}, "incomeStatementHistory": {"incomeStatementHistory": [{"maxAge": 1, "endDate": "2020-03-31", "totalRevenue": 2287600000, "costOfRevenue": 1815100000, "grossProfit": 472500000, "researchDevelopment": {}, "sellingGeneralAdministrative": 157200000, "nonRecurring": {}, "otherOperatingExpenses": 306400000, "totalOperatingExpenses": 2329200000, "operatingIncome": -41600000, "totalOtherIncomeExpenseNet": -86700000, "ebit": -41600000, "interestExpense": -101700000, "incomeBeforeTax": -128300000, "incomeTaxExpense": -42100000, "minorityInterest": {}, "netIncomeFromContinuingOps": -86200000, "discontinuedOperations": {}, "extraordinaryItems": {}, "effectOfAccountingCharges": {}, "otherItems": {}, "netIncome": -86200000, "netIncomeApplicableToCommonShares": -86200000}, {"maxAge": 1, "endDate": "2019-03-31", "totalRevenue": 3198800000, "costOfRevenue": 2645400000, "grossProfit": 553400000, "researchDevelopment": {}, "sellingGeneralAdministrative": 145700000, "nonRecurring": {}, "otherOperatingExpenses": 283300000, "totalOperatingExpenses": 3103000000, "operatingIncome": 95800000, "totalOtherIncomeExpenseNet": -93000000, "ebit": 95800000, "interestExpense": -84000000, "incomeBeforeTax": 2800000, "incomeTaxExpense": -31000000, "minorityInterest": {}, "netIncomeFromContinuingOps": 33800000, "discontinuedOperations": {}, "extraordinaryItems": {}, "effectOfAccountingCharges": {}, "otherItems": {}, "netIncome": 33800000, "netIncomeApplicableToCommonShares": 33800000}, {"maxAge": 1, "endDate": "2018-03-31", "totalRevenue": 2700800000, "costOfRevenue": 2138600000, "grossProfit": 562200000, "researchDevelopment": {}, "sellingGeneralAdministrative": 126100000, "nonRecurring": {}, "otherOperatingExpenses": 222900000, "totalOperatingExpenses": 2513600000, "operatingIncome": 187200000, "totalOtherIncomeExpenseNet": -23100000, "ebit": 187200000, "interestExpense": -32900000, "incomeBeforeTax": 164100000, "incomeTaxExpense": 60200000, "minorityInterest": {}, "netIncomeFromContinuingOps": 103900000, "discontinuedOperations": {}, "extraordinaryItems": {}, "effectOfAccountingCharges": {}, "otherItems": {}, "netIncome": 103900000, "netIncomeApplicableToCommonShares": 103900000}, {"maxAge": 1, "endDate": "2017-03-31", "totalRevenue": 1615038000, "costOfRevenue": 1227842000, "grossProfit": 387196000, "researchDevelopment": {}, "sellingGeneralAdministrative": 104132000, "nonRecurring": {}, "otherOperatingExpenses": 103706000, "totalOperatingExpenses": 1449965000, "operatingIncome": 165073000, "totalOtherIncomeExpenseNet": 5128000, "ebit": 165073000, "interestExpense": -2252000, "incomeBeforeTax": 170201000, "incomeTaxExpense": 62124000, "minorityInterest": {}, "netIncomeFromContinuingOps": 108077000, "discontinuedOperations": {}, "extraordinaryItems": {}, "effectOfAccountingCharges": {}, "otherItems": {}, "netIncome": 108077000, "netIncomeApplicableToCommonShares": 108077000}], "maxAge": 86400}, "fundOwnership": {"maxAge": 1, "ownershipList": []}, "summaryDetail": {"maxAge": 1, "priceHint": 2, "previousClose": 119.8, "open": 119.8, "dayLow": 113.85, "dayHigh": 122.95, "regularMarketPreviousClose": 119.8, "regularMarketOpen": 119.8, "regularMarketDayLow": 113.85, "regularMarketDayHigh": 122.95, "volume": 3813, "regularMarketVolume": 3813, "averageVolume": 2415, "averageVolume10days": 5147, "averageDailyVolume10Day": 5147, "bid": 114.0, "ask": 116.0, "bidSize": 0, "askSize": 0, "marketCap": 1177198208, "fiftyTwoWeekLow": 29.65, "fiftyTwoWeekHigh": 126.85, "fiftyDayAverage": 86.62143, "twoHundredDayAverage": 62.145622, "trailingAnnualDividendRate": 1.0, "trailingAnnualDividendYield": 0.008347245, "currency": "INR", "fromCurrency": null, "toCurrency": null, "lastMarket": null, "algorithm": null, "tradeable": false}, "incomeStatementHistoryQuarterly": {"incomeStatementHistory": [{"maxAge": 1, "endDate": "2020-06-30", "totalRevenue": 204700000, "costOfRevenue": 154200000, "grossProfit": 50500000, "researchDevelopment": {}, "sellingGeneralAdministrative": 36400000, "nonRecurring": {}, "otherOperatingExpenses": 48000000, "totalOperatingExpenses": 251300000, "operatingIncome": -46600000, "totalOtherIncomeExpenseNet": -13700000, "ebit": -46600000, "interestExpense": -18400000, "incomeBeforeTax": -60300000, "incomeTaxExpense": -21000000, "minorityInterest": {}, "netIncomeFromContinuingOps": -39300000, "discontinuedOperations": {}, "extraordinaryItems": {}, "effectOfAccountingCharges": {}, "otherItems": {}, "netIncome": -39300000, "netIncomeApplicableToCommonShares": -39300000}, {"maxAge": 1, "endDate": "2020-03-31", "totalRevenue": 563600000, "costOfRevenue": 451300000, "grossProfit": 112300000, "researchDevelopment": {}, "sellingGeneralAdministrative": 41400000, "nonRecurring": {}, "otherOperatingExpenses": 61100000, "totalOperatingExpenses": 568300000, "operatingIncome": -4700000, "totalOtherIncomeExpenseNet": -22200000, "ebit": -4700000, "interestExpense": -18300000, "incomeBeforeTax": -26900000, "incomeTaxExpense": -8300000, "minorityInterest": {}, "netIncomeFromContinuingOps": -18600000, "discontinuedOperations": {}, "extraordinaryItems": {}, "effectOfAccountingCharges": {}, "otherItems": {}, "netIncome": -18600000, "netIncomeApplicableToCommonShares": -18600000}, {"maxAge": 1, "endDate": "2019-12-31", "totalRevenue": 493900000, "costOfRevenue": 385700000, "grossProfit": 108200000, "researchDevelopment": {}, "sellingGeneralAdministrative": 38400000, "nonRecurring": {}, "otherOperatingExpenses": 78200000, "totalOperatingExpenses": 515100000, "operatingIncome": -21200000, "totalOtherIncomeExpenseNet": -18600000, "ebit": -21200000, "interestExpense": -24100000, "incomeBeforeTax": -39800000, "incomeTaxExpense": -16000000, "minorityInterest": {}, "netIncomeFromContinuingOps": -23800000, "discontinuedOperations": {}, "extraordinaryItems": {}, "effectOfAccountingCharges": {}, "otherItems": {}, "netIncome": -23800000, "netIncomeApplicableToCommonShares": -23800000}, {"maxAge": 1, "endDate": "2019-09-30", "totalRevenue": 547100000, "costOfRevenue": 432300000, "grossProfit": 114800000, "researchDevelopment": {}, "sellingGeneralAdministrative": 39000000, "nonRecurring": {}, "otherOperatingExpenses": 78500000, "totalOperatingExpenses": 562400000, "operatingIncome": -15300000, "totalOtherIncomeExpenseNet": -22500000, "ebit": -15300000, "interestExpense": -29700000, "incomeBeforeTax": -37800000, "incomeTaxExpense": -9500000, "minorityInterest": {}, "netIncomeFromContinuingOps": -28300000, "discontinuedOperations": {}, "extraordinaryItems": {}, "effectOfAccountingCharges": {}, "otherItems": {}, "netIncome": -28300000, "netIncomeApplicableToCommonShares": -28300000}], "maxAge": 86400}, "cashflowStatementHistoryQuarterly": {"cashflowStatements": [{"maxAge": 1, "endDate": "2020-06-30", "netIncome": -39300000, "changeToLiabilities": 0}, {"maxAge": 1, "endDate": "2020-03-31", "netIncome": -18600000, "changeToLiabilities": 0}, {"maxAge": 1, "endDate": "2019-12-31", "netIncome": -23800000, "changeToLiabilities": 0}, {"maxAge": 1, "endDate": "2019-09-30", "netIncome": -28300000, "changeToLiabilities": 0}], "maxAge": 86400}, "insiderHolders": {"holders": [{"maxAge": 1, "name": "Allana Exports Ltd", "relation": "Promoter", "url": "", "transactionDescription": "Other", "latestTransDate": "2019-12-18", "positionDirect": 3542940, "positionDirectDate": "2019-12-18"}, {"maxAge": 1, "name": "Phoenicia Shipping Co Ltd", "relation": "Promoter", "url": "", "transactionDescription": "Other", "latestTransDate": "2019-12-18", "positionDirect": 0, "positionDirectDate": "2019-12-18"}], "maxAge": 1}, "calendarEvents": {"maxAge": 1, "earnings": {"earningsDate": ["2019-08-06 05:30:S", "2019-08-10 05:30:S"]}}, "price": {"maxAge": 1, "regularMarketChangePercent": -0.048414048, "regularMarketChange": -5.800003, "regularMarketTime": "2021-04-30 15:28:53", "priceHint": 2, "regularMarketPrice": 114.0, "regularMarketDayHigh": 122.95, "regularMarketDayLow": 113.85, "regularMarketVolume": 3813, "averageDailyVolume10Day": 5147, "averageDailyVolume3Month": 2415, "regularMarketPreviousClose": 119.8, "regularMarketSource": "FREE_REALTIME", "regularMarketOpen": 119.8, "exchange": "BSE", "exchangeName": "BSE", "exchangeDataDelayedBy": 0, "marketState": "CLOSED", "quoteType": "EQUITY", "symbol": "IVP.BO", "underlyingSymbol": null, "shortName": "IVP LTD.", "longName": "IVP Limited", "currency": "INR", "quoteSourceName": "Delayed Quote", "currencySymbol": "\u20b9", "fromCurrency": null, "toCurrency": null, "lastMarket": null, "marketCap": 1177198208}, "balanceSheetHistory": {"balanceSheetStatements": [{"maxAge": 1, "endDate": "2020-03-31", "cash": 2600000, "netReceivables": 938000000, "inventory": 304800000, "otherCurrentAssets": 18200000, "totalCurrentAssets": 1272000000, "longTermInvestments": 200000, "propertyPlantEquipment": 815300000, "intangibleAssets": 3200000, "otherAssets": 111300000, "deferredLongTermAssetCharges": 49700000, "totalAssets": 2202000000, "accountsPayable": 448000000, "otherCurrentLiab": 7400000, "otherLiab": 5000000, "totalCurrentLiabilities": 1479400000, "totalLiab": 1484400000, "commonStock": 103300000, "retainedEarnings": 617900000, "treasuryStock": -3600000, "otherStockholderEquity": -3600000, "totalStockholderEquity": 717600000, "netTangibleAssets": 714400000}, {"maxAge": 1, "endDate": "2019-03-31", "cash": 28700000, "shortTermInvestments": 1100000, "netReceivables": 1296200000, "inventory": 491000000, "otherCurrentAssets": 8000000, "totalCurrentAssets": 1835000000, "longTermInvestments": 200000, "propertyPlantEquipment": 829400000, "intangibleAssets": 4000000, "otherAssets": 77400000, "deferredLongTermAssetCharges": 7500000, "totalAssets": 2746000000, "accountsPayable": 437600000, "otherCurrentLiab": 39700000, "otherLiab": 3500000, "totalCurrentLiabilities": 1926700000, "totalLiab": 1930200000, "commonStock": 103300000, "retainedEarnings": 716500000, "treasuryStock": -4000000, "otherStockholderEquity": -4000000, "totalStockholderEquity": 815800000, "netTangibleAssets": 811800000}, {"maxAge": 1, "endDate": "2018-03-31", "cash": 33600000, "netReceivables": 1156300000, "inventory": 598000000, "otherCurrentAssets": 4900000, "totalCurrentAssets": 1795400000, "longTermInvestments": 200000, "propertyPlantEquipment": 585800000, "intangibleAssets": 2500000, "otherAssets": 87700000, "totalAssets": 2471600000, "accountsPayable": 634200000, "otherCurrentLiab": 199400000, "otherLiab": 29000000, "totalCurrentLiabilities": 1631800000, "totalLiab": 1660800000, "commonStock": 103300000, "retainedEarnings": 707500000, "totalStockholderEquity": 810800000, "netTangibleAssets": 808300000}, {"maxAge": 1, "endDate": "2017-03-31", "cash": 35883000, "netReceivables": 603528000, "inventory": 265188000, "otherCurrentAssets": 34542000, "totalCurrentAssets": 941854000, "longTermInvestments": 188000, "propertyPlantEquipment": 374579000, "intangibleAssets": 1921000, "otherAssets": 21759000, "totalAssets": 1340301000, "accountsPayable": 259925000, "otherCurrentLiab": 156846000, "otherLiab": 22579000, "totalCurrentLiabilities": 585864000, "totalLiab": 608443000, "commonStock": 103263000, "retainedEarnings": 628595000, "totalStockholderEquity": 731858000, "netTangibleAssets": 729937000}], "maxAge": 86400}, "financialData": {"maxAge": 86400, "currentPrice": 114.0, "recommendationKey": "none", "grossProfits": 472500000, "financialCurrency": "INR"}}}