{"IVP.NS": {"assetProfile": {"address1": "Shashikant Narayan Redij Marg", "address2": "Ghorupdeo", "city": "Mumbai", "zip": "400033", "country": "India", "phone": "91 22 2378 7300", "website": "http://www.ivpindia.com", "industry": "Specialty Chemicals", "sector": "Basic Materials", "longBusinessSummary": "IVP Limited manufactures and sells foundry chemicals in India. The company offers resins/binders, foundry coatings, and other allied products used in various fields, such as foundry, composites, insulation, and refractory, as well as ferrous and non-ferrous foundries. It also provides polyurethane systems for use in the manufacture of shoe soles, including unit soles, safety shoes, and chappals; and composite, insulation, and refractory resins. In addition, the company exports its products. IVP Limited was founded in 1929 and is headquartered in Mumbai, India.", "fullTimeEmployees": 190, "companyOfficers": [{"maxAge": 1, "name": "Mr. Mandar Prabhakar Joshi", "age": 45, "title": "CEO & Whole Time Director", "yearBorn": 1975, "fiscalYear": 2020, "totalPay": 16454064, "exercisedValue": 0, "unexercisedValue": 0}, {"maxAge": 1, "name": "Mr. Rakesh  Joshi", "title": "Chief Financial Officer", "fiscalYear": 2020, "totalPay": 4792908, "exercisedValue": 0, "unexercisedValue": 0}, {"maxAge": 1, "name": "Ms. Nisha  Kantirao", "title": "Compliance Officer & Company Sec.", "fiscalYear": 2020, "totalPay": 1651442, "exercisedValue": 0, "unexercisedValue": 0}], "compensationAsOfEpochDate": "2020-12-31 05:30:00", "maxAge": 86400}, "recommendationTrend": {"trend": [{"period": "0m", "strongBuy": 0, "buy": 0, "hold": 0, "sell": 0, "strongSell": 0}, {"period": "-1m", "strongBuy": 0, "buy": 1, "hold": 0, "sell": 0, "strongSell": 0}, {"period": "-2m", "strongBuy": 0, "buy": 1, "hold": 0, "sell": 0, "strongSell": 0}, {"period": "-3m", "strongBuy": 0, "buy": 1, "hold": 0, "sell": 0, "strongSell": 0}], "maxAge": 86400}, "cashflowStatementHistory": {"cashflowStatements": [{"maxAge": 1, "endDate": "2020-03-31", "netIncome": -86200000, "depreciation": 47800000, "changeToNetincome": 95600000, "changeToAccountReceivables": 278100000, "changeToLiabilities": 2100000, "changeToInventory": 181400000, "changeToOperatingActivities": 44700000, "totalCashFromOperatingActivities": 564300000, "capitalExpenditures": -51300000, "otherCashflowsFromInvestingActivities": 800000, "totalCashflowsFromInvestingActivities": -49900000, "dividendsPaid": -10300000, "netBorrowings": -434300000, "otherCashflowsFromFinancingActivities": -95900000, "totalCashFromFinancingActivities": -540500000, "changeInCash": -26100000}, {"maxAge": 1, "endDate": "2019-03-31", "netIncome": 33800000, "depreciation": 28200000, "changeToNetincome": 31100000, "changeToAccountReceivables": -158200000, "changeToLiabilities": -318200000, "changeToInventory": 107000000, "changeToOperatingActivities": 8900000, "totalCashFromOperatingActivities": -267000000, "capitalExpenditures": -279600000, "otherCashflowsFromInvestingActivities": 400000, "totalCashflowsFromInvestingActivities": -278500000, "dividendsPaid": -24600000, "netBorrowings": 649400000, "otherCashflowsFromFinancingActivities": -84000000, "totalCashFromFinancingActivities": 540800000, "changeInCash": -4700000}, {"maxAge": 1, "endDate": "2018-03-31", "netIncome": 103900000, "depreciation": 25600000, "changeToNetincome": 38400000, "changeToAccountReceivables": -468100000, "changeToLiabilities": 442100000, "changeToInventory": -342800000, "changeToOperatingActivities": -102100000, "totalCashFromOperatingActivities": -302600000, "capitalExpenditures": -278800000, "otherCashflowsFromInvestingActivities": 400000, "totalCashflowsFromInvestingActivities": -278600000, "dividendsPaid": -20700000, "netBorrowings": 636700000, "otherCashflowsFromFinancingActivities": -37000000, "totalCashFromFinancingActivities": 579000000, "changeInCash": -2200000}, {"maxAge": 1, "endDate": "2017-03-31", "netIncome": 108077000, "depreciation": 13651000, "changeToNetincome": -2044000, "changeToAccountReceivables": -74163000, "changeToLiabilities": 80457000, "changeToInventory": -73449000, "changeToOperatingActivities": -3140000, "totalCashFromOperatingActivities": 49389000, "capitalExpenditures": -236873000, "otherCashflowsFromInvestingActivities": 5000, "totalCashflowsFromInvestingActivities": -236515000, "dividendsPaid": -20653000, "netBorrowings": 100000000, "otherCashflowsFromFinancingActivities": -6456000, "totalCashFromFinancingActivities": 72891000, "changeInCash": -114235000}], "maxAge": 86400}, "indexTrend": {"maxAge": 1, "symbol": "SP5", "peRatio": 19.7411, "pegRatio": 1.34172, "estimates": [{"period": "0q", "growth": 0.549}, {"period": "+1q", "growth": 0.431}, {"period": "0y", "growth": 0.305}, {"period": "+1y", "growth": 0.109}, {"period": "+5y", "growth": 0.120865}, {"period": "-5y"}]}, "defaultKeyStatistics": {"maxAge": 1, "priceHint": 2, "enterpriseValue": 2188033280, "profitMargins": -0.00478, "floatShares": 1995883, "sharesOutstanding": 10326300, "heldPercentInsiders": 0.7561, "heldPercentInstitutions": 0.0, "beta": 1.463682, "category": null, "bookValue": 66.325, "priceToBook": 1.7474558, "fundFamily": null, "legalType": null, "lastFiscalYearEnd": "2020-03-31 05:30:00", "nextFiscalYearEnd": "2022-03-31 05:30:00", "mostRecentQuarter": "2020-12-31 05:30:00", "netIncomeToCommon": -10900000, "trailingEps": -1.061, "forwardEps": 12.94, "lastSplitFactor": null, "enterpriseToRevenue": 0.96, "enterpriseToEbitda": 20.958, "52WeekChange": 2.4857142, "SandP52WeekChange": 0.48148263, "lastDividendValue": 1.0, "lastDividendDate": 1564531200}, "industryTrend": {"maxAge": 1, "symbol": null, "estimates": []}, "quoteType": {"exchange": "NSI", "quoteType": "EQUITY", "symbol": "IVP.NS", "underlyingSymbol": "IVP.NS", "shortName": "IVP LTD", "longName": "IVP Limited", "firstTradeDateEpochUtc": "2002-07-04 09:15:00", "timeZoneFullName": "Asia/Kolkata", "timeZoneShortName": "IST", "uuid": "4a9f723e-aa17-31a4-8629-9deacfe25213", "messageBoardId": "finmb_20374071", "gmtOffSetMilliseconds": 19800000, "maxAge": 1}, "incomeStatementHistory": {"incomeStatementHistory": [{"maxAge": 1, "endDate": "2020-03-31", "totalRevenue": 2287600000, "costOfRevenue": 1815100000, "grossProfit": 472500000, "researchDevelopment": {}, "sellingGeneralAdministrative": 157200000, "nonRecurring": {}, "otherOperatingExpenses": 306400000, "totalOperatingExpenses": 2329200000, "operatingIncome": -41600000, "totalOtherIncomeExpenseNet": -86700000, "ebit": -41600000, "interestExpense": -101700000, "incomeBeforeTax": -128300000, "incomeTaxExpense": -42100000, "minorityInterest": {}, "netIncomeFromContinuingOps": -86200000, "discontinuedOperations": {}, "extraordinaryItems": {}, "effectOfAccountingCharges": {}, "otherItems": {}, "netIncome": -86200000, "netIncomeApplicableToCommonShares": -86200000}, {"maxAge": 1, "endDate": "2019-03-31", "totalRevenue": 3198800000, "costOfRevenue": 2645400000, "grossProfit": 553400000, "researchDevelopment": {}, "sellingGeneralAdministrative": 145700000, "nonRecurring": {}, "otherOperatingExpenses": 283300000, "totalOperatingExpenses": 3103000000, "operatingIncome": 95800000, "totalOtherIncomeExpenseNet": -93000000, "ebit": 95800000, "interestExpense": -84000000, "incomeBeforeTax": 2800000, "incomeTaxExpense": -31000000, "minorityInterest": {}, "netIncomeFromContinuingOps": 33800000, "discontinuedOperations": {}, "extraordinaryItems": {}, "effectOfAccountingCharges": {}, "otherItems": {}, "netIncome": 33800000, "netIncomeApplicableToCommonShares": 33800000}, {"maxAge": 1, "endDate": "2018-03-31", "totalRevenue": 2700800000, "costOfRevenue": 2138600000, "grossProfit": 562200000, "researchDevelopment": {}, "sellingGeneralAdministrative": 126100000, "nonRecurring": {}, "otherOperatingExpenses": 222900000, "totalOperatingExpenses": 2513600000, "operatingIncome": 187200000, "totalOtherIncomeExpenseNet": -23100000, "ebit": 187200000, "interestExpense": -32900000, "incomeBeforeTax": 164100000, "incomeTaxExpense": 60200000, "minorityInterest": {}, "netIncomeFromContinuingOps": 103900000, "discontinuedOperations": {}, "extraordinaryItems": {}, "effectOfAccountingCharges": {}, "otherItems": {}, "netIncome": 103900000, "netIncomeApplicableToCommonShares": 103900000}, {"maxAge": 1, "endDate": "2017-03-31", "totalRevenue": 1615038000, "costOfRevenue": 1227842000, "grossProfit": 387196000, "researchDevelopment": {}, "sellingGeneralAdministrative": 104132000, "nonRecurring": {}, "otherOperatingExpenses": 103706000, "totalOperatingExpenses": 1449965000, "operatingIncome": 165073000, "totalOtherIncomeExpenseNet": 5128000, "ebit": 165073000, "interestExpense": -2252000, "incomeBeforeTax": 170201000, "incomeTaxExpense": 62124000, "minorityInterest": {}, "netIncomeFromContinuingOps": 108077000, "discontinuedOperations": {}, "extraordinaryItems": {}, "effectOfAccountingCharges": {}, "otherItems": {}, "netIncome": 108077000, "netIncomeApplicableToCommonShares": 108077000}], "maxAge": 86400}, "fundOwnership": {"maxAge": 1, "ownershipList": []}, "summaryDetail": {"maxAge": 1, "priceHint": 2, "previousClose": 119.2, "open": 124.85, "dayLow": 113.8, "dayHigh": 125.0, "regularMarketPreviousClose": 119.2, "regularMarketOpen": 124.85, "regularMarketDayLow": 113.8, "regularMarketDayHigh": 125.0, "exDividendDate": "2019-07-31 05:30:00", "payoutRatio": 0.0, "beta": 1.463682, "forwardPE": 8.956724, "volume": 4828, "regularMarketVolume": 4828, "averageVolume": 3473, "averageVolume10days": 2148, "averageDailyVolume10Day": 2148, "bid": 0.0, "ask": 0.0, "bidSize": 0, "askSize": 0, "marketCap": 1202833408, "fiftyTwoWeekLow": 30.55, "fiftyTwoWeekHigh": 138.8, "priceToSalesTrailing12Months": 0.5275817, "fiftyDayAverage": 107.85735, "twoHundredDayAverage": 83.79331, "trailingAnnualDividendRate": 1.0, "trailingAnnualDividendYield": 0.008389262, "currency": "INR", "fromCurrency": null, "toCurrency": null, "lastMarket": null, "algorithm": null, "tradeable": false}, "insiderHolders": {"holders": [{"maxAge": 1, "name": "Allana Exports Ltd", "relation": "Promoter", "url": "", "transactionDescription": "Other", "latestTransDate": "2019-12-18", "positionDirect": 3542940, "positionDirectDate": "2019-12-18"}, {"maxAge": 1, "name": "Allana Pharmachem Ltd", "relation": "Promoter", "url": "", "transactionDescription": "Purchase", "latestTransDate": "2021-03-23", "positionDirect": 455311, "positionDirectDate": "2021-03-23"}, {"maxAge": 1, "name": "Phoenicia Shipping Co Ltd", "relation": "Promoter", "url": "", "transactionDescription": "Other", "latestTransDate": "2019-12-18", "positionDirect": 0, "positionDirectDate": "2019-12-18"}], "maxAge": 1}, "calendarEvents": {"maxAge": 1, "earnings": {"earningsDate": ["2021-02-11 05:30:S"], "revenueAverage": 727900000}, "exDividendDate": "2019-07-31 05:30:00"}, "price": {"maxAge": 1, "regularMarketChangePercent": -0.027684527, "regularMarketChange": -3.2999954, "regularMarketTime": "2021-04-30 15:27:37", "priceHint": 2, "regularMarketPrice": 115.9, "regularMarketDayHigh": 125.0, "regularMarketDayLow": 113.8, "regularMarketVolume": 4828, "averageDailyVolume10Day": 2148, "averageDailyVolume3Month": 3473, "regularMarketPreviousClose": 119.2, "regularMarketSource": "FREE_REALTIME", "regularMarketOpen": 124.85, "exchange": "NSI", "exchangeName": "NSE", "exchangeDataDelayedBy": 15, "marketState": "CLOSED", "quoteType": "EQUITY", "symbol": "IVP.NS", "underlyingSymbol": null, "shortName": "IVP LTD", "longName": "IVP Limited", "currency": "INR", "quoteSourceName": "Delayed Quote", "currencySymbol": "\u20b9", "fromCurrency": null, "toCurrency": null, "lastMarket": null, "marketCap": 1202833408}, "balanceSheetHistory": {"balanceSheetStatements": [{"maxAge": 1, "endDate": "2020-03-31", "cash": 2600000, "netReceivables": 938000000, "inventory": 304800000, "otherCurrentAssets": 18200000, "totalCurrentAssets": 1272000000, "longTermInvestments": 200000, "propertyPlantEquipment": 815300000, "intangibleAssets": 3200000, "otherAssets": 111300000, "deferredLongTermAssetCharges": 49700000, "totalAssets": 2202000000, "accountsPayable": 448000000, "otherCurrentLiab": 7400000, "otherLiab": 5000000, "totalCurrentLiabilities": 1479400000, "totalLiab": 1484400000, "commonStock": 103300000, "retainedEarnings": 617900000, "treasuryStock": -3600000, "otherStockholderEquity": -3600000, "totalStockholderEquity": 717600000, "netTangibleAssets": 714400000}, {"maxAge": 1, "endDate": "2019-03-31", "cash": 28700000, "shortTermInvestments": 1100000, "netReceivables": 1296200000, "inventory": 491000000, "otherCurrentAssets": 8000000, "totalCurrentAssets": 1835000000, "longTermInvestments": 200000, "propertyPlantEquipment": 829400000, "intangibleAssets": 4000000, "otherAssets": 77400000, "deferredLongTermAssetCharges": 7500000, "totalAssets": 2746000000, "accountsPayable": 437600000, "otherCurrentLiab": 39700000, "otherLiab": 3500000, "totalCurrentLiabilities": 1926700000, "totalLiab": 1930200000, "commonStock": 103300000, "retainedEarnings": 716500000, "treasuryStock": -4000000, "otherStockholderEquity": -4000000, "totalStockholderEquity": 815800000, "netTangibleAssets": 811800000}, {"maxAge": 1, "endDate": "2018-03-31", "cash": 33600000, "netReceivables": 1156300000, "inventory": 598000000, "otherCurrentAssets": 4900000, "totalCurrentAssets": 1795400000, "longTermInvestments": 200000, "propertyPlantEquipment": 585800000, "intangibleAssets": 2500000, "otherAssets": 87700000, "totalAssets": 2471600000, "accountsPayable": 634200000, "otherCurrentLiab": 199400000, "otherLiab": 29000000, "totalCurrentLiabilities": 1631800000, "totalLiab": 1660800000, "commonStock": 103300000, "retainedEarnings": 707500000, "totalStockholderEquity": 810800000, "netTangibleAssets": 808300000}, {"maxAge": 1, "endDate": "2017-03-31", "cash": 35883000, "netReceivables": 603528000, "inventory": 265188000, "otherCurrentAssets": 34542000, "totalCurrentAssets": 941854000, "longTermInvestments": 188000, "propertyPlantEquipment": 374579000, "intangibleAssets": 1921000, "otherAssets": 21759000, "totalAssets": 1340301000, "accountsPayable": 259925000, "otherCurrentLiab": 156846000, "otherLiab": 22579000, "totalCurrentLiabilities": 585864000, "totalLiab": 608443000, "commonStock": 103263000, "retainedEarnings": 628595000, "totalStockholderEquity": 731858000, "netTangibleAssets": 729937000}], "maxAge": 86400}, "earningsTrend": {"trend": [{"maxAge": 1, "period": "0q", "endDate": "2017-12-31", "growth": {}, "earningsEstimate": {"avg": 0.0, "low": 0.0, "high": 0.0, "yearAgoEps": {}, "numberOfAnalysts": 0, "growth": {}}, "revenueEstimate": {"avg": 727900000, "low": 0, "high": 0, "numberOfAnalysts": 0, "yearAgoRevenue": {}, "growth": {}}, "epsTrend": {"current": 0.0, "7daysAgo": 0.0, "30daysAgo": 0.0, "60daysAgo": 0.0, "90daysAgo": 0.0}, "epsRevisions": {"upLast7days": 0, "upLast30days": 0, "downLast30days": 0, "downLast90days": {}}}, {"maxAge": 1, "period": "+1q", "endDate": "2018-03-31", "growth": {}, "earningsEstimate": {"avg": 0.0, "low": 0.0, "high": 0.0, "yearAgoEps": {}, "numberOfAnalysts": 0, "growth": {}}, "revenueEstimate": {"avg": 878400000, "low": 0, "high": 0, "numberOfAnalysts": 0, "yearAgoRevenue": 421951000, "growth": 1.082}, "epsTrend": {"current": 0.0, "7daysAgo": 0.0, "30daysAgo": 0.0, "60daysAgo": 0.0, "90daysAgo": 0.0}, "epsRevisions": {"upLast7days": 0, "upLast30days": 0, "downLast30days": 0, "downLast90days": {}}}, {"maxAge": 1, "period": "0y", "endDate": "2018-03-31", "growth": {}, "earningsEstimate": {"avg": 0.0, "low": 0.0, "high": 0.0, "yearAgoEps": {}, "numberOfAnalysts": 0, "growth": {}}, "revenueEstimate": {"avg": 2769100000, "low": 1785960000, "high": 1785960000, "numberOfAnalysts": 1, "yearAgoRevenue": 1623600000, "growth": 0.706}, "epsTrend": {"current": 0.0, "7daysAgo": 11.43, "30daysAgo": 11.43, "60daysAgo": 11.43, "90daysAgo": 11.43}, "epsRevisions": {"upLast7days": 0, "upLast30days": 0, "downLast30days": 0, "downLast90days": {}}}, {"maxAge": 1, "period": "+1y", "endDate": "2019-03-31", "growth": {}, "earningsEstimate": {"avg": 0.0, "low": 0.0, "high": 0.0, "yearAgoEps": {}, "numberOfAnalysts": 0, "growth": {}}, "revenueEstimate": {"avg": 1946700000, "low": 1946700000, "high": 1946700000, "numberOfAnalysts": 1, "yearAgoRevenue": 2769100000, "growth": -0.29700002}, "epsTrend": {"current": 0.0, "7daysAgo": 12.94, "30daysAgo": 12.94, "60daysAgo": 12.94, "90daysAgo": 12.94}, "epsRevisions": {"upLast7days": 0, "upLast30days": 0, "downLast30days": 0, "downLast90days": {}}}, {"maxAge": 1, "period": "+5y", "endDate": null, "growth": {}, "earningsEstimate": {"avg": {}, "low": {}, "high": {}, "yearAgoEps": {}, "numberOfAnalysts": {}, "growth": {}}, "revenueEstimate": {"avg": {}, "low": {}, "high": {}, "numberOfAnalysts": {}, "yearAgoRevenue": {}, "growth": {}}, "epsTrend": {"current": {}, "7daysAgo": {}, "30daysAgo": {}, "60daysAgo": {}, "90daysAgo": {}}, "epsRevisions": {"upLast7days": {}, "upLast30days": {}, "downLast30days": {}, "downLast90days": {}}}, {"maxAge": 1, "period": "-5y", "endDate": null, "growth": {}, "earningsEstimate": {"avg": {}, "low": {}, "high": {}, "yearAgoEps": {}, "numberOfAnalysts": {}, "growth": {}}, "revenueEstimate": {"avg": {}, "low": {}, "high": {}, "numberOfAnalysts": {}, "yearAgoRevenue": {}, "growth": {}}, "epsTrend": {"current": {}, "7daysAgo": {}, "30daysAgo": {}, "60daysAgo": {}, "90daysAgo": {}}, "epsRevisions": {"upLast7days": {}, "upLast30days": {}, "downLast30days": {}, "downLast90days": {}}}], "maxAge": 1}, "institutionOwnership": {"maxAge": 1, "ownershipList": []}, "majorHoldersBreakdown": {"maxAge": 1, "insidersPercentHeld": 0.7561, "institutionsPercentHeld": 0.0, "institutionsFloatPercentHeld": 0.0, "institutionsCount": 0}, "balanceSheetHistoryQuarterly": {"balanceSheetStatements": [{"maxAge": 1, "endDate": "2020-12-31", "totalStockholderEquity": 682200000, "netTangibleAssets": 679500000}, {"maxAge": 1, "endDate": "2020-09-30", "cash": 29500000, "shortTermInvestments": 1400000, "netReceivables": 816100000, "inventory": 387800000, "otherCurrentAssets": 24500000, "totalCurrentAssets": 1259300000, "longTermInvestments": 3400000, "propertyPlantEquipment": 790700000, "intangibleAssets": 2700000, "otherAssets": 127500000, "deferredLongTermAssetCharges": 68400000, "totalAssets": 2183600000, "accountsPayable": 461100000, "otherCurrentLiab": 46800000, "otherLiab": 6300000, "totalCurrentLiabilities": 1495100000, "totalLiab": 1501400000, "commonStock": 103300000, "treasuryStock": 578900000, "otherStockholderEquity": 578900000, "totalStockholderEquity": 682200000, "netTangibleAssets": 679500000}, {"maxAge": 1, "endDate": "2020-06-30", "totalStockholderEquity": 717600000, "netTangibleAssets": 714400000}, {"maxAge": 1, "endDate": "2020-03-31", "cash": 2600000, "netReceivables": 938000000, "inventory": 304800000, "otherCurrentAssets": 18200000, "totalCurrentAssets": 1272000000, "longTermInvestments": 200000, "propertyPlantEquipment": 815300000, "intangibleAssets": 3200000, "otherAssets": 111300000, "deferredLongTermAssetCharges": 49700000, "totalAssets": 2202000000, "accountsPayable": 448000000, "otherCurrentLiab": 7400000, "otherLiab": 5000000, "totalCurrentLiabilities": 1479400000, "totalLiab": 1484400000, "commonStock": 103300000, "retainedEarnings": 617900000, "treasuryStock": -3600000, "otherStockholderEquity": -3600000, "totalStockholderEquity": 717600000, "netTangibleAssets": 714400000}], "maxAge": 86400}, "earningsHistory": {"history": [{"maxAge": 1, "epsActual": {}, "epsEstimate": {}, "epsDifference": {}, "surprisePercent": {}, "quarter": {}, "period": "-4q"}, {"maxAge": 1, "epsActual": {}, "epsEstimate": {}, "epsDifference": {}, "surprisePercent": {}, "quarter": {}, "period": "-3q"}, {"maxAge": 1, "epsActual": {}, "epsEstimate": {}, "epsDifference": {}, "surprisePercent": {}, "quarter": {}, "period": "-2q"}, {"maxAge": 1, "epsActual": 2.66, "epsEstimate": 2.82, "epsDifference": -0.16, "surprisePercent": -0.056999996, "quarter": "2017-09-30", "period": "-1q"}], "maxAge": 86400}, "summaryProfile": {"address1": "Shashikant Narayan Redij Marg", "address2": "Ghorupdeo", "city": "Mumbai", "zip": "400033", "country": "India", "phone": "91 22 2378 7300", "website": "http://www.ivpindia.com", "industry": "Specialty Chemicals", "sector": "Basic Materials", "longBusinessSummary": "IVP Limited manufactures and sells foundry chemicals in India. The company offers resins/binders, foundry coatings, and other allied products used in various fields, such as foundry, composites, insulation, and refractory, as well as ferrous and non-ferrous foundries. It also provides polyurethane systems for use in the manufacture of shoe soles, including unit soles, safety shoes, and chappals; and composite, insulation, and refractory resins. In addition, the company exports its products. IVP Limited was founded in 1929 and is headquartered in Mumbai, India.", "fullTimeEmployees": 190, "companyOfficers": [], "maxAge": 86400}, "netSharePurchaseActivity": {"maxAge": 1, "period": "6m", "buyInfoCount": 0, "buyInfoShares": 0, "sellInfoCount": 0, "netInfoCount": 0, "netInfoShares": 0, "netPercentInsiderShares": 0.0, "totalInsiderShares": 7813033}, "insiderTransactions": {"transactions": [{"maxAge": 1, "shares": 47079, "value": 74493, "filerUrl": "", "transactionText": "Purchase at price 1.58 per share.", "filerName": "Allana Pharmachem Ltd", "filerRelation": "Promoter", "moneyText": "", "startDate": "2021-03-23", "ownership": "D"}, {"maxAge": 1, "shares": 882946, "filerUrl": "", "transactionText": "", "filerName": "Allana Exports Ltd", "filerRelation": "Promoter", "moneyText": "", "startDate": "2019-12-18", "ownership": "D"}, {"maxAge": 1, "shares": 882946, "filerUrl": "", "transactionText": "", "filerName": "Phoenicia Shipping Co Ltd", "filerRelation": "Promoter", "moneyText": "", "startDate": "2019-12-18", "ownership": "D"}], "maxAge": 1}, "sectorTrend": {"maxAge": 1, "symbol": null, "estimates": []}, "incomeStatementHistoryQuarterly": {"incomeStatementHistory": [{"maxAge": 1, "endDate": "2020-12-31", "totalRevenue": 902300000, "costOfRevenue": 683100000, "grossProfit": 219200000, "researchDevelopment": {}, "sellingGeneralAdministrative": 37100000, "nonRecurring": {}, "otherOperatingExpenses": 93700000, "totalOperatingExpenses": 826700000, "operatingIncome": 75600000, "totalOtherIncomeExpenseNet": -9300000, "ebit": 75600000, "interestExpense": -15900000, "incomeBeforeTax": 66300000, "incomeTaxExpense": 22900000, "minorityInterest": {}, "netIncomeFromContinuingOps": 43400000, "discontinuedOperations": {}, "extraordinaryItems": {}, "effectOfAccountingCharges": {}, "otherItems": {}, "netIncome": 43400000, "netIncomeApplicableToCommonShares": 43400000}, {"maxAge": 1, "endDate": "2020-09-30", "totalRevenue": 609300000, "costOfRevenue": 453700000, "grossProfit": 155600000, "researchDevelopment": {}, "sellingGeneralAdministrative": 35700000, "nonRecurring": {}, "otherOperatingExpenses": 89900000, "totalOperatingExpenses": 592000000, "operatingIncome": 17300000, "totalOtherIncomeExpenseNet": -11600000, "ebit": 17300000, "interestExpense": -17900000, "incomeBeforeTax": 5700000, "incomeTaxExpense": 2100000, "minorityInterest": {}, "netIncomeFromContinuingOps": 3600000, "discontinuedOperations": {}, "extraordinaryItems": {}, "effectOfAccountingCharges": {}, "otherItems": {}, "netIncome": 3600000, "netIncomeApplicableToCommonShares": 3600000}, {"maxAge": 1, "endDate": "2020-06-30", "totalRevenue": 204700000, "costOfRevenue": 154200000, "grossProfit": 50500000, "researchDevelopment": {}, "sellingGeneralAdministrative": 36400000, "nonRecurring": {}, "otherOperatingExpenses": 48000000, "totalOperatingExpenses": 251300000, "operatingIncome": -46600000, "totalOtherIncomeExpenseNet": -13700000, "ebit": -46600000, "interestExpense": -18400000, "incomeBeforeTax": -60300000, "incomeTaxExpense": -21000000, "minorityInterest": {}, "netIncomeFromContinuingOps": -39300000, "discontinuedOperations": {}, "extraordinaryItems": {}, "effectOfAccountingCharges": {}, "otherItems": {}, "netIncome": -39300000, "netIncomeApplicableToCommonShares": -39300000}, {"maxAge": 1, "endDate": "2020-03-31", "totalRevenue": 563600000, "costOfRevenue": 451300000, "grossProfit": 112300000, "researchDevelopment": {}, "sellingGeneralAdministrative": 41400000, "nonRecurring": {}, "otherOperatingExpenses": 61100000, "totalOperatingExpenses": 568300000, "operatingIncome": -4700000, "totalOtherIncomeExpenseNet": -22200000, "ebit": -4700000, "interestExpense": -18300000, "incomeBeforeTax": -26900000, "incomeTaxExpense": -8300000, "minorityInterest": {}, "netIncomeFromContinuingOps": -18600000, "discontinuedOperations": {}, "extraordinaryItems": {}, "effectOfAccountingCharges": {}, "otherItems": {}, "netIncome": -18600000, "netIncomeApplicableToCommonShares": -18600000}], "maxAge": 86400}, "cashflowStatementHistoryQuarterly": {"cashflowStatements": [{"maxAge": 1, "endDate": "2020-12-31", "netIncome": 43400000, "changeToLiabilities": 0}, {"maxAge": 1, "endDate": "2020-09-30", "netIncome": 3600000, "changeToLiabilities": 0}, {"maxAge": 1, "endDate": "2020-06-30", "netIncome": -39300000, "changeToLiabilities": 0}, {"maxAge": 1, "endDate": "2020-03-31", "netIncome": -18600000, "changeToLiabilities": 0}], "maxAge": 86400}, "earnings": {"maxAge": 86400, "earningsChart": {"quarterly": [{"date": "3Q2017", "actual": 2.66, "estimate": 2.82}], "currentQuarterEstimateDate": "4Q", "currentQuarterEstimateYear": 2017, "earningsDate": ["2021-02-11 05:30:S"]}, "financialsChart": {"yearly": [{"date": 2017, "revenue": 1615038000, "earnings": 108077000}, {"date": 2018, "revenue": 2700800000, "earnings": 103900000}, {"date": 2019, "revenue": 3198800000, "earnings": 33800000}, {"date": 2020, "revenue": 2287600000, "earnings": -86200000}], "quarterly": [{"date": "1Q2020", "revenue": 563600000, "earnings": -18600000}, {"date": "2Q2020", "revenue": 204700000, "earnings": -39300000}, {"date": "3Q2020", "revenue": 609300000, "earnings": 3600000}, {"date": "4Q2020", "revenue": 902300000, "earnings": 43400000}]}, "financialCurrency": "INR"}, "financialData": {"maxAge": 86400, "currentPrice": 115.9, "recommendationKey": "none", "totalCash": 30900000, "totalCashPerShare": 2.99, "ebitda": 104400000, "totalDebt": 987200000, "totalRevenue": 2279899904, "debtToEquity": 144.708, "revenuePerShare": 221.91, "grossProfits": 472500000, "revenueGrowth": 0.827, "grossMargins": 0.23584, "ebitdaMargins": 0.04579, "operatingMargins": 0.01833, "profitMargins": -0.00478, "financialCurrency": "INR"}}}