{"J&KBANK.BO": {"assetProfile": {"address1": "M. A. Road", "city": "Srinagar", "zip": "190001", "country": "India", "phone": "91 19 4248 3775", "fax": "91 19 4248 1928", "website": "http://www.jkbank.com", "industry": "Banks\u2014Regional", "sector": "Financial Services", "longBusinessSummary": "The Jammu and Kashmir Bank Limited provides various banking products and services for household, and small and medium enterprises in India. It operates through Treasury, Corporate/Wholesale Banking, Retail Banking, and Other Banking Business segments. The company offers various accounts, such as savings, salary, pension, and current accounts; and term deposits. It also offers housing, consumer, education, term, car, coaching fee, and skill loans; and Saholiat/Saral, laptop/PC, smartphone, primary education, modular kitchen, and two-wheeler finance, as well as festival advance and cash credit schemes, and loan against gold. In addition, the company provides finance for commercial vehicles, school buses, passenger buses/mini buses, craft development, craftsmen livelihood, handicrafts, commercial premises, contractor, mini sheep farm establishment, construction equipment, small businessmen, and tourism; mortgage loans for trade and service sector, loans against mortgage of immovable property, fair price shop scheme, and all-terrain vehicles/snowmobile finance scheme; and agricultural loans. Further, it offers mutual funds, life and non-life insurance products, and nonresident banking services; and Internet and mobile banking, ATM, as well as debit, credit, and prepaid cards. As of March 31, 2020, The Jammu and Kashmir Bank Limited operated 955 branches in 17 states and 4 union territories; and 1354 ATM's. The company was founded in 1938 and is headquartered in Srinagar, India.", "companyOfficers": [{"maxAge": 1, "name": "Mr. Rajesh Kumar Chhibber", "age": 59, "title": "Chairman & MD", "yearBorn": 1960, "exercisedValue": 0, "unexercisedValue": 0}, {"maxAge": 1, "name": "Ms. Rajni  Saraf", "age": 56, "title": "Pres & CFO", "yearBorn": 1963, "fiscalYear": 2020, "totalPay": 2091022, "exercisedValue": 0, "unexercisedValue": 0}, {"maxAge": 1, "name": "Mr. Mohammad Shafi Mir FCS", "title": "Compliance Officer & Company Sec.", "fiscalYear": 2020, "totalPay": 1673000, "exercisedValue": 0, "unexercisedValue": 0}, {"maxAge": 1, "name": "Mr. Arun  Gandotra", "age": 57, "title": "Exec. Pres", "yearBorn": 1962, "exercisedValue": 0, "unexercisedValue": 0}, {"maxAge": 1, "name": "Mr. Ghulam Nabi Teli", "age": 57, "title": "Exec. Pres", "yearBorn": 1962, "exercisedValue": 0, "unexercisedValue": 0}, {"maxAge": 1, "name": "Abdul Rashid Sheigan", "age": 60, "title": "Exec. Pres", "yearBorn": 1959, "fiscalYear": 2019, "exercisedValue": 0, "unexercisedValue": 0}, {"maxAge": 1, "name": "Mr. Sunil  Gupta", "age": 56, "title": "Exec. Pres", "yearBorn": 1963, "fiscalYear": 2019, "exercisedValue": 0, "unexercisedValue": 0}, {"maxAge": 1, "name": "Mr. Chetan  Paljor", "title": "Pres", "exercisedValue": 0, "unexercisedValue": 0}, {"maxAge": 1, "name": "Mr. Ashraf Ali Malik", "title": "Pres", "exercisedValue": 0, "unexercisedValue": 0}, {"maxAge": 1, "name": "Ms. Tabasum  Nazir", "title": "VP & Chief Risk Office", "exercisedValue": 0, "unexercisedValue": 0}], "compensationAsOfEpochDate": "2020-12-31 05:30:00", "maxAge": 86400}, "recommendationTrend": {"trend": [{"period": "0m", "strongBuy": 0, "buy": 0, "hold": 0, "sell": 0, "strongSell": 0}, {"period": "-1m", "strongBuy": 0, "buy": 0, "hold": 0, "sell": 0, "strongSell": 0}, {"period": "-2m", "strongBuy": 0, "buy": 0, "hold": 0, "sell": 0, "strongSell": 0}, {"period": "-3m", "strongBuy": 0, "buy": 0, "hold": 0, "sell": 0, "strongSell": 0}], "maxAge": 86400}, "cashflowStatementHistory": {"cashflowStatements": [{"maxAge": 1, "endDate": "2017-03-31", "netIncome": -16329931000, "depreciation": 819246000, "changeToNetincome": 29095981000, "changeToLiabilities": 0, "changeToOperatingActivities": -19815940000, "totalCashFromOperatingActivities": -6230644000, "capitalExpenditures": -8613548000, "totalCashflowsFromInvestingActivities": -8613548000, "dividendsPaid": -848362000, "netBorrowings": 5000000000, "otherCashflowsFromFinancingActivities": 30078511000, "totalCashFromFinancingActivities": 36730149000, "changeInCash": 21885957000}, {"maxAge": 1, "endDate": "2016-03-31", "netIncome": 4138405000, "depreciation": 611435000, "changeToNetincome": 9118429000, "changeToLiabilities": 0, "changeToOperatingActivities": -52484213000, "totalCashFromOperatingActivities": -38615944000, "capitalExpenditures": -1358411000, "totalCashflowsFromInvestingActivities": -1358411000, "dividendsPaid": -1221539000, "netBorrowings": 5000000000, "otherCashflowsFromFinancingActivities": 35886449000, "totalCashFromFinancingActivities": 34664910000, "changeInCash": -5309445000}, {"maxAge": 1, "endDate": "2015-03-31", "netIncome": 5084802000, "depreciation": 949841000, "changeToNetincome": 10403971000, "changeToLiabilities": 0, "changeToOperatingActivities": 20663782000, "totalCashFromOperatingActivities": 37102448000, "capitalExpenditures": -2492650000, "totalCashflowsFromInvestingActivities": -2609327000, "dividendsPaid": -2835830000, "netBorrowings": 5000000000, "otherCashflowsFromFinancingActivities": -36461830000, "totalCashFromFinancingActivities": -39297660000, "changeInCash": -4804539000}, {"maxAge": 1, "endDate": "2014-03-31", "netIncome": 11810798000, "depreciation": 781833000, "changeToNetincome": 1620726000, "changeToLiabilities": 0, "changeToOperatingActivities": -72202370000, "totalCashFromOperatingActivities": -57988962000, "capitalExpenditures": -1566066000, "totalCashflowsFromInvestingActivities": -1685066000, "dividendsPaid": -2835830000, "netBorrowings": 5000000000, "otherCashflowsFromFinancingActivities": 50621647000, "totalCashFromFinancingActivities": 47785817000, "changeInCash": -11888211000}], "maxAge": 86400}, "indexTrend": {"maxAge": 1, "symbol": "SP5", "peRatio": 19.7411, "pegRatio": 1.34172, "estimates": [{"period": "0q", "growth": 0.549}, {"period": "+1q", "growth": 0.431}, {"period": "0y", "growth": 0.305}, {"period": "+1y", "growth": 0.109}, {"period": "+5y", "growth": 0.120865}, {"period": "-5y"}]}, "defaultKeyStatistics": {"maxAge": 1, "priceHint": 2, "enterpriseValue": -67324907520, "profitMargins": -0.74401003, "floatShares": 226318694, "sharesOutstanding": 556857984, "heldPercentInsiders": 0.72023004, "heldPercentInstitutions": 0.12979001, "beta": 1.004093, "category": null, "fundFamily": null, "legalType": null, "lastFiscalYearEnd": "2020-03-31 05:30:00", "nextFiscalYearEnd": "2022-03-31 05:30:00", "mostRecentQuarter": "2020-03-31 05:30:00", "netIncomeToCommon": -11833853952, "lastSplitFactor": "10:1", "lastSplitDate": "2014-09-04 05:30:00", "enterpriseToRevenue": -4.233}, "industryTrend": {"maxAge": 1, "symbol": null, "estimates": []}, "quoteType": {"exchange": "BSE", "quoteType": "EQUITY", "symbol": "J&KBANK.BO", "underlyingSymbol": "J&KBANK.BO", "shortName": "JAMMU & KASHMIR BANK LTD.", "longName": "The Jammu and Kashmir Bank Limited", "firstTradeDateEpochUtc": "2000-01-03 09:15:00", "timeZoneFullName": "Asia/Kolkata", "timeZoneShortName": "IST", "uuid": "dcd99e9f-6baf-31c1-bcc9-38c17825304c", "gmtOffSetMilliseconds": 19800000, "maxAge": 1}, "incomeStatementHistory": {"incomeStatementHistory": [{"maxAge": 1, "endDate": "2017-03-31", "totalRevenue": 2097573000, "costOfRevenue": 0, "grossProfit": 2097573000, "researchDevelopment": {}, "sellingGeneralAdministrative": 14275859000, "nonRecurring": {}, "otherOperatingExpenses": 2888445000, "totalOperatingExpenses": 17164304000, "operatingIncome": -15066731000, "totalOtherIncomeExpenseNet": 0, "ebit": 0, "interestExpense": {}, "incomeBeforeTax": -15066731000, "incomeTaxExpense": 1263200000, "minorityInterest": {}, "netIncomeFromContinuingOps": -16329931000, "discontinuedOperations": {}, "extraordinaryItems": {}, "effectOfAccountingCharges": {}, "otherItems": {}, "netIncome": -16329931000, "netIncomeApplicableToCommonShares": -16329931000}, {"maxAge": 1, "endDate": "2016-03-31", "totalRevenue": 22438507000, "costOfRevenue": 0, "grossProfit": 22438507000, "researchDevelopment": {}, "sellingGeneralAdministrative": 12830359000, "nonRecurring": {}, "otherOperatingExpenses": 2713243000, "totalOperatingExpenses": 15543602000, "operatingIncome": 6894905000, "totalOtherIncomeExpenseNet": 0, "ebit": 0, "interestExpense": {}, "incomeBeforeTax": 6894905000, "incomeTaxExpense": 2756500000, "minorityInterest": {}, "netIncomeFromContinuingOps": 4138405000, "discontinuedOperations": {}, "extraordinaryItems": {}, "effectOfAccountingCharges": {}, "otherItems": {}, "netIncome": 4138405000, "netIncomeApplicableToCommonShares": 4138405000}, {"maxAge": 1, "endDate": "2015-03-31", "totalRevenue": 22360279000, "costOfRevenue": 0, "grossProfit": 22360279000, "researchDevelopment": {}, "sellingGeneralAdministrative": 11691211000, "nonRecurring": {}, "otherOperatingExpenses": 2468066000, "totalOperatingExpenses": 14159277000, "operatingIncome": 8201002000, "totalOtherIncomeExpenseNet": 0, "ebit": 0, "interestExpense": {}, "incomeBeforeTax": 8201002000, "incomeTaxExpense": 3116200000, "minorityInterest": {}, "netIncomeFromContinuingOps": 5084802000, "discontinuedOperations": {}, "extraordinaryItems": {}, "effectOfAccountingCharges": {}, "otherItems": {}, "netIncome": 5084802000, "netIncomeApplicableToCommonShares": 5084802000}, {"maxAge": 1, "endDate": "2014-03-31", "totalRevenue": 23617053000, "costOfRevenue": 0, "grossProfit": 23617053000, "researchDevelopment": {}, "sellingGeneralAdministrative": 9859609000, "nonRecurring": {}, "otherOperatingExpenses": 1946646000, "totalOperatingExpenses": 11806255000, "operatingIncome": 11810798000, "totalOtherIncomeExpenseNet": 0, "ebit": 0, "interestExpense": {}, "incomeBeforeTax": 11810798000, "incomeTaxExpense": 0, "minorityInterest": {}, "netIncomeFromContinuingOps": 11810798000, "discontinuedOperations": {}, "extraordinaryItems": {}, "effectOfAccountingCharges": {}, "otherItems": {}, "netIncome": 11810798000, "netIncomeApplicableToCommonShares": 11810798000}], "maxAge": 86400}, "fundOwnership": {"ownershipList": [], "maxAge": 1}, "summaryDetail": {"maxAge": 1, "priceHint": 2, "previousClose": 23.95, "open": 23.85, "dayLow": 23.65, "dayHigh": 24.0, "regularMarketPreviousClose": 23.95, "regularMarketOpen": 23.85, "regularMarketDayLow": 23.65, "regularMarketDayHigh": 24.0, "exDividendDate": "2016-07-11 05:30:00", "payoutRatio": 0.0, "beta": 1.004093, "volume": 250708, "regularMarketVolume": 250708, "averageVolume": 995221, "averageVolume10days": 269172, "averageDailyVolume10Day": 269172, "bid": 23.8, "ask": 23.85, "bidSize": 0, "askSize": 0, "marketCap": 13253219328, "fiftyTwoWeekLow": 11.05, "fiftyTwoWeekHigh": 31.75, "priceToSalesTrailing12Months": 0.83324945, "fiftyDayAverage": 25.791515, "twoHundredDayAverage": 19.390882, "currency": "INR", "fromCurrency": null, "lastMarket": null, "algorithm": null, "tradeable": false}, "insiderHolders": {"holders": [], "maxAge": 1}, "calendarEvents": {"maxAge": 1, "earnings": {"earningsDate": []}, "exDividendDate": "2016-07-11 05:30:00"}, "price": {"maxAge": 1, "regularMarketChangePercent": -0.0062631117, "regularMarketChange": -0.15000153, "regularMarketTime": "2021-04-30 15:41:51", "priceHint": 2, "regularMarketPrice": 23.8, "regularMarketDayHigh": 24.0, "regularMarketDayLow": 23.65, "regularMarketVolume": 250708, "averageDailyVolume10Day": 269172, "averageDailyVolume3Month": 995221, "regularMarketPreviousClose": 23.95, "regularMarketSource": "FREE_REALTIME", "regularMarketOpen": 23.85, "exchange": "BSE", "exchangeName": "BSE", "exchangeDataDelayedBy": 0, "marketState": "CLOSED", "quoteType": "EQUITY", "symbol": "J&KBANK.BO", "underlyingSymbol": null, "shortName": "JAMMU & KASHMIR BANK LTD.", "longName": "The Jammu and Kashmir Bank Limited", "currency": "INR", "quoteSourceName": "Delayed Quote", "currencySymbol": "\u20b9", "fromCurrency": null, "lastMarket": null, "marketCap": 13253219328}, "balanceSheetHistory": {"balanceSheetStatements": [{"maxAge": 1, "endDate": "2017-03-31", "cash": 20672747000, "shortTermInvestments": 30108844000, "otherCurrentAssets": 41501813000, "totalCurrentAssets": 92283404000, "longTermInvestments": 182600048000, "propertyPlantEquipment": 15436915000, "otherAssets": 529800932000, "totalAssets": 820121299000, "accountsPayable": 724589734000, "shortLongTermDebt": 12760488000, "otherCurrentLiab": 2523268000, "longTermDebt": 11327188000, "otherLiab": 23219364000, "totalCurrentLiabilities": 728845833000, "totalLiab": 763392385000, "commonStock": 521333000, "retainedEarnings": 45819620000, "treasuryStock": 7056725000, "capitalSurplus": 3331236000, "otherStockholderEquity": 7056725000, "totalStockholderEquity": 56728914000, "netTangibleAssets": 56728914000}, {"maxAge": 1, "endDate": "2016-03-31", "cash": 3553914000, "shortTermInvestments": 42784485000, "otherCurrentAssets": 36604857000, "totalCurrentAssets": 82943256000, "longTermInvestments": 160551700000, "propertyPlantEquipment": 7642573000, "otherAssets": 551397804000, "totalAssets": 802535333000, "accountsPayable": 693788086000, "shortLongTermDebt": 22400001000, "otherCurrentLiab": 2861091000, "longTermDebt": 22400001000, "otherLiab": 18918511000, "totalCurrentLiabilities": 697008263000, "totalLiab": 738326775000, "commonStock": 484778000, "retainedEarnings": 61956691000, "treasuryStock": 899298000, "capitalSurplus": 867791000, "otherStockholderEquity": 899298000, "totalStockholderEquity": 64208558000, "netTangibleAssets": 64208558000}, {"maxAge": 1, "endDate": "2015-03-31", "cash": 16314729000, "shortTermInvestments": 70356649000, "otherCurrentAssets": 28052014000, "totalCurrentAssets": 114723392000, "longTermInvestments": 157039281000, "propertyPlantEquipment": 6895598000, "otherAssets": 480439650000, "totalAssets": 759097921000, "accountsPayable": 657361637000, "shortLongTermDebt": 23396667000, "otherCurrentLiab": 2393481000, "longTermDebt": 23396667000, "otherLiab": 13700436000, "totalCurrentLiabilities": 660916347000, "totalLiab": 698013450000, "commonStock": 484778000, "retainedEarnings": 58857188000, "treasuryStock": 874714000, "capitalSurplus": 867791000, "otherStockholderEquity": 874714000, "totalStockholderEquity": 61084471000, "netTangibleAssets": 61084471000}, {"maxAge": 1, "endDate": "2014-03-31", "cash": 14370170000, "shortTermInvestments": 65594063000, "otherCurrentAssets": 34837706000, "totalCurrentAssets": 114801939000, "longTermInvestments": 196256603000, "propertyPlantEquipment": 5351327000, "otherAssets": 469718246000, "totalAssets": 786128115000, "accountsPayable": 693283467000, "shortLongTermDebt": 17650000000, "otherCurrentLiab": 2733877000, "longTermDebt": 17650000000, "otherLiab": 13916623000, "totalCurrentLiabilities": 697340285000, "totalLiab": 728906908000, "commonStock": 484778000, "retainedEarnings": 55116905000, "treasuryStock": 751733000, "capitalSurplus": 867791000, "otherStockholderEquity": 751733000, "totalStockholderEquity": 57221207000, "netTangibleAssets": 57221207000}], "maxAge": 86400}, "earningsTrend": {"trend": [{"maxAge": 1, "period": "0q", "endDate": "2018-12-31", "growth": {}, "earningsEstimate": {"avg": 0.0, "low": 0.0, "high": 0.0, "yearAgoEps": 4.82, "numberOfAnalysts": 0, "growth": {}}, "revenueEstimate": {"avg": 0, "low": 0, "high": 0, "numberOfAnalysts": 0, "yearAgoRevenue": {}, "growth": {}}, "epsTrend": {"current": 0.0, "7daysAgo": 0.0, "30daysAgo": 0.0, "60daysAgo": 0.0, "90daysAgo": 0.0}, "epsRevisions": {"upLast7days": 0, "upLast30days": 0, "downLast30days": 0, "downLast90days": {}}}, {"maxAge": 1, "period": "+1q", "endDate": "2019-03-31", "growth": {}, "earningsEstimate": {"avg": 0.0, "low": 0.0, "high": 0.0, "yearAgoEps": 1.7, "numberOfAnalysts": 0, "growth": {}}, "revenueEstimate": {"avg": 0, "low": 0, "high": 0, "numberOfAnalysts": 0, "yearAgoRevenue": {}, "growth": {}}, "epsTrend": {"current": 0.0, "7daysAgo": 0.0, "30daysAgo": 0.0, "60daysAgo": 0.0, "90daysAgo": 0.0}, "epsRevisions": {"upLast7days": 0, "upLast30days": 0, "downLast30days": 0, "downLast90days": {}}}, {"maxAge": 1, "period": "0y", "endDate": "2019-03-31", "growth": {}, "earningsEstimate": {"avg": 0.0, "low": 0.0, "high": 0.0, "yearAgoEps": {}, "numberOfAnalysts": 0, "growth": {}}, "revenueEstimate": {"avg": 37085800000, "low": 36012000000, "high": 37952000000, "numberOfAnalysts": 7, "yearAgoRevenue": 33661000000, "growth": 0.102}, "epsTrend": {"current": 0.0, "7daysAgo": 5.06, "30daysAgo": 5.06, "60daysAgo": 5.06, "90daysAgo": 5.06}, "epsRevisions": {"upLast7days": 0, "upLast30days": 0, "downLast30days": 1, "downLast90days": {}}}, {"maxAge": 1, "period": "+1y", "endDate": "2020-03-31", "growth": {}, "earningsEstimate": {"avg": 0.0, "low": 0.0, "high": 0.0, "yearAgoEps": {}, "numberOfAnalysts": 0, "growth": {}}, "revenueEstimate": {"avg": 43959500000, "low": 41031000000, "high": 49603000000, "numberOfAnalysts": 7, "yearAgoRevenue": 37085800000, "growth": 0.185}, "epsTrend": {"current": 0.0, "7daysAgo": 10.47, "30daysAgo": 10.47, "60daysAgo": 10.47, "90daysAgo": 10.47}, "epsRevisions": {"upLast7days": 1, "upLast30days": 1, "downLast30days": 0, "downLast90days": {}}}, {"maxAge": 1, "period": "+5y", "endDate": null, "growth": 0.13270001, "earningsEstimate": {"avg": {}, "low": {}, "high": {}, "yearAgoEps": {}, "numberOfAnalysts": {}, "growth": {}}, "revenueEstimate": {"avg": {}, "low": {}, "high": {}, "numberOfAnalysts": {}, "yearAgoRevenue": {}, "growth": {}}, "epsTrend": {"current": {}, "7daysAgo": {}, "30daysAgo": {}, "60daysAgo": {}, "90daysAgo": {}}, "epsRevisions": {"upLast7days": {}, "upLast30days": {}, "downLast30days": {}, "downLast90days": {}}}, {"maxAge": 1, "period": "-5y", "endDate": null, "growth": {}, "earningsEstimate": {"avg": {}, "low": {}, "high": {}, "yearAgoEps": {}, "numberOfAnalysts": {}, "growth": {}}, "revenueEstimate": {"avg": {}, "low": {}, "high": {}, "numberOfAnalysts": {}, "yearAgoRevenue": {}, "growth": {}}, "epsTrend": {"current": {}, "7daysAgo": {}, "30daysAgo": {}, "60daysAgo": {}, "90daysAgo": {}}, "epsRevisions": {"upLast7days": {}, "upLast30days": {}, "downLast30days": {}, "downLast90days": {}}}], "maxAge": 1}, "institutionOwnership": {"ownershipList": [], "maxAge": 1}, "majorHoldersBreakdown": {"maxAge": 1, "insidersPercentHeld": 0.72023004, "institutionsPercentHeld": 0.12979001, "institutionsFloatPercentHeld": 0.46390998, "institutionsCount": 26}, "balanceSheetHistoryQuarterly": {"balanceSheetStatements": [{"maxAge": 1, "endDate": "2009-03-31", "cash": 31238605000, "shortTermInvestments": 5005117000, "otherCurrentAssets": 24332924000, "totalCurrentAssets": 60576646000, "longTermInvestments": 102308230000, "propertyPlantEquipment": 1994143000, "otherAssets": 212003541000, "deferredLongTermAssetCharges": 96915000, "totalAssets": 376882560000, "accountsPayable": 329991036000, "shortLongTermDebt": 9966265000, "otherCurrentLiab": 3135491000, "longTermDebt": 9966265000, "otherLiab": 6588597000, "totalCurrentLiabilities": 334099201000, "totalLiab": 350654063000, "commonStock": 484778000, "retainedEarnings": 24244530000, "treasuryStock": 631398000, "capitalSurplus": 867791000, "otherStockholderEquity": 631398000, "totalStockholderEquity": 26228497000, "netTangibleAssets": 26228497000}, {"maxAge": 1, "endDate": "2008-12-31"}, {"maxAge": 1, "endDate": "2008-09-30"}, {"maxAge": 1, "endDate": "2008-06-30", "shortLongTermDebt": 7517861000, "totalStockholderEquity": 23089223000, "netTangibleAssets": 23089223000}], "maxAge": 86400}, "earningsHistory": {"history": [{"maxAge": 1, "epsActual": 4.82, "epsEstimate": 0.6, "epsDifference": 4.22, "surprisePercent": 7.033, "quarter": "2017-06-30", "period": "-4q"}, {"maxAge": 1, "epsActual": 1.7, "epsEstimate": 1.7, "epsDifference": 0.0, "surprisePercent": 0.0, "quarter": "2017-12-31", "period": "-3q"}, {"maxAge": 1, "epsActual": 2.04, "epsEstimate": 1.6, "epsDifference": 0.44, "surprisePercent": 0.275, "quarter": "2018-03-31", "period": "-2q"}, {"maxAge": 1, "epsActual": 1.68, "epsEstimate": 1.1, "epsDifference": 0.58, "surprisePercent": 0.527, "quarter": "2018-09-30", "period": "-1q"}], "maxAge": 86400}, "summaryProfile": {"address1": "M. A. Road", "city": "Srinagar", "zip": "190001", "country": "India", "phone": "91 19 4248 3775", "fax": "91 19 4248 1928", "website": "http://www.jkbank.com", "industry": "Banks\u2014Regional", "sector": "Financial Services", "longBusinessSummary": "The Jammu and Kashmir Bank Limited provides various banking products and services for household, and small and medium enterprises in India. It operates through Treasury, Corporate/Wholesale Banking, Retail Banking, and Other Banking Business segments. The company offers various accounts, such as savings, salary, pension, and current accounts; and term deposits. It also offers housing, consumer, education, term, car, coaching fee, and skill loans; and Saholiat/Saral, laptop/PC, smartphone, primary education, modular kitchen, and two-wheeler finance, as well as festival advance and cash credit schemes, and loan against gold. In addition, the company provides finance for commercial vehicles, school buses, passenger buses/mini buses, craft development, craftsmen livelihood, handicrafts, commercial premises, contractor, mini sheep farm establishment, construction equipment, small businessmen, and tourism; mortgage loans for trade and service sector, loans against mortgage of immovable property, fair price shop scheme, and all-terrain vehicles/snowmobile finance scheme; and agricultural loans. Further, it offers mutual funds, life and non-life insurance products, and nonresident banking services; and Internet and mobile banking, ATM, as well as debit, credit, and prepaid cards. As of March 31, 2020, The Jammu and Kashmir Bank Limited operated 955 branches in 17 states and 4 union territories; and 1354 ATM's. The company was founded in 1938 and is headquartered in Srinagar, India.", "companyOfficers": [], "maxAge": 86400}, "netSharePurchaseActivity": {"maxAge": 1, "period": "6m", "buyInfoCount": 0, "buyInfoShares": 0, "sellInfoCount": 0, "netInfoCount": 0, "netInfoShares": 0, "netPercentInsiderShares": 0.0, "totalInsiderShares": 514005792}, "sectorTrend": {"maxAge": 1, "symbol": null, "estimates": []}, "incomeStatementHistoryQuarterly": {"incomeStatementHistory": [{"maxAge": 1, "endDate": "2009-03-31", "totalRevenue": 2850661000, "costOfRevenue": 64532000, "grossProfit": 2786129000, "researchDevelopment": {}, "sellingGeneralAdministrative": 1855908000, "nonRecurring": {}, "otherOperatingExpenses": -600725000, "totalOperatingExpenses": 1319715000, "operatingIncome": 1530946000, "totalOtherIncomeExpenseNet": 0, "ebit": 0, "interestExpense": {}, "incomeBeforeTax": 1530946000, "incomeTaxExpense": 744300000, "minorityInterest": {}, "netIncomeFromContinuingOps": 786646000, "discontinuedOperations": {}, "extraordinaryItems": {}, "effectOfAccountingCharges": {}, "otherItems": {}, "netIncome": 786646000, "netIncomeApplicableToCommonShares": 786646000}, {"maxAge": 1, "endDate": "2008-12-31", "totalRevenue": 2894700000, "costOfRevenue": 0, "grossProfit": 2894700000, "researchDevelopment": {}, "sellingGeneralAdministrative": 676200000, "nonRecurring": {}, "otherOperatingExpenses": 468600000, "totalOperatingExpenses": 1144800000, "operatingIncome": 1749900000, "totalOtherIncomeExpenseNet": 0, "ebit": 0, "interestExpense": {}, "incomeBeforeTax": 1749900000, "incomeTaxExpense": 543200000, "minorityInterest": {}, "netIncomeFromContinuingOps": 1206700000, "discontinuedOperations": {}, "extraordinaryItems": {}, "effectOfAccountingCharges": {}, "otherItems": {}, "netIncome": 1206700000, "netIncomeApplicableToCommonShares": 1206700000}, {"maxAge": 1, "endDate": "2008-09-30", "totalRevenue": 2780900000, "costOfRevenue": 0, "grossProfit": 2780900000, "researchDevelopment": {}, "sellingGeneralAdministrative": 663900000, "nonRecurring": {}, "otherOperatingExpenses": 484000000, "totalOperatingExpenses": 1147900000, "operatingIncome": 1633000000, "totalOtherIncomeExpenseNet": 0, "ebit": 0, "interestExpense": {}, "incomeBeforeTax": 1633000000, "incomeTaxExpense": 473800000, "minorityInterest": {}, "netIncomeFromContinuingOps": 1159200000, "discontinuedOperations": {}, "extraordinaryItems": {}, "effectOfAccountingCharges": {}, "otherItems": {}, "netIncome": 1159200000, "netIncomeApplicableToCommonShares": 1159200000}, {"maxAge": 1, "endDate": "2008-06-30", "totalRevenue": 2496900000, "costOfRevenue": 0, "grossProfit": 2496900000, "researchDevelopment": {}, "sellingGeneralAdministrative": 684500000, "nonRecurring": {}, "otherOperatingExpenses": 411800000, "totalOperatingExpenses": 1096300000, "operatingIncome": 1400600000, "totalOtherIncomeExpenseNet": 0, "ebit": 0, "interestExpense": {}, "incomeBeforeTax": 1400600000, "incomeTaxExpense": 455000000, "minorityInterest": {}, "netIncomeFromContinuingOps": 945600000, "discontinuedOperations": {}, "extraordinaryItems": {}, "effectOfAccountingCharges": {}, "otherItems": {}, "netIncome": 945600000, "netIncomeApplicableToCommonShares": 945600000}], "maxAge": 86400}, "cashflowStatementHistoryQuarterly": {"cashflowStatements": [{"maxAge": 1, "endDate": "2009-03-31", "netIncome": 786646000, "changeToLiabilities": 0}, {"maxAge": 1, "endDate": "2008-12-31", "netIncome": 1206700000, "changeToLiabilities": 0}, {"maxAge": 1, "endDate": "2008-09-30", "netIncome": 1159200000, "changeToLiabilities": 0}, {"maxAge": 1, "endDate": "2008-06-30", "netIncome": 945600000, "changeToLiabilities": 0}], "maxAge": 86400}, "earnings": {"maxAge": 86400, "earningsChart": {"quarterly": [{"date": "2Q2017", "actual": 4.82, "estimate": 0.6}, {"date": "4Q2017", "actual": 1.7, "estimate": 1.7}, {"date": "1Q2018", "actual": 2.04, "estimate": 1.6}, {"date": "3Q2018", "actual": 1.68, "estimate": 1.1}], "currentQuarterEstimateDate": "4Q", "currentQuarterEstimateYear": 2018, "earningsDate": []}, "financialsChart": {"yearly": [{"date": 2014, "revenue": 23617053000, "earnings": 11810798000}, {"date": 2015, "revenue": 22360279000, "earnings": 5084802000}, {"date": 2016, "revenue": 22438507000, "earnings": 4138405000}, {"date": 2017, "revenue": 2097573000, "earnings": -16329931000}], "quarterly": [{"date": "2Q2008", "revenue": 2496900000, "earnings": 945600000}, {"date": "3Q2008", "revenue": 2780900000, "earnings": 1159200000}, {"date": "4Q2008", "revenue": 2894700000, "earnings": 1206700000}, {"date": "1Q2009", "revenue": 2850661000, "earnings": 786646000}]}, "financialCurrency": "INR"}, "financialData": {"maxAge": 86400, "currentPrice": 23.8, "targetHighPrice": 94.0, "targetLowPrice": 45.0, "targetMeanPrice": 69.13, "targetMedianPrice": 63.0, "recommendationKey": "none", "numberOfAnalystOpinions": 8, "totalCash": 97925996544, "totalCashPerShare": 137.215, "totalDebt": 20195799040, "totalRevenue": 15905464320, "revenuePerShare": 22.298, "returnOnAssets": -0.01126, "returnOnEquity": -0.18250999, "grossProfits": 2097573000, "operatingCashflow": -37750583296, "revenueGrowth": -0.492, "grossMargins": 0.0, "ebitdaMargins": 0.0, "operatingMargins": -0.71927, "profitMargins": -0.74401003, "financialCurrency": "INR"}}}