{"JAGANLAM.BO": {"cashflowStatementHistory": {"cashflowStatements": [{"maxAge": 1, "endDate": "2020-03-31", "netIncome": 16951000, "depreciation": 12046000, "changeToNetincome": 1830000, "changeToAccountReceivables": -3277000, "changeToLiabilities": -11832000, "changeToInventory": -15076000, "changeToOperatingActivities": 5446000, "totalCashFromOperatingActivities": 6101000, "capitalExpenditures": -654000, "investments": -40000, "otherCashflowsFromInvestingActivities": 47000, "totalCashflowsFromInvestingActivities": -647000, "netBorrowings": 531000, "otherCashflowsFromFinancingActivities": -230000, "totalCashFromFinancingActivities": 301000, "changeInCash": 5755000}, {"maxAge": 1, "endDate": "2019-03-31", "netIncome": 9672000, "depreciation": 12184000, "changeToNetincome": -409000, "changeToAccountReceivables": -9213000, "changeToLiabilities": 13060000, "changeToInventory": 2220000, "changeToOperatingActivities": -5450000, "totalCashFromOperatingActivities": 22064000, "capitalExpenditures": -1244000, "investments": -40000, "otherCashflowsFromInvestingActivities": 1000, "totalCashflowsFromInvestingActivities": -1243000, "netBorrowings": -17496000, "otherCashflowsFromFinancingActivities": -716000, "totalCashFromFinancingActivities": -18212000, "changeInCash": 2609000}, {"maxAge": 1, "endDate": "2018-03-31", "netIncome": 5102000, "depreciation": 11743000, "changeToNetincome": 2410000, "changeToAccountReceivables": -6420000, "changeToLiabilities": -8620000, "changeToInventory": -8800000, "changeToOperatingActivities": -14598000, "totalCashFromOperatingActivities": -19158000, "capitalExpenditures": -6353000, "investments": -40000, "otherCashflowsFromInvestingActivities": 7000, "totalCashflowsFromInvestingActivities": -5646000, "netBorrowings": 23093000, "otherCashflowsFromFinancingActivities": -220000, "totalCashFromFinancingActivities": 22873000, "changeInCash": -1931000}, {"maxAge": 1, "endDate": "2017-03-31", "netIncome": 5425314, "depreciation": 12341625, "changeToNetincome": 3331683, "changeToAccountReceivables": -909426, "changeToLiabilities": -21232794, "changeToInventory": 15792683, "changeToOperatingActivities": -14598000, "totalCashFromOperatingActivities": 14749085, "capitalExpenditures": -10980886, "investments": -40000, "otherCashflowsFromInvestingActivities": 1339, "totalCashflowsFromInvestingActivities": -10979547, "netBorrowings": -1062081, "otherCashflowsFromFinancingActivities": -677285, "totalCashFromFinancingActivities": -1739366, "changeInCash": 2030172}], "maxAge": 86400}, "institutionOwnership": {"maxAge": 1, "ownershipList": []}, "balanceSheetHistoryQuarterly": {"balanceSheetStatements": [{"maxAge": 1, "endDate": "2020-06-30", "totalStockholderEquity": 194867000, "netTangibleAssets": 194867000}, {"maxAge": 1, "endDate": "2020-03-31", "cash": 9052000, "shortTermInvestments": 40000, "netReceivables": 40600000, "inventory": 31082000, "otherCurrentAssets": 1525000, "totalCurrentAssets": 83118000, "propertyPlantEquipment": 193406000, "intangibleAssets": 99000, "otherAssets": 1207000, "totalAssets": 277830000, "accountsPayable": 41769000, "shortLongTermDebt": 1259000, "otherCurrentLiab": 7920000, "otherLiab": 14013000, "totalCurrentLiabilities": 68950000, "totalLiab": 82963000, "commonStock": 68895000, "retainedEarnings": 125972000, "totalStockholderEquity": 194867000, "netTangibleAssets": 194768000}, {"maxAge": 1, "endDate": "2019-12-31", "totalStockholderEquity": 186333000, "netTangibleAssets": 186333000}, {"maxAge": 1, "endDate": "2019-09-30", "cash": 1064000, "shortTermInvestments": 71000, "netReceivables": 41511000, "inventory": 33701000, "otherCurrentAssets": 11375000, "totalCurrentAssets": 87722000, "propertyPlantEquipment": 199131000, "otherAssets": 6356000, "totalAssets": 293209000, "accountsPayable": 60201000, "otherCurrentLiab": 17934000, "longTermDebt": 643000, "otherLiab": 18252000, "totalCurrentLiabilities": 87981000, "totalLiab": 106876000, "commonStock": 68895000, "retainedEarnings": 117439000, "treasuryStock": -1000, "otherStockholderEquity": -1000, "totalStockholderEquity": 186333000, "netTangibleAssets": 186333000}], "maxAge": 86400}, "indexTrend": {"maxAge": 1, "symbol": "SP5", "peRatio": 19.7411, "pegRatio": 1.34172, "estimates": [{"period": "0q", "growth": 0.549}, {"period": "+1q", "growth": 0.431}, {"period": "0y", "growth": 0.305}, {"period": "+1y", "growth": 0.109}, {"period": "+5y", "growth": 0.120859005}, {"period": "-5y"}]}, "insiderTransactions": {"transactions": [{"maxAge": 1, "shares": 1243815, "filerUrl": "", "transactionText": "", "filerName": "Aggarwal (Ashish)", "filerRelation": "Wholetime Director", "moneyText": "", "startDate": "2018-04-17", "ownership": "D"}, {"maxAge": 1, "shares": 524373, "filerUrl": "", "transactionText": "", "filerName": "Aggarwal (Kamlesh)", "filerRelation": "Promoter", "moneyText": "", "startDate": "2018-04-17", "ownership": "D"}, {"maxAge": 1, "shares": 719342, "filerUrl": "", "transactionText": "", "filerName": "Aggarwal (Sourabh)", "filerRelation": "UNREPORTED", "moneyText": "", "startDate": "2018-04-17", "ownership": "D"}, {"maxAge": 1, "shares": 303137, "filerUrl": "", "transactionText": "", "filerName": "Aggarwal (Kamlesh)", "filerRelation": "Promoter", "moneyText": "", "startDate": "2018-02-07", "ownership": "D"}, {"maxAge": 1, "shares": 303137, "filerUrl": "", "transactionText": "", "filerName": "Aggarwal (Rekha)", "filerRelation": "Promoter", "moneyText": "", "startDate": "2018-02-07", "ownership": "D"}, {"maxAge": 1, "shares": 565710, "filerUrl": "", "transactionText": "", "filerName": "Aggarwal (Ashish)", "filerRelation": "Wholetime Director", "moneyText": "", "startDate": "2017-06-15", "ownership": "D"}], "maxAge": 1}, "quoteType": {"exchange": "BSE", "quoteType": "EQUITY", "symbol": "JAGANLAM.BO", "underlyingSymbol": "JAGANLAM.BO", "shortName": "JAGAN LAMPS LTD.", "longName": "Jagan Lamps Limited", "firstTradeDateEpochUtc": "2002-01-24 09:15:00", "timeZoneFullName": "Asia/Kolkata", "timeZoneShortName": "IST", "uuid": "42fe3fcc-c610-3e2c-91b2-42bf59b467d0", "messageBoardId": null, "gmtOffSetMilliseconds": 19800000, "maxAge": 1}, "incomeStatementHistory": {"incomeStatementHistory": [{"maxAge": 1, "endDate": "2020-03-31", "totalRevenue": 232574000, "costOfRevenue": 147381000, "grossProfit": 85193000, "researchDevelopment": {}, "sellingGeneralAdministrative": 36121000, "nonRecurring": {}, "otherOperatingExpenses": 18096000, "totalOperatingExpenses": 213657000, "operatingIncome": 18917000, "totalOtherIncomeExpenseNet": 3497000, "ebit": 18917000, "interestExpense": -230000, "incomeBeforeTax": 22414000, "incomeTaxExpense": 5463000, "minorityInterest": {}, "netIncomeFromContinuingOps": 16951000, "discontinuedOperations": {}, "extraordinaryItems": {}, "effectOfAccountingCharges": {}, "otherItems": {}, "netIncome": 16951000, "netIncomeApplicableToCommonShares": 16951000}, {"maxAge": 1, "endDate": "2019-03-31", "totalRevenue": 186231000, "costOfRevenue": 119974000, "grossProfit": 66257000, "researchDevelopment": {}, "sellingGeneralAdministrative": 29063000, "nonRecurring": {}, "otherOperatingExpenses": 22671000, "totalOperatingExpenses": 183892000, "operatingIncome": 2339000, "totalOtherIncomeExpenseNet": 10186000, "ebit": 2339000, "interestExpense": -716000, "incomeBeforeTax": 12525000, "incomeTaxExpense": 2853000, "minorityInterest": {}, "netIncomeFromContinuingOps": 9672000, "discontinuedOperations": {}, "extraordinaryItems": {}, "effectOfAccountingCharges": {}, "otherItems": {}, "netIncome": 9672000, "netIncomeApplicableToCommonShares": 9672000}, {"maxAge": 1, "endDate": "2018-03-31", "totalRevenue": 147303000, "costOfRevenue": 99656000, "grossProfit": 47647000, "researchDevelopment": {}, "sellingGeneralAdministrative": 19673000, "nonRecurring": {}, "otherOperatingExpenses": 12170000, "totalOperatingExpenses": 143267000, "operatingIncome": 4036000, "totalOtherIncomeExpenseNet": 5429000, "ebit": 4036000, "interestExpense": -227000, "incomeBeforeTax": 9465000, "incomeTaxExpense": 4363000, "minorityInterest": {}, "netIncomeFromContinuingOps": 5102000, "discontinuedOperations": {}, "extraordinaryItems": {}, "effectOfAccountingCharges": {}, "otherItems": {}, "netIncome": 5102000, "netIncomeApplicableToCommonShares": 5102000}, {"maxAge": 1, "endDate": "2017-03-31", "totalRevenue": 132552405, "costOfRevenue": 88304288, "grossProfit": 44248117, "researchDevelopment": {}, "sellingGeneralAdministrative": 12240688, "nonRecurring": {}, "otherOperatingExpenses": 10628678, "totalOperatingExpenses": 123515279, "operatingIncome": 9037126, "totalOtherIncomeExpenseNet": -956075, "ebit": 9037126, "interestExpense": -677285, "incomeBeforeTax": 8081051, "incomeTaxExpense": 2655737, "minorityInterest": {}, "netIncomeFromContinuingOps": 5425314, "discontinuedOperations": {}, "extraordinaryItems": {}, "effectOfAccountingCharges": {}, "otherItems": {}, "netIncome": 5425314, "netIncomeApplicableToCommonShares": 5425314}], "maxAge": 86400}, "fundOwnership": {"maxAge": 1, "ownershipList": []}, "summaryDetail": {"maxAge": 1, "priceHint": 2, "previousClose": 30.7, "open": 30.7, "dayLow": 29.45, "dayHigh": 36.6, "regularMarketPreviousClose": 30.7, "regularMarketOpen": 30.7, "regularMarketDayLow": 29.45, "regularMarketDayHigh": 36.6, "trailingPE": 15.61214, "volume": 11067, "regularMarketVolume": 11067, "averageVolume": 20122, "averageVolume10days": 13992, "averageDailyVolume10Day": 13992, "bid": 30.3, "ask": 31.0, "bidSize": 0, "askSize": 0, "marketCap": 209265376, "fiftyTwoWeekLow": 12.5, "fiftyTwoWeekHigh": 40.5, "fiftyDayAverage": 31.37, "twoHundredDayAverage": 21.546059, "currency": "INR", "fromCurrency": null, "toCurrency": null, "lastMarket": null, "algorithm": null, "tradeable": false}, "incomeStatementHistoryQuarterly": {"incomeStatementHistory": [{"maxAge": 1, "endDate": "2020-06-30", "totalRevenue": 32641000, "costOfRevenue": 22716000, "grossProfit": 9925000, "researchDevelopment": {}, "sellingGeneralAdministrative": 3941000, "nonRecurring": {}, "otherOperatingExpenses": 2604000, "totalOperatingExpenses": 32242000, "operatingIncome": 399000, "totalOtherIncomeExpenseNet": 693000, "ebit": 399000, "interestExpense": -137000, "incomeBeforeTax": 1092000, "incomeTaxExpense": 341000, "minorityInterest": {}, "netIncomeFromContinuingOps": 751000, "discontinuedOperations": {}, "extraordinaryItems": {}, "effectOfAccountingCharges": {}, "otherItems": {}, "netIncome": 751000, "netIncomeApplicableToCommonShares": 751000}, {"maxAge": 1, "endDate": "2020-03-31", "totalRevenue": 58681000, "costOfRevenue": 40571000, "grossProfit": 18110000, "researchDevelopment": {}, "sellingGeneralAdministrative": 13907000, "nonRecurring": {}, "otherOperatingExpenses": -57000, "totalOperatingExpenses": 57410000, "operatingIncome": 1271000, "totalOtherIncomeExpenseNet": 636000, "ebit": 1271000, "interestExpense": -90000, "incomeBeforeTax": 1907000, "incomeTaxExpense": -1407000, "minorityInterest": {}, "netIncomeFromContinuingOps": 3314000, "discontinuedOperations": {}, "extraordinaryItems": {}, "effectOfAccountingCharges": {}, "otherItems": {}, "netIncome": 3314000, "netIncomeApplicableToCommonShares": 3314000}, {"maxAge": 1, "endDate": "2019-12-31", "totalRevenue": 62900000, "costOfRevenue": 40381000, "grossProfit": 22519000, "researchDevelopment": {}, "sellingGeneralAdministrative": 7313000, "nonRecurring": {}, "otherOperatingExpenses": 6042000, "totalOperatingExpenses": 56761000, "operatingIncome": 6139000, "totalOtherIncomeExpenseNet": 1264000, "ebit": 6139000, "interestExpense": -39000, "incomeBeforeTax": 7403000, "incomeTaxExpense": 2183000, "minorityInterest": {}, "netIncomeFromContinuingOps": 5220000, "discontinuedOperations": {}, "extraordinaryItems": {}, "effectOfAccountingCharges": {}, "otherItems": {}, "netIncome": 5220000, "netIncomeApplicableToCommonShares": 5220000}, {"maxAge": 1, "endDate": "2019-09-30", "totalRevenue": 61081000, "costOfRevenue": 36164000, "grossProfit": 24917000, "researchDevelopment": {}, "sellingGeneralAdministrative": 8563000, "nonRecurring": {}, "otherOperatingExpenses": 6613000, "totalOperatingExpenses": 54386000, "operatingIncome": 6695000, "totalOtherIncomeExpenseNet": 658000, "ebit": 6695000, "interestExpense": -26000, "incomeBeforeTax": 7353000, "incomeTaxExpense": 3262000, "minorityInterest": {}, "netIncomeFromContinuingOps": 4091000, "discontinuedOperations": {}, "extraordinaryItems": {}, "effectOfAccountingCharges": {}, "otherItems": {}, "netIncome": 4091000, "netIncomeApplicableToCommonShares": 4091000}], "maxAge": 86400}, "cashflowStatementHistoryQuarterly": {"cashflowStatements": [{"maxAge": 1, "endDate": "2020-06-30", "netIncome": 751000, "changeToLiabilities": 0}, {"maxAge": 1, "endDate": "2020-03-31", "netIncome": 3314000, "changeToLiabilities": 0}, {"maxAge": 1, "endDate": "2019-12-31", "netIncome": 5220000, "changeToLiabilities": 0}, {"maxAge": 1, "endDate": "2019-09-30", "netIncome": 4091000, "changeToLiabilities": 0}], "maxAge": 86400}, "insiderHolders": {"holders": [{"maxAge": 1, "name": "Aggarwal (Ashish)", "relation": "Wholetime Director", "url": "", "transactionDescription": "Other", "latestTransDate": "2018-04-17", "positionDirect": 3199745, "positionDirectDate": "2018-04-17"}, {"maxAge": 1, "name": "Aggarwal (Kamlesh)", "relation": "Promoter", "url": "", "transactionDescription": "Other", "latestTransDate": "2018-04-17", "positionDirect": 0, "positionDirectDate": "2018-04-17"}, {"maxAge": 1, "name": "Aggarwal (Rekha)", "relation": "Promoter", "url": "", "transactionDescription": "Purchase", "latestTransDate": "2018-02-07", "positionDirect": 480837, "positionDirectDate": "2018-02-07"}, {"maxAge": 1, "name": "Aggarwal (Sourabh)", "relation": "UNREPORTED", "url": "", "transactionDescription": "Other", "latestTransDate": "2018-04-17", "positionDirect": 0, "positionDirectDate": "2018-04-17"}], "maxAge": 1}, "calendarEvents": {"maxAge": 1, "earnings": {"earningsDate": []}}, "price": {"maxAge": 1, "regularMarketChangePercent": -0.011400664, "regularMarketChange": -0.35000038, "regularMarketTime": "2021-04-30 15:29:25", "priceHint": 2, "regularMarketPrice": 30.35, "regularMarketDayHigh": 36.6, "regularMarketDayLow": 29.45, "regularMarketVolume": 11067, "averageDailyVolume10Day": 13992, "averageDailyVolume3Month": 20122, "regularMarketPreviousClose": 30.7, "regularMarketSource": "FREE_REALTIME", "regularMarketOpen": 30.7, "exchange": "BSE", "exchangeName": "BSE", "exchangeDataDelayedBy": 0, "marketState": "CLOSED", "quoteType": "EQUITY", "symbol": "JAGANLAM.BO", "underlyingSymbol": null, "shortName": "JAGAN LAMPS LTD.", "longName": "Jagan Lamps Limited", "currency": "INR", "quoteSourceName": "Delayed Quote", "currencySymbol": "\u20b9", "fromCurrency": null, "toCurrency": null, "lastMarket": null, "marketCap": 209265376}, "balanceSheetHistory": {"balanceSheetStatements": [{"maxAge": 1, "endDate": "2020-03-31", "cash": 9052000, "shortTermInvestments": 40000, "netReceivables": 40600000, "inventory": 31082000, "otherCurrentAssets": 1525000, "totalCurrentAssets": 83118000, "propertyPlantEquipment": 193406000, "intangibleAssets": 99000, "otherAssets": 1207000, "totalAssets": 277830000, "accountsPayable": 41769000, "shortLongTermDebt": 1259000, "otherCurrentLiab": 7920000, "otherLiab": 14013000, "totalCurrentLiabilities": 68950000, "totalLiab": 82963000, "commonStock": 68895000, "retainedEarnings": 125972000, "totalStockholderEquity": 194867000, "netTangibleAssets": 194768000}, {"maxAge": 1, "endDate": "2019-03-31", "cash": 3297000, "netReceivables": 38682000, "inventory": 18173000, "otherCurrentAssets": 603000, "totalCurrentAssets": 61085000, "propertyPlantEquipment": 204890000, "intangibleAssets": 21000, "otherAssets": 1152000, "totalAssets": 267148000, "accountsPayable": 53601000, "shortLongTermDebt": 1157000, "otherCurrentLiab": 6150000, "longTermDebt": 1259000, "otherLiab": 10921000, "totalCurrentLiabilities": 77052000, "totalLiab": 89232000, "commonStock": 68895000, "retainedEarnings": 109021000, "totalStockholderEquity": 177916000, "netTangibleAssets": 177895000}, {"maxAge": 1, "endDate": "2018-03-31", "cash": 689000, "netReceivables": 30851000, "inventory": 18225000, "otherCurrentAssets": 4929000, "totalCurrentAssets": 55047000, "propertyPlantEquipment": 215838000, "intangibleAssets": 12000, "otherAssets": 3777000, "totalAssets": 274674000, "accountsPayable": 40541000, "shortLongTermDebt": 978000, "otherCurrentLiab": 17638000, "longTermDebt": 2412000, "otherLiab": 14104000, "totalCurrentLiabilities": 89914000, "totalLiab": 106430000, "commonStock": 68895000, "retainedEarnings": 99350000, "treasuryStock": -1000, "otherStockholderEquity": -1000, "totalStockholderEquity": 168244000, "netTangibleAssets": 168232000}, {"maxAge": 1, "endDate": "2017-03-31", "cash": 2619479, "netReceivables": 21795005, "inventory": 9425723, "otherCurrentAssets": 6721448, "totalCurrentAssets": 40573320, "propertyPlantEquipment": 221314037, "intangibleAssets": 24746, "otherAssets": 2237839, "totalAssets": 264149942, "accountsPayable": 49161042, "otherCurrentLiab": 33370110, "longTermDebt": 5070000, "otherLiab": 11591390, "totalCurrentLiabilities": 84345857, "totalLiab": 101007247, "commonStock": 68894700, "retainedEarnings": 94247995, "totalStockholderEquity": 163142695, "netTangibleAssets": 163117949}], "maxAge": 86400}, "financialData": {"maxAge": 86400, "currentPrice": 30.35, "recommendationKey": "none", "grossProfits": 85193000, "financialCurrency": "INR"}}}