{"JAGAJITIND.BO": {"cashflowStatementHistory": {"cashflowStatements": [{"maxAge": 1, "endDate": "2020-03-31", "netIncome": -445900000, "depreciation": 96500000, "changeToNetincome": 207900000, "changeToAccountReceivables": 139000000, "changeToLiabilities": -59800000, "changeToInventory": -37800000, "changeToOperatingActivities": 263000000, "totalCashFromOperatingActivities": 162900000, "capitalExpenditures": -15200000, "investments": 74600000, "otherCashflowsFromInvestingActivities": 243700000, "totalCashflowsFromInvestingActivities": 330700000, "netBorrowings": -50800000, "otherCashflowsFromFinancingActivities": -428000000, "totalCashFromFinancingActivities": -478800000, "changeInCash": 14900000}, {"maxAge": 1, "endDate": "2019-03-31", "netIncome": -659300000, "depreciation": 104400000, "changeToNetincome": 397000000, "changeToAccountReceivables": 414800000, "changeToLiabilities": -314900000, "changeToInventory": 175200000, "changeToOperatingActivities": 387200000, "totalCashFromOperatingActivities": 504400000, "capitalExpenditures": -15800000, "investments": 71300000, "otherCashflowsFromInvestingActivities": 162200000, "totalCashflowsFromInvestingActivities": 651600000, "netBorrowings": -447300000, "otherCashflowsFromFinancingActivities": -733500000, "totalCashFromFinancingActivities": -1180800000, "changeInCash": -24800000}, {"maxAge": 1, "endDate": "2018-03-31", "netIncome": -745600000, "depreciation": 121200000, "changeToNetincome": 335300000, "changeToAccountReceivables": -26300000, "changeToLiabilities": -106500000, "changeToInventory": 196800000, "changeToOperatingActivities": 301100000, "totalCashFromOperatingActivities": 76000000, "capitalExpenditures": -14000000, "investments": 1500000, "otherCashflowsFromInvestingActivities": 207400000, "totalCashflowsFromInvestingActivities": 204300000, "netBorrowings": 441200000, "otherCashflowsFromFinancingActivities": -658400000, "totalCashFromFinancingActivities": -217200000, "changeInCash": 63100000}, {"maxAge": 1, "endDate": "2017-03-31", "netIncome": -1157700000, "depreciation": 127200000, "changeToNetincome": 817200000, "changeToAccountReceivables": 335200000, "changeToLiabilities": 121700000, "changeToInventory": 145700000, "changeToOperatingActivities": -291900000, "totalCashFromOperatingActivities": 97400000, "capitalExpenditures": -25000000, "investments": 1500000, "otherCashflowsFromInvestingActivities": 229200000, "totalCashflowsFromInvestingActivities": 303200000, "netBorrowings": -47200000, "otherCashflowsFromFinancingActivities": -379900000, "totalCashFromFinancingActivities": -427100000, "changeInCash": -26500000}], "maxAge": 86400}, "institutionOwnership": {"maxAge": 1, "ownershipList": []}, "balanceSheetHistoryQuarterly": {"balanceSheetStatements": [{"maxAge": 1, "endDate": "2020-06-30", "totalStockholderEquity": 450600000, "netTangibleAssets": 450600000}, {"maxAge": 1, "endDate": "2020-03-31", "cash": 110000000, "shortTermInvestments": 7600000, "netReceivables": 291800000, "inventory": 418900000, "otherCurrentAssets": 104700000, "totalCurrentAssets": 933000000, "longTermInvestments": 179900000, "propertyPlantEquipment": 3730600000, "otherAssets": 272100000, "totalAssets": 5115600000, "accountsPayable": 677100000, "otherCurrentLiab": 1314300000, "longTermDebt": 2000600000, "otherLiab": 604900000, "minorityInterest": -400000, "totalCurrentLiabilities": 2059600000, "totalLiab": 4665400000, "commonStock": 461500000, "treasuryStock": -10900000, "otherStockholderEquity": -10900000, "totalStockholderEquity": 450600000, "netTangibleAssets": 450600000}, {"maxAge": 1, "endDate": "2019-12-31", "totalStockholderEquity": 902800000, "netTangibleAssets": 777700000}, {"maxAge": 1, "endDate": "2019-09-30", "cash": 30700000, "shortTermInvestments": 33300000, "netReceivables": 566700000, "inventory": 356000000, "otherCurrentAssets": 207400000, "totalCurrentAssets": 1194100000, "longTermInvestments": 395300000, "propertyPlantEquipment": 3761700000, "intangibleAssets": 125100000, "otherAssets": 595200000, "totalAssets": 6071400000, "accountsPayable": 693000000, "otherCurrentLiab": 1062400000, "longTermDebt": 2567100000, "otherLiab": 752100000, "minorityInterest": -400000, "totalCurrentLiabilities": 1849800000, "totalLiab": 5169000000, "commonStock": 461500000, "treasuryStock": 441300000, "otherStockholderEquity": 441300000, "totalStockholderEquity": 902800000, "netTangibleAssets": 777700000}], "maxAge": 86400}, "indexTrend": {"maxAge": 1, "symbol": "SP5", "peRatio": 19.7411, "pegRatio": 1.34172, "estimates": [{"period": "0q", "growth": 0.549}, {"period": "+1q", "growth": 0.431}, {"period": "0y", "growth": 0.305}, {"period": "+1y", "growth": 0.109}, {"period": "+5y", "growth": 0.120859005}, {"period": "-5y"}]}, "insiderTransactions": {"transactions": [{"maxAge": 1, "shares": 14277, "filerUrl": "", "transactionText": "", "filerName": "Double Durable Investments Ltd", "filerRelation": "Promoter", "moneyText": "", "startDate": "2015-04-09", "ownership": "D"}, {"maxAge": 1, "shares": 14475, "filerUrl": "", "transactionText": "", "filerName": "Double Durable Investments Ltd", "filerRelation": "Promoter", "moneyText": "", "startDate": "2015-04-08", "ownership": "D"}, {"maxAge": 1, "shares": 5400, "filerUrl": "", "transactionText": "", "filerName": "Double Durable Investments Ltd", "filerRelation": "Promoter", "moneyText": "", "startDate": "2015-04-07", "ownership": "D"}, {"maxAge": 1, "shares": 10080, "filerUrl": "", "transactionText": "", "filerName": "Double Durable Investments Ltd", "filerRelation": "Promoter", "moneyText": "", "startDate": "2015-04-06", "ownership": "D"}, {"maxAge": 1, "shares": 100, "filerUrl": "", "transactionText": "", "filerName": "Sharma (Peri Kameswara)", "filerRelation": "Additonal Director", "moneyText": "", "startDate": "2013-05-30", "ownership": "D"}, {"maxAge": 1, "shares": 1735000, "filerUrl": "", "transactionText": "", "filerName": "Jaiswal (Karamjit S)", "filerRelation": "Promoter", "moneyText": "", "startDate": "2013-05-15", "ownership": "D"}], "maxAge": 1}, "quoteType": {"exchange": "BSE", "quoteType": "EQUITY", "symbol": "JAGAJITIND.BO", "underlyingSymbol": "JAGAJITIND.BO", "shortName": "JAGATJIT INDUSTRIES LTD.", "longName": "Jagatjit Industries Limited", "firstTradeDateEpochUtc": "2001-06-01 09:15:00", "timeZoneFullName": "Asia/Kolkata", "timeZoneShortName": "IST", "uuid": "fe95e84d-9f63-35d7-b0c4-aed83e01af91", "messageBoardId": null, "gmtOffSetMilliseconds": 19800000, "maxAge": 1}, "incomeStatementHistory": {"incomeStatementHistory": [{"maxAge": 1, "endDate": "2020-03-31", "totalRevenue": 2681500000, "costOfRevenue": 914700000, "grossProfit": 1766800000, "researchDevelopment": {}, "sellingGeneralAdministrative": 599400000, "nonRecurring": {}, "otherOperatingExpenses": 1352600000, "totalOperatingExpenses": 2963200000, "operatingIncome": -281700000, "totalOtherIncomeExpenseNet": -84600000, "ebit": -281700000, "interestExpense": -412700000, "incomeBeforeTax": -366300000, "incomeTaxExpense": 73500000, "minorityInterest": -400000, "netIncomeFromContinuingOps": -439800000, "discontinuedOperations": -6100000, "extraordinaryItems": {}, "effectOfAccountingCharges": {}, "otherItems": {}, "netIncome": -445900000, "netIncomeApplicableToCommonShares": -445900000}, {"maxAge": 1, "endDate": "2019-03-31", "totalRevenue": 2490200000, "costOfRevenue": 939700000, "grossProfit": 1550500000, "researchDevelopment": {}, "sellingGeneralAdministrative": 763000000, "nonRecurring": {}, "otherOperatingExpenses": 953600000, "totalOperatingExpenses": 2758000000, "operatingIncome": -267800000, "totalOtherIncomeExpenseNet": -394100000, "ebit": -267800000, "interestExpense": -603300000, "incomeBeforeTax": -661900000, "incomeTaxExpense": -14200000, "minorityInterest": -400000, "netIncomeFromContinuingOps": -647700000, "discontinuedOperations": -11600000, "extraordinaryItems": {}, "effectOfAccountingCharges": {}, "otherItems": {}, "netIncome": -659300000, "netIncomeApplicableToCommonShares": -659300000}, {"maxAge": 1, "endDate": "2018-03-31", "totalRevenue": 3879600000, "costOfRevenue": 1864700000, "grossProfit": 2014900000, "researchDevelopment": {}, "sellingGeneralAdministrative": 1011300000, "nonRecurring": {}, "otherOperatingExpenses": 1124300000, "totalOperatingExpenses": 4117100000, "operatingIncome": -237500000, "totalOtherIncomeExpenseNet": -503700000, "ebit": -237500000, "interestExpense": -482300000, "incomeBeforeTax": -741200000, "incomeTaxExpense": -35200000, "minorityInterest": -400000, "netIncomeFromContinuingOps": -706000000, "discontinuedOperations": -39600000, "extraordinaryItems": {}, "effectOfAccountingCharges": {}, "otherItems": {}, "netIncome": -745600000, "netIncomeApplicableToCommonShares": -745600000}, {"maxAge": 1, "endDate": "2017-03-31", "totalRevenue": 5109500000, "costOfRevenue": 2752900000, "grossProfit": 2356600000, "researchDevelopment": {}, "sellingGeneralAdministrative": 1392000000, "nonRecurring": {}, "otherOperatingExpenses": 1392500000, "totalOperatingExpenses": 5664600000, "operatingIncome": -555100000, "totalOtherIncomeExpenseNet": -424300000, "ebit": -555100000, "interestExpense": -434900000, "incomeBeforeTax": -979400000, "incomeTaxExpense": 2400000, "minorityInterest": -400000, "netIncomeFromContinuingOps": -981800000, "discontinuedOperations": -175900000, "extraordinaryItems": {}, "effectOfAccountingCharges": {}, "otherItems": {}, "netIncome": -1157700000, "netIncomeApplicableToCommonShares": -1157700000}], "maxAge": 86400}, "fundOwnership": {"maxAge": 1, "ownershipList": []}, "summaryDetail": {"maxAge": 1, "priceHint": 2, "previousClose": 36.4, "open": 35.4, "dayLow": 35.4, "dayHigh": 36.8, "regularMarketPreviousClose": 36.4, "regularMarketOpen": 35.4, "regularMarketDayLow": 35.4, "regularMarketDayHigh": 36.8, "volume": 2603, "regularMarketVolume": 2603, "averageVolume": 1981, "averageVolume10days": 932, "averageDailyVolume10Day": 932, "bid": 35.65, "ask": 37.5, "bidSize": 0, "askSize": 0, "marketCap": 1695942656, "fiftyTwoWeekLow": 18.1, "fiftyTwoWeekHigh": 42.9, "fiftyDayAverage": 39.182858, "twoHundredDayAverage": 35.46241, "currency": "INR", "fromCurrency": null, "toCurrency": null, "lastMarket": null, "algorithm": null, "tradeable": false}, "incomeStatementHistoryQuarterly": {"incomeStatementHistory": [{"maxAge": 1, "endDate": "2020-06-30", "totalRevenue": 886300000, "costOfRevenue": 441300000, "grossProfit": 445000000, "researchDevelopment": {}, "sellingGeneralAdministrative": 151900000, "nonRecurring": {}, "otherOperatingExpenses": 221800000, "totalOperatingExpenses": 838500000, "operatingIncome": 47800000, "totalOtherIncomeExpenseNet": -74300000, "ebit": 47800000, "interestExpense": -74100000, "incomeBeforeTax": -26500000, "incomeTaxExpense": 0, "minorityInterest": {}, "netIncomeFromContinuingOps": -26500000, "discontinuedOperations": -300000, "extraordinaryItems": {}, "effectOfAccountingCharges": {}, "otherItems": {}, "netIncome": -26800000, "netIncomeApplicableToCommonShares": -26800000}, {"maxAge": 1, "endDate": "2020-03-31", "totalRevenue": 788800000, "costOfRevenue": 286400000, "grossProfit": 502400000, "researchDevelopment": {}, "sellingGeneralAdministrative": 142700000, "nonRecurring": {}, "otherOperatingExpenses": 519000000, "totalOperatingExpenses": 975600000, "operatingIncome": -186800000, "totalOtherIncomeExpenseNet": -26000000, "ebit": -186800000, "interestExpense": -79600000, "incomeBeforeTax": -212800000, "incomeTaxExpense": 73500000, "minorityInterest": -400000, "netIncomeFromContinuingOps": -286300000, "discontinuedOperations": -2100000, "extraordinaryItems": {}, "effectOfAccountingCharges": {}, "otherItems": {}, "netIncome": -288400000, "netIncomeApplicableToCommonShares": -288400000}, {"maxAge": 1, "endDate": "2019-12-31", "totalRevenue": 711600000, "costOfRevenue": 246100000, "grossProfit": 465500000, "researchDevelopment": {}, "sellingGeneralAdministrative": 150900000, "nonRecurring": {}, "otherOperatingExpenses": 309500000, "totalOperatingExpenses": 729500000, "operatingIncome": -17900000, "totalOtherIncomeExpenseNet": -120100000, "ebit": -17900000, "interestExpense": -119800000, "incomeBeforeTax": -138000000, "incomeTaxExpense": 0, "minorityInterest": -400000, "netIncomeFromContinuingOps": -138000000, "discontinuedOperations": -600000, "extraordinaryItems": {}, "effectOfAccountingCharges": {}, "otherItems": {}, "netIncome": -138600000, "netIncomeApplicableToCommonShares": -138600000}, {"maxAge": 1, "endDate": "2019-09-30", "totalRevenue": 643000000, "costOfRevenue": 224500000, "grossProfit": 418500000, "researchDevelopment": {}, "sellingGeneralAdministrative": 150300000, "nonRecurring": {}, "otherOperatingExpenses": 270400000, "totalOperatingExpenses": 668100000, "operatingIncome": -25100000, "totalOtherIncomeExpenseNet": 170800000, "ebit": -25100000, "interestExpense": -106900000, "incomeBeforeTax": 145700000, "incomeTaxExpense": 0, "minorityInterest": -400000, "netIncomeFromContinuingOps": 145700000, "discontinuedOperations": -400000, "extraordinaryItems": {}, "effectOfAccountingCharges": {}, "otherItems": {}, "netIncome": 145300000, "netIncomeApplicableToCommonShares": 145300000}], "maxAge": 86400}, "cashflowStatementHistoryQuarterly": {"cashflowStatements": [{"maxAge": 1, "endDate": "2020-06-30", "netIncome": -26800000, "changeToLiabilities": 0}, {"maxAge": 1, "endDate": "2020-03-31", "netIncome": -288400000, "changeToLiabilities": 0}, {"maxAge": 1, "endDate": "2019-12-31", "netIncome": -138600000, "changeToLiabilities": 0}, {"maxAge": 1, "endDate": "2019-09-30", "netIncome": 145300000, "changeToLiabilities": 0}], "maxAge": 86400}, "insiderHolders": {"holders": [{"maxAge": 1, "name": "Double Durable Investments Ltd", "relation": "Promoter", "url": "", "transactionDescription": "Sale", "latestTransDate": "2015-04-09", "positionDirect": 121268, "positionDirectDate": "2015-04-09"}, {"maxAge": 1, "name": "Jaiswal (Karamjit S)", "relation": "Promoter", "url": "", "transactionDescription": "Sale", "latestTransDate": "2013-05-15", "positionDirect": 531880, "positionDirectDate": "2013-05-15"}, {"maxAge": 1, "name": "Sharma (Peri Kameswara)", "relation": "Additonal Director", "url": "", "transactionDescription": "Acquisition", "latestTransDate": "2013-05-30", "positionDirect": 100, "positionDirectDate": "2013-05-30"}], "maxAge": 1}, "calendarEvents": {"maxAge": 1, "earnings": {"earningsDate": []}}, "price": {"maxAge": 1, "regularMarketChangePercent": 0.009615342, "regularMarketChange": 0.34999847, "regularMarketTime": "2021-04-30 15:20:03", "priceHint": 2, "regularMarketPrice": 36.75, "regularMarketDayHigh": 36.8, "regularMarketDayLow": 35.4, "regularMarketVolume": 2603, "averageDailyVolume10Day": 932, "averageDailyVolume3Month": 1981, "regularMarketPreviousClose": 36.4, "regularMarketSource": "FREE_REALTIME", "regularMarketOpen": 35.4, "exchange": "BSE", "exchangeName": "BSE", "exchangeDataDelayedBy": 0, "marketState": "CLOSED", "quoteType": "EQUITY", "symbol": "JAGAJITIND.BO", "underlyingSymbol": null, "shortName": "JAGATJIT INDUSTRIES LTD.", "longName": "Jagatjit Industries Limited", "currency": "INR", "quoteSourceName": "Delayed Quote", "currencySymbol": "\u20b9", "fromCurrency": null, "toCurrency": null, "lastMarket": null, "marketCap": 1695942656}, "balanceSheetHistory": {"balanceSheetStatements": [{"maxAge": 1, "endDate": "2020-03-31", "cash": 110000000, "shortTermInvestments": 7600000, "netReceivables": 291800000, "inventory": 418900000, "otherCurrentAssets": 104700000, "totalCurrentAssets": 933000000, "longTermInvestments": 179900000, "propertyPlantEquipment": 3730600000, "otherAssets": 272100000, "totalAssets": 5115600000, "accountsPayable": 677100000, "otherCurrentLiab": 1314300000, "longTermDebt": 2000600000, "otherLiab": 604900000, "minorityInterest": -400000, "totalCurrentLiabilities": 2059600000, "totalLiab": 4665400000, "commonStock": 461500000, "treasuryStock": -10900000, "otherStockholderEquity": -10900000, "totalStockholderEquity": 450600000, "netTangibleAssets": 450600000}, {"maxAge": 1, "endDate": "2019-03-31", "cash": 95100000, "shortTermInvestments": 1900000, "netReceivables": 964300000, "inventory": 394200000, "otherCurrentAssets": 380500000, "totalCurrentAssets": 1855600000, "longTermInvestments": 88600000, "propertyPlantEquipment": 3806800000, "goodWill": 124900000, "intangibleAssets": 200000, "otherAssets": 747700000, "totalAssets": 6623800000, "accountsPayable": 875700000, "shortLongTermDebt": 680600000, "otherCurrentLiab": 1022100000, "longTermDebt": 2169000000, "otherLiab": 657000000, "minorityInterest": -400000, "totalCurrentLiabilities": 2873900000, "totalLiab": 5699900000, "commonStock": 461500000, "retainedEarnings": 68300000, "treasuryStock": 24800000, "capitalSurplus": 369700000, "otherStockholderEquity": 24800000, "totalStockholderEquity": 924300000, "netTangibleAssets": 799200000}, {"maxAge": 1, "endDate": "2018-03-31", "cash": 119900000, "shortTermInvestments": 23300000, "netReceivables": 1485400000, "inventory": 561100000, "otherCurrentAssets": 256900000, "totalCurrentAssets": 2569700000, "longTermInvestments": 36800000, "propertyPlantEquipment": 4132900000, "goodWill": 124900000, "intangibleAssets": 400000, "otherAssets": 821000000, "totalAssets": 7685700000, "accountsPayable": 1190600000, "shortLongTermDebt": 583900000, "otherCurrentLiab": 838200000, "longTermDebt": 2388600000, "otherLiab": 344000000, "minorityInterest": -400000, "totalCurrentLiabilities": 3331500000, "totalLiab": 6064100000, "commonStock": 461500000, "retainedEarnings": 762100000, "treasuryStock": 28700000, "capitalSurplus": 369700000, "otherStockholderEquity": 28700000, "totalStockholderEquity": 1622000000, "netTangibleAssets": 1496700000}, {"maxAge": 1, "endDate": "2017-03-31", "cash": 78800000, "shortTermInvestments": 1600000, "netReceivables": 1542900000, "inventory": 791700000, "otherCurrentAssets": 248600000, "totalCurrentAssets": 2700700000, "longTermInvestments": 39200000, "propertyPlantEquipment": 4238400000, "goodWill": 124900000, "intangibleAssets": 700000, "otherAssets": 707000000, "totalAssets": 7810900000, "accountsPayable": 1297100000, "shortLongTermDebt": 336800000, "otherCurrentLiab": 392400000, "longTermDebt": 2209400000, "otherLiab": 402700000, "minorityInterest": -400000, "totalCurrentLiabilities": 2819100000, "totalLiab": 5431200000, "commonStock": 461500000, "retainedEarnings": 1517600000, "treasuryStock": 31300000, "capitalSurplus": 369700000, "otherStockholderEquity": 31300000, "totalStockholderEquity": 2380100000, "netTangibleAssets": 2254500000}], "maxAge": 86400}, "financialData": {"maxAge": 86400, "currentPrice": 36.75, "recommendationKey": "none", "grossProfits": 1766800000, "financialCurrency": "INR"}}}