{"JAGRAN.BO": {"recommendationTrend": {"trend": [{"period": "0m", "strongBuy": 0, "buy": 0, "hold": 0, "sell": 0, "strongSell": 0}, {"period": "-1m", "strongBuy": 0, "buy": 0, "hold": 0, "sell": 0, "strongSell": 0}, {"period": "-2m", "strongBuy": 0, "buy": 0, "hold": 0, "sell": 0, "strongSell": 0}, {"period": "-3m", "strongBuy": 0, "buy": 0, "hold": 0, "sell": 0, "strongSell": 0}], "maxAge": 86400}, "cashflowStatementHistory": {"cashflowStatements": [{"maxAge": 1, "endDate": "2020-03-31", "netIncome": 2734221000, "depreciation": 1214695000, "changeToNetincome": -187675000, "changeToAccountReceivables": 277647000, "changeToLiabilities": 114132000, "changeToInventory": -188259000, "changeToOperatingActivities": -166574000, "totalCashFromOperatingActivities": 4041120000, "capitalExpenditures": -366340000, "investments": 664607000, "otherCashflowsFromInvestingActivities": 49332000, "totalCashflowsFromInvestingActivities": 370683000, "dividendsPaid": -1037477000, "netBorrowings": -1987334000, "otherCashflowsFromFinancingActivities": -581694000, "totalCashFromFinancingActivities": -4624426000, "changeInCash": -212623000, "repurchaseOfStock": -1017921000}, {"maxAge": 1, "endDate": "2019-03-31", "netIncome": 2605541000, "depreciation": 1035325000, "changeToNetincome": 215756000, "changeToAccountReceivables": -458521000, "changeToLiabilities": 305782000, "changeToInventory": -1014429000, "changeToOperatingActivities": -87126000, "totalCashFromOperatingActivities": 2846198000, "capitalExpenditures": -1401657000, "investments": 427712000, "otherCashflowsFromInvestingActivities": 374556000, "totalCashflowsFromInvestingActivities": -577416000, "dividendsPaid": -887528000, "netBorrowings": 2586249000, "otherCashflowsFromFinancingActivities": -437255000, "totalCashFromFinancingActivities": -2244745000, "changeInCash": 24037000, "repurchaseOfStock": -3506211000}, {"maxAge": 1, "endDate": "2018-03-31", "netIncome": 2998474000, "depreciation": 1121153000, "changeToNetincome": 398210000, "changeToAccountReceivables": -1128820000, "changeToLiabilities": -135792000, "changeToInventory": 271232000, "changeToOperatingActivities": 142438000, "totalCashFromOperatingActivities": 3906503000, "capitalExpenditures": -501006000, "investments": 1563454000, "otherCashflowsFromInvestingActivities": -75324000, "totalCashflowsFromInvestingActivities": 1017080000, "dividendsPaid": -934131000, "netBorrowings": -1608088000, "otherCashflowsFromFinancingActivities": -488038000, "totalCashFromFinancingActivities": -6052757000, "changeInCash": -1129174000, "repurchaseOfStock": -3022500000}, {"maxAge": 1, "endDate": "2017-03-31", "netIncome": 3475218000, "depreciation": 1113260000, "changeToNetincome": 436935000, "changeToAccountReceivables": -849711000, "changeToLiabilities": 634727000, "changeToInventory": -266270000, "changeToOperatingActivities": 53978000, "totalCashFromOperatingActivities": 4773785000, "capitalExpenditures": -1043832000, "investments": -3180143000, "otherCashflowsFromInvestingActivities": 132889000, "totalCashflowsFromInvestingActivities": -4193048000, "dividendsPaid": -427000, "netBorrowings": -2781197000, "otherCashflowsFromFinancingActivities": -587609000, "totalCashFromFinancingActivities": 630767000, "changeInCash": 1211504000, "repurchaseOfStock": -3022500000, "issuanceOfStock": 4000000000}], "maxAge": 86400}, "institutionOwnership": {"ownershipList": [], "maxAge": 1}, "balanceSheetHistoryQuarterly": {"balanceSheetStatements": [{"maxAge": 1, "endDate": "2020-06-30", "totalStockholderEquity": 19184861000, "netTangibleAssets": 11292262000}, {"maxAge": 1, "endDate": "2020-03-31", "cash": 349371000, "shortTermInvestments": 3557876000, "netReceivables": 5760832000, "inventory": 1866598000, "otherCurrentAssets": 535051000, "totalCurrentAssets": 12273230000, "longTermInvestments": 1706848000, "propertyPlantEquipment": 5769036000, "goodWill": 3380859000, "intangibleAssets": 4511740000, "otherAssets": 1867527000, "deferredLongTermAssetCharges": 132669000, "totalAssets": 29509240000, "accountsPayable": 1768452000, "shortLongTermDebt": 210331000, "otherCurrentLiab": 1194447000, "otherLiab": 1826475000, "minorityInterest": 2300313000, "totalCurrentLiabilities": 5792606000, "totalLiab": 8024066000, "commonStock": 562400000, "retainedEarnings": 15210510000, "treasuryStock": 448782000, "capitalSurplus": 2963169000, "otherStockholderEquity": 448782000, "totalStockholderEquity": 19184861000, "netTangibleAssets": 11292262000}, {"maxAge": 1, "endDate": "2019-12-31", "totalStockholderEquity": 19363924000, "netTangibleAssets": 11258444000}, {"maxAge": 1, "endDate": "2019-09-30", "cash": 1002452000, "shortTermInvestments": 3625666000, "netReceivables": 6125651000, "inventory": 1457612000, "otherCurrentAssets": 742071000, "totalCurrentAssets": 12953452000, "longTermInvestments": 2211952000, "propertyPlantEquipment": 6183071000, "goodWill": 3383714000, "intangibleAssets": 4721766000, "otherAssets": 1526890000, "deferredLongTermAssetCharges": 101715000, "totalAssets": 30980845000, "accountsPayable": 1906020000, "otherCurrentLiab": 3579973000, "longTermDebt": 326205000, "otherLiab": 1791981000, "minorityInterest": 2294104000, "totalCurrentLiabilities": 6743109000, "totalLiab": 9322817000, "commonStock": 592824000, "treasuryStock": 18771100000, "otherStockholderEquity": 18771100000, "totalStockholderEquity": 19363924000, "netTangibleAssets": 11258444000}], "maxAge": 86400}, "earningsHistory": {"history": [{"maxAge": 1, "epsActual": 2.8, "epsEstimate": 3.18, "epsDifference": -0.38, "surprisePercent": -0.118999995, "quarter": "2017-12-31", "period": "-4q"}, {"maxAge": 1, "epsActual": 2.02, "epsEstimate": 2.45, "epsDifference": -0.43, "surprisePercent": -0.176, "quarter": "2018-03-31", "period": "-3q"}, {"maxAge": 1, "epsActual": 2.84, "epsEstimate": 2.6, "epsDifference": 0.24, "surprisePercent": 0.092, "quarter": "2018-06-30", "period": "-2q"}, {"maxAge": 1, "epsActual": 1.4, "epsEstimate": 2.28, "epsDifference": -0.88, "surprisePercent": -0.38599998, "quarter": "2018-09-30", "period": "-1q"}], "maxAge": 86400}, "indexTrend": {"maxAge": 1, "symbol": "SP5", "peRatio": 19.7411, "pegRatio": 1.34172, "estimates": [{"period": "0q", "growth": 0.549}, {"period": "+1q", "growth": 0.431}, {"period": "0y", "growth": 0.305}, {"period": "+1y", "growth": 0.109}, {"period": "+5y", "growth": 0.120865}, {"period": "-5y"}]}, "industryTrend": {"maxAge": 1, "symbol": null, "estimates": []}, "insiderTransactions": {"transactions": [{"maxAge": 1, "shares": 17100000, "filerUrl": "", "transactionText": "", "filerName": "Independent News & Media Plc", "filerRelation": "", "moneyText": "", "startDate": "2010-08-04", "ownership": "D"}], "maxAge": 1}, "quoteType": {"exchange": "BSE", "quoteType": "EQUITY", "symbol": "JAGRAN.BO", "underlyingSymbol": "JAGRAN.BO", "shortName": "JAGRAN PRAKASHAN LTD.", "longName": "Jagran Prakashan Limited", "firstTradeDateEpochUtc": "2006-02-22 09:15:00", "timeZoneFullName": "Asia/Kolkata", "timeZoneShortName": "IST", "uuid": "2c383f79-e392-3be7-a2b5-8666408516b2", "gmtOffSetMilliseconds": 19800000, "maxAge": 1}, "incomeStatementHistory": {"incomeStatementHistory": [{"maxAge": 1, "endDate": "2020-03-31", "totalRevenue": 20973186000, "costOfRevenue": 10847481000, "grossProfit": 10125705000, "researchDevelopment": {}, "sellingGeneralAdministrative": 1294236000, "nonRecurring": {}, "otherOperatingExpenses": 4368537000, "totalOperatingExpenses": 18101151000, "operatingIncome": 2872035000, "totalOtherIncomeExpenseNet": -14143000, "ebit": 2872035000, "interestExpense": -325292000, "incomeBeforeTax": 2857892000, "incomeTaxExpense": 48890000, "minorityInterest": 2300313000, "netIncomeFromContinuingOps": 2809002000, "discontinuedOperations": {}, "extraordinaryItems": {}, "effectOfAccountingCharges": {}, "otherItems": {}, "netIncome": 2734221000, "netIncomeApplicableToCommonShares": 2734221000}, {"maxAge": 1, "endDate": "2019-03-31", "totalRevenue": 23626518000, "costOfRevenue": 12200105000, "grossProfit": 11426413000, "researchDevelopment": {}, "sellingGeneralAdministrative": 1650094000, "nonRecurring": {}, "otherOperatingExpenses": 4286036000, "totalOperatingExpenses": 19559415000, "operatingIncome": 4067103000, "totalOtherIncomeExpenseNet": 145427000, "ebit": 4067103000, "interestExpense": -253126000, "incomeBeforeTax": 4212530000, "incomeTaxExpense": 1470228000, "minorityInterest": 2259870000, "netIncomeFromContinuingOps": 2742302000, "discontinuedOperations": {}, "extraordinaryItems": {}, "effectOfAccountingCharges": {}, "otherItems": {}, "netIncome": 2605541000, "netIncomeApplicableToCommonShares": 2605541000}, {"maxAge": 1, "endDate": "2018-03-31", "totalRevenue": 23039822000, "costOfRevenue": 11273600000, "grossProfit": 11766222000, "researchDevelopment": {}, "sellingGeneralAdministrative": 1501338000, "nonRecurring": {}, "otherOperatingExpenses": 4396867000, "totalOperatingExpenses": 18567061000, "operatingIncome": 4472761000, "totalOtherIncomeExpenseNet": 194209000, "ebit": 4472761000, "interestExpense": -263687000, "incomeBeforeTax": 4666970000, "incomeTaxExpense": 1557206000, "minorityInterest": 2474167000, "netIncomeFromContinuingOps": 3109764000, "discontinuedOperations": {}, "extraordinaryItems": {}, "effectOfAccountingCharges": {}, "otherItems": {}, "netIncome": 2998474000, "netIncomeApplicableToCommonShares": 2998474000}, {"maxAge": 1, "endDate": "2017-03-31", "totalRevenue": 22829514000, "costOfRevenue": 10862795000, "grossProfit": 11966719000, "researchDevelopment": {}, "sellingGeneralAdministrative": 1418951000, "nonRecurring": {}, "otherOperatingExpenses": 4071931000, "totalOperatingExpenses": 17716484000, "operatingIncome": 5113030000, "totalOtherIncomeExpenseNet": 55627000, "ebit": 5113030000, "interestExpense": -345425000, "incomeBeforeTax": 5168657000, "incomeTaxExpense": 1675445000, "minorityInterest": 2362771000, "netIncomeFromContinuingOps": 3493212000, "discontinuedOperations": {}, "extraordinaryItems": {}, "effectOfAccountingCharges": {}, "otherItems": {}, "netIncome": 3475218000, "netIncomeApplicableToCommonShares": 3475218000}], "maxAge": 86400}, "fundOwnership": {"ownershipList": [], "maxAge": 1}, "summaryDetail": {"maxAge": 1, "priceHint": 2, "previousClose": 55.3, "open": 55.15, "dayLow": 53.6, "dayHigh": 55.4, "regularMarketPreviousClose": 55.3, "regularMarketOpen": 55.15, "regularMarketDayLow": 53.6, "regularMarketDayHigh": 55.4, "trailingPE": 9.245348, "forwardPE": 3.9012969, "volume": 26014, "regularMarketVolume": 26014, "averageVolume": 55791, "averageVolume10days": 16959, "averageDailyVolume10Day": 16959, "bid": 53.8, "ask": 54.0, "bidSize": 0, "askSize": 0, "marketCap": 16050710528, "fiftyTwoWeekLow": 29.55, "fiftyTwoWeekHigh": 74.4, "fiftyDayAverage": 43.234848, "twoHundredDayAverage": 39.82463, "trailingAnnualDividendRate": 3.5, "trailingAnnualDividendYield": 0.06329114, "currency": "INR", "fromCurrency": null, "lastMarket": null, "algorithm": null, "tradeable": false}, "sectorTrend": {"maxAge": 1, "symbol": null, "estimates": []}, "incomeStatementHistoryQuarterly": {"incomeStatementHistory": [{"maxAge": 1, "endDate": "2020-06-30", "totalRevenue": 1910883000, "costOfRevenue": 1621076000, "grossProfit": 289807000, "researchDevelopment": {}, "sellingGeneralAdministrative": {}, "nonRecurring": {}, "otherOperatingExpenses": 632088000, "totalOperatingExpenses": 2576561000, "operatingIncome": -665678000, "totalOtherIncomeExpenseNet": 59437000, "ebit": -665678000, "interestExpense": -76931000, "incomeBeforeTax": -606241000, "incomeTaxExpense": -163134000, "minorityInterest": {}, "netIncomeFromContinuingOps": -443107000, "discontinuedOperations": {}, "extraordinaryItems": {}, "effectOfAccountingCharges": {}, "otherItems": {}, "netIncome": -395660000, "netIncomeApplicableToCommonShares": -395660000}, {"maxAge": 1, "endDate": "2020-03-31", "totalRevenue": 4455575000, "costOfRevenue": 2764585000, "grossProfit": 1690990000, "researchDevelopment": {}, "sellingGeneralAdministrative": 1294236000, "nonRecurring": {}, "otherOperatingExpenses": -282662000, "totalOperatingExpenses": 4280735000, "operatingIncome": 174840000, "totalOtherIncomeExpenseNet": -44752000, "ebit": 174840000, "interestExpense": -73320000, "incomeBeforeTax": 130088000, "incomeTaxExpense": 52559000, "minorityInterest": 2300313000, "netIncomeFromContinuingOps": 77529000, "discontinuedOperations": {}, "extraordinaryItems": {}, "effectOfAccountingCharges": {}, "otherItems": {}, "netIncome": 112153000, "netIncomeApplicableToCommonShares": 112153000}, {"maxAge": 1, "endDate": "2019-12-31", "totalRevenue": 5529784000, "costOfRevenue": 2525929000, "grossProfit": 3003855000, "researchDevelopment": {}, "sellingGeneralAdministrative": 1294236000, "nonRecurring": {}, "otherOperatingExpenses": 1532533000, "totalOperatingExpenses": 4428428000, "operatingIncome": 1101356000, "totalOtherIncomeExpenseNet": 20755000, "ebit": 1101356000, "interestExpense": -80510000, "incomeBeforeTax": 1122111000, "incomeTaxExpense": 305995000, "minorityInterest": 2300313000, "netIncomeFromContinuingOps": 816116000, "discontinuedOperations": {}, "extraordinaryItems": {}, "effectOfAccountingCharges": {}, "otherItems": {}, "netIncome": 758977000, "netIncomeApplicableToCommonShares": 758977000}, {"maxAge": 1, "endDate": "2019-09-30", "totalRevenue": 5144991000, "costOfRevenue": 2672721000, "grossProfit": 2472270000, "researchDevelopment": {}, "sellingGeneralAdministrative": 1294236000, "nonRecurring": {}, "otherOperatingExpenses": 1571116000, "totalOperatingExpenses": 4604867000, "operatingIncome": 540124000, "totalOtherIncomeExpenseNet": 59061000, "ebit": 540124000, "interestExpense": -79278000, "incomeBeforeTax": 599185000, "incomeTaxExpense": -658669000, "minorityInterest": 2294104000, "netIncomeFromContinuingOps": 1257854000, "discontinuedOperations": {}, "extraordinaryItems": {}, "effectOfAccountingCharges": {}, "otherItems": {}, "netIncome": 1219477000, "netIncomeApplicableToCommonShares": 1219477000}], "maxAge": 86400}, "cashflowStatementHistoryQuarterly": {"cashflowStatements": [{"maxAge": 1, "endDate": "2020-06-30", "netIncome": -395660000, "changeToLiabilities": 0}, {"maxAge": 1, "endDate": "2020-03-31", "netIncome": 112153000, "changeToLiabilities": 0}, {"maxAge": 1, "endDate": "2019-12-31", "netIncome": 758977000, "changeToLiabilities": 0}, {"maxAge": 1, "endDate": "2019-09-30", "netIncome": 1219477000, "changeToLiabilities": 0}], "maxAge": 86400}, "insiderHolders": {"holders": [{"maxAge": 1, "name": "Independent News & Media Plc", "relation": "", "url": "", "transactionDescription": "Sold", "latestTransDate": "2010-08-04", "positionDirect": 0, "positionDirectDate": "2010-08-04"}], "maxAge": 1}, "earnings": {"maxAge": 86400, "earningsChart": {"quarterly": [{"date": "4Q2017", "actual": 2.8, "estimate": 3.18}, {"date": "1Q2018", "actual": 2.02, "estimate": 2.45}, {"date": "2Q2018", "actual": 2.84, "estimate": 2.6}, {"date": "3Q2018", "actual": 1.4, "estimate": 2.28}], "currentQuarterEstimateDate": "4Q", "currentQuarterEstimateYear": 2018, "earningsDate": ["2020-11-11 05:30:S", "2020-11-14 05:30:S"]}, "financialsChart": {"yearly": [{"date": 2017, "revenue": 22829514000, "earnings": 3475218000}, {"date": 2018, "revenue": 23039822000, "earnings": 2998474000}, {"date": 2019, "revenue": 23626518000, "earnings": 2605541000}, {"date": 2020, "revenue": 20973186000, "earnings": 2734221000}], "quarterly": [{"date": "3Q2019", "revenue": 5144991000, "earnings": 1219477000}, {"date": "4Q2019", "revenue": 5529784000, "earnings": 758977000}, {"date": "1Q2020", "revenue": 4455575000, "earnings": 112153000}, {"date": "2Q2020", "revenue": 1910883000, "earnings": -395660000}]}, "financialCurrency": "INR"}, "calendarEvents": {"maxAge": 1, "earnings": {"earningsDate": ["2020-11-11 05:30:S", "2020-11-14 05:30:S"], "revenueAverage": 6537000000, "revenueLow": 6424000000, "revenueHigh": 6650000000}}, "upgradeDowngradeHistory": {"history": [], "maxAge": 86400}, "price": {"maxAge": 1, "regularMarketChangePercent": -0.02079562, "regularMarketChange": -1.1499977, "regularMarketTime": "2021-04-30 15:29:03", "priceHint": 2, "regularMarketPrice": 54.15, "regularMarketDayHigh": 55.4, "regularMarketDayLow": 53.6, "regularMarketVolume": 26014, "averageDailyVolume10Day": 16959, "averageDailyVolume3Month": 55791, "regularMarketPreviousClose": 55.3, "regularMarketSource": "FREE_REALTIME", "regularMarketOpen": 55.15, "exchange": "BSE", "exchangeName": "BSE", "exchangeDataDelayedBy": 0, "marketState": "CLOSED", "quoteType": "EQUITY", "symbol": "JAGRAN.BO", "underlyingSymbol": null, "shortName": "JAGRAN PRAKASHAN LTD.", "longName": "Jagran Prakashan Limited", "currency": "INR", "quoteSourceName": "Delayed Quote", "currencySymbol": "\u20b9", "fromCurrency": null, "lastMarket": null, "marketCap": 16050710528}, "balanceSheetHistory": {"balanceSheetStatements": [{"maxAge": 1, "endDate": "2020-03-31", "cash": 349371000, "shortTermInvestments": 3557876000, "netReceivables": 5760832000, "inventory": 1866598000, "otherCurrentAssets": 535051000, "totalCurrentAssets": 12273230000, "longTermInvestments": 1706848000, "propertyPlantEquipment": 5769036000, "goodWill": 3380859000, "intangibleAssets": 4511740000, "otherAssets": 1867527000, "deferredLongTermAssetCharges": 132669000, "totalAssets": 29509240000, "accountsPayable": 1768452000, "shortLongTermDebt": 210331000, "otherCurrentLiab": 1194447000, "otherLiab": 1826475000, "minorityInterest": 2300313000, "totalCurrentLiabilities": 5792606000, "totalLiab": 8024066000, "commonStock": 562400000, "retainedEarnings": 15210510000, "treasuryStock": 448782000, "capitalSurplus": 2963169000, "otherStockholderEquity": 448782000, "totalStockholderEquity": 19184861000, "netTangibleAssets": 11292262000}, {"maxAge": 1, "endDate": "2019-03-31", "cash": 561994000, "shortTermInvestments": 2702502000, "netReceivables": 6441365000, "inventory": 1678339000, "otherCurrentAssets": 658190000, "totalCurrentAssets": 12223829000, "longTermInvestments": 2859073000, "propertyPlantEquipment": 5749533000, "goodWill": 3377287000, "intangibleAssets": 4927670000, "otherAssets": 1878397000, "deferredLongTermAssetCharges": 56582000, "totalAssets": 31015789000, "accountsPayable": 1632023000, "shortLongTermDebt": 624630000, "otherCurrentLiab": 1214861000, "longTermDebt": 386379000, "otherLiab": 2510747000, "minorityInterest": 2259870000, "totalCurrentLiabilities": 7101684000, "totalLiab": 9998810000, "commonStock": 592824000, "retainedEarnings": 14685356000, "treasuryStock": 515760000, "capitalSurplus": 2963169000, "otherStockholderEquity": 515760000, "totalStockholderEquity": 18757109000, "netTangibleAssets": 10452152000}, {"maxAge": 1, "endDate": "2018-03-31", "cash": 537957000, "shortTermInvestments": 962887000, "netReceivables": 6457039000, "inventory": 663910000, "otherCurrentAssets": 626814000, "totalCurrentAssets": 9404912000, "longTermInvestments": 4765494000, "propertyPlantEquipment": 5257323000, "goodWill": 3377287000, "intangibleAssets": 5342338000, "otherAssets": 1770715000, "deferredLongTermAssetCharges": 197104000, "totalAssets": 29918069000, "accountsPayable": 1335016000, "shortLongTermDebt": 1680000, "otherCurrentLiab": 1465108000, "longTermDebt": 500312000, "otherLiab": 2202895000, "minorityInterest": 2474167000, "totalCurrentLiabilities": 4343896000, "totalLiab": 7047103000, "commonStock": 622824000, "retainedEarnings": 15455287000, "treasuryStock": 451699000, "capitalSurplus": 3866989000, "otherStockholderEquity": 451699000, "totalStockholderEquity": 20396799000, "netTangibleAssets": 11677174000}, {"maxAge": 1, "endDate": "2017-03-31", "cash": 1667131000, "shortTermInvestments": 1995796000, "netReceivables": 5548154000, "inventory": 935142000, "otherCurrentAssets": 571564000, "totalCurrentAssets": 10843491000, "longTermInvestments": 5054362000, "propertyPlantEquipment": 6560597000, "goodWill": 3377287000, "intangibleAssets": 5739971000, "otherAssets": 810040000, "deferredLongTermAssetCharges": 269399000, "totalAssets": 32385748000, "accountsPayable": 1467214000, "shortLongTermDebt": 1749727000, "otherCurrentLiab": 1198753000, "longTermDebt": 501990000, "otherLiab": 2141004000, "minorityInterest": 2362771000, "totalCurrentLiabilities": 5830679000, "totalLiab": 8473673000, "commonStock": 653824000, "retainedEarnings": 13160482000, "treasuryStock": 876509000, "capitalSurplus": 6858489000, "otherStockholderEquity": 876509000, "totalStockholderEquity": 21549304000, "netTangibleAssets": 12432046000}], "maxAge": 86400}, "earningsTrend": {"trend": [{"maxAge": 1, "period": "0q", "endDate": "2018-12-31", "growth": {}, "earningsEstimate": {"avg": 0.0, "low": 0.0, "high": 0.0, "yearAgoEps": 2.8, "numberOfAnalysts": 0, "growth": {}}, "revenueEstimate": {"avg": 6537000000, "low": 6424000000, "high": 6650000000, "numberOfAnalysts": 2, "yearAgoRevenue": 5980690000, "growth": 0.093}, "epsTrend": {"current": 0.0, "7daysAgo": 2.65, "30daysAgo": 2.65, "60daysAgo": 2.65, "90daysAgo": 2.65}, "epsRevisions": {"upLast7days": 0, "upLast30days": 0, "downLast30days": 0, "downLast90days": {}}}, {"maxAge": 1, "period": "+1q", "endDate": "2019-03-31", "growth": {}, "earningsEstimate": {"avg": 0.0, "low": 0.0, "high": 0.0, "yearAgoEps": 2.02, "numberOfAnalysts": 0, "growth": {}}, "revenueEstimate": {"avg": 5965500000, "low": 5937000000, "high": 5994000000, "numberOfAnalysts": 2, "yearAgoRevenue": 5480330000, "growth": 0.088999994}, "epsTrend": {"current": 0.0, "7daysAgo": 2.02, "30daysAgo": 2.02, "60daysAgo": 2.02, "90daysAgo": 2.02}, "epsRevisions": {"upLast7days": 0, "upLast30days": 0, "downLast30days": 0, "downLast90days": {}}}, {"maxAge": 1, "period": "0y", "endDate": "2019-03-31", "growth": {}, "earningsEstimate": {"avg": 0.0, "low": 0.0, "high": 0.0, "yearAgoEps": {}, "numberOfAnalysts": 0, "growth": {}}, "revenueEstimate": {"avg": 23929700000, "low": 23401500000, "high": 24362000000, "numberOfAnalysts": 13, "yearAgoRevenue": 23039800000, "growth": 0.039}, "epsTrend": {"current": 0.0, "7daysAgo": 9.51, "30daysAgo": 9.51, "60daysAgo": 9.51, "90daysAgo": 9.51}, "epsRevisions": {"upLast7days": 0, "upLast30days": 0, "downLast30days": 0, "downLast90days": {}}}, {"maxAge": 1, "period": "+1y", "endDate": "2020-03-31", "growth": {}, "earningsEstimate": {"avg": 0.0, "low": 0.0, "high": 0.0, "yearAgoEps": {}, "numberOfAnalysts": 0, "growth": {}}, "revenueEstimate": {"avg": 25687600000, "low": 24863200000, "high": 26874000000, "numberOfAnalysts": 14, "yearAgoRevenue": 23929700000, "growth": 0.073}, "epsTrend": {"current": 0.0, "7daysAgo": 11.35, "30daysAgo": 11.35, "60daysAgo": 11.35, "90daysAgo": 11.35}, "epsRevisions": {"upLast7days": 0, "upLast30days": 0, "downLast30days": 1, "downLast90days": {}}}, {"maxAge": 1, "period": "+5y", "endDate": null, "growth": 0.111999996, "earningsEstimate": {"avg": {}, "low": {}, "high": {}, "yearAgoEps": {}, "numberOfAnalysts": {}, "growth": {}}, "revenueEstimate": {"avg": {}, "low": {}, "high": {}, "numberOfAnalysts": {}, "yearAgoRevenue": {}, "growth": {}}, "epsTrend": {"current": {}, "7daysAgo": {}, "30daysAgo": {}, "60daysAgo": {}, "90daysAgo": {}}, "epsRevisions": {"upLast7days": {}, "upLast30days": {}, "downLast30days": {}, "downLast90days": {}}}, {"maxAge": 1, "period": "-5y", "endDate": null, "growth": {}, "earningsEstimate": {"avg": {}, "low": {}, "high": {}, "yearAgoEps": {}, "numberOfAnalysts": {}, "growth": {}}, "revenueEstimate": {"avg": {}, "low": {}, "high": {}, "numberOfAnalysts": {}, "yearAgoRevenue": {}, "growth": {}}, "epsTrend": {"current": {}, "7daysAgo": {}, "30daysAgo": {}, "60daysAgo": {}, "90daysAgo": {}}, "epsRevisions": {"upLast7days": {}, "upLast30days": {}, "downLast30days": {}, "downLast90days": {}}}], "maxAge": 1}, "financialData": {"maxAge": 86400, "currentPrice": 54.15, "targetHighPrice": 188.0, "targetLowPrice": 110.0, "targetMeanPrice": 135.38, "targetMedianPrice": 130.0, "recommendationKey": "none", "numberOfAnalystOpinions": 16, "grossProfits": 10125705000, "financialCurrency": "INR"}}}