{"JAINSTUDIO.NS": {"assetProfile": {"address1": "Scindia Villa", "address2": "Jain Studio Campus Ring Road Sarojini Nagar", "city": "New Delhi", "zip": "110023", "country": "India", "phone": "91 11 6506 0618", "fax": "91 11 2687 4046", "website": "http://www.jainstudiosltd.com", "industry": "Broadcasting", "sector": "Communication Services", "longBusinessSummary": "Jain Studios Limited engages in the electronic media business in India. The company was incorporated in 1991 and is based in New Delhi, India.", "fullTimeEmployees": 8, "companyOfficers": [{"maxAge": 1, "name": "Mr. Dilip Kumar Singh", "age": 51, "title": "Chairman & CEO", "yearBorn": 1969, "fiscalYear": 2019, "totalPay": 0, "exercisedValue": 0, "unexercisedValue": 0}, {"maxAge": 1, "name": "Mr. Sunil Kumar Malhotra", "title": "Chief Financial Officer", "fiscalYear": 2019, "totalPay": 1080000, "exercisedValue": 0, "unexercisedValue": 0}, {"maxAge": 1, "name": "Mr. Ashok  Kumar", "title": "Company Sec. & Compliance Officer", "fiscalYear": 2019, "totalPay": 46071, "exercisedValue": 0, "unexercisedValue": 0}, {"maxAge": 1, "name": "Ms. Renu  Kishore", "title": "Vice-Pres of Sales", "exercisedValue": 0, "unexercisedValue": 0}, {"maxAge": 1, "name": "Ms. Shalini  Dhanda", "title": "Production Head", "exercisedValue": 0, "unexercisedValue": 0}], "compensationAsOfEpochDate": "2019-12-31 05:30:00", "maxAge": 86400}, "cashflowStatementHistory": {"cashflowStatements": [{"maxAge": 1, "endDate": "2019-03-31", "netIncome": -11952000, "depreciation": 7747000, "changeToNetincome": -9792000, "changeToAccountReceivables": 24425000, "changeToLiabilities": -14001000, "changeToOperatingActivities": -24370000, "totalCashFromOperatingActivities": -27943000, "otherCashflowsFromInvestingActivities": 1373000, "totalCashflowsFromInvestingActivities": 1373000, "otherCashflowsFromFinancingActivities": -54000, "totalCashFromFinancingActivities": -54000, "changeInCash": -26622000}, {"maxAge": 1, "endDate": "2018-03-31", "netIncome": -11716000, "depreciation": 7795000, "changeToNetincome": -9053000, "changeToAccountReceivables": 27991000, "changeToLiabilities": -11836000, "changeToOperatingActivities": -4597000, "totalCashFromOperatingActivities": -1416000, "capitalExpenditures": -217000, "otherCashflowsFromInvestingActivities": 576000, "totalCashflowsFromInvestingActivities": 359000, "otherCashflowsFromFinancingActivities": -119000, "totalCashFromFinancingActivities": -119000, "changeInCash": -1176000}, {"maxAge": 1, "endDate": "2017-03-31", "netIncome": 4337000, "depreciation": 8536000, "changeToNetincome": -8733000, "changeToAccountReceivables": 8446000, "changeToLiabilities": -5451000, "changeToOperatingActivities": -3083000, "totalCashFromOperatingActivities": 4052000, "capitalExpenditures": -408000, "otherCashflowsFromInvestingActivities": 103000, "totalCashflowsFromInvestingActivities": -305000, "otherCashflowsFromFinancingActivities": -197000, "totalCashFromFinancingActivities": -197000, "changeInCash": 3550000}, {"maxAge": 1, "endDate": "2016-03-31", "netIncome": -8531500, "depreciation": 8947670, "changeToNetincome": 125980, "changeToAccountReceivables": -43791630, "changeToLiabilities": 45136630, "changeToOperatingActivities": -4168530, "totalCashFromOperatingActivities": -2281380, "capitalExpenditures": -130130, "investments": 3400000, "otherCashflowsFromInvestingActivities": 15580, "totalCashflowsFromInvestingActivities": 3285450, "otherCashflowsFromFinancingActivities": -3111030, "totalCashFromFinancingActivities": -3111030, "changeInCash": -2106960}], "maxAge": 86400}, "institutionOwnership": {"maxAge": 1, "ownershipList": []}, "majorHoldersBreakdown": {"maxAge": 1, "insidersPercentHeld": 0.84042, "institutionsPercentHeld": 0.0, "institutionsFloatPercentHeld": 0.0, "institutionsCount": 0}, "balanceSheetHistoryQuarterly": {"balanceSheetStatements": [{"maxAge": 1, "endDate": "2019-09-30", "cash": 148000, "shortTermInvestments": 8324000, "netReceivables": 360126000, "totalCurrentAssets": 368598000, "longTermInvestments": 52000000, "propertyPlantEquipment": 97136000, "otherAssets": 158008000, "deferredLongTermAssetCharges": 96546000, "totalAssets": 675742000, "accountsPayable": 252120000, "otherCurrentLiab": 68321000, "otherLiab": -1000, "totalCurrentLiabilities": 327751000, "totalLiab": 327750000, "commonStock": 285947000, "treasuryStock": 62045000, "otherStockholderEquity": 62045000, "totalStockholderEquity": 347992000, "netTangibleAssets": 347992000}, {"maxAge": 1, "endDate": "2019-06-30", "totalStockholderEquity": 356744000, "netTangibleAssets": 356744000}, {"maxAge": 1, "endDate": "2019-03-31", "cash": 1034000, "shortTermInvestments": 8225000, "netReceivables": 371896000, "otherCurrentAssets": 104055000, "totalCurrentAssets": 476985000, "longTermInvestments": 52000000, "propertyPlantEquipment": 100963000, "otherAssets": 61460000, "deferredLongTermAssetCharges": 96546000, "totalAssets": 691408000, "accountsPayable": 260000000, "otherCurrentLiab": 50176000, "otherLiab": 5068000, "totalCurrentLiabilities": 329596000, "totalLiab": 334664000, "commonStock": 285947000, "retainedEarnings": -348319000, "treasuryStock": 56233000, "capitalSurplus": 362883000, "otherStockholderEquity": 56233000, "totalStockholderEquity": 356744000, "netTangibleAssets": 356744000}, {"maxAge": 1, "endDate": "2018-12-31", "cash": 1205000, "shortTermInvestments": 7531000, "netReceivables": 386941000, "totalCurrentAssets": 395677000, "longTermInvestments": 52000000, "propertyPlantEquipment": 102934000, "otherAssets": 139214000, "deferredLongTermAssetCharges": 88075000, "totalAssets": 689825000, "otherCurrentLiab": 335082000, "totalCurrentLiabilities": 335082000, "totalLiab": 335082000, "commonStock": 285947000, "treasuryStock": 68796000, "otherStockholderEquity": 68796000, "totalStockholderEquity": 354743000, "netTangibleAssets": 354743000}], "maxAge": 86400}, "indexTrend": {"maxAge": 1, "symbol": "SP5", "peRatio": 19.7411, "pegRatio": 1.34172, "estimates": [{"period": "0q", "growth": 0.549}, {"period": "+1q", "growth": 0.431}, {"period": "0y", "growth": 0.305}, {"period": "+1y", "growth": 0.109}, {"period": "+5y", "growth": 0.120865}, {"period": "-5y"}]}, "defaultKeyStatistics": {"maxAge": 1, "priceHint": 4, "enterpriseValue": 39864668, "profitMargins": 0.0, "floatShares": 9509244, "sharesOutstanding": 28594700, "heldPercentInsiders": 0.84042, "heldPercentInstitutions": 0.0, "beta": 1.381452, "category": null, "bookValue": 12.239, "priceToBook": 0.13890024, "fundFamily": null, "legalType": null, "lastFiscalYearEnd": "2019-03-31 05:30:00", "nextFiscalYearEnd": "2021-03-31 05:30:00", "mostRecentQuarter": "2019-09-30 05:30:00", "netIncomeToCommon": -11022000, "trailingEps": -0.389, "lastSplitFactor": null, "enterpriseToRevenue": -109.82, "enterpriseToEbitda": -3.308, "52WeekChange": 0.78947365, "SandP52WeekChange": 0.48148263}, "summaryProfile": {"address1": "Scindia Villa", "address2": "Jain Studio Campus Ring Road Sarojini Nagar", "city": "New Delhi", "zip": "110023", "country": "India", "phone": "91 11 6506 0618", "fax": "91 11 2687 4046", "website": "http://www.jainstudiosltd.com", "industry": "Broadcasting", "sector": "Communication Services", "longBusinessSummary": "Jain Studios Limited engages in the electronic media business in India. The company was incorporated in 1991 and is based in New Delhi, India.", "fullTimeEmployees": 8, "companyOfficers": [], "maxAge": 86400}, "netSharePurchaseActivity": {"maxAge": 1, "period": "6m", "buyInfoCount": 0, "buyInfoShares": 0, "sellInfoCount": 0, "netInfoCount": 0, "netInfoShares": 0, "netPercentInsiderShares": 0.0, "totalInsiderShares": 23895942}, "insiderTransactions": {"transactions": [{"maxAge": 1, "shares": 1579350, "filerUrl": "", "transactionText": "", "filerName": "Dr Jain Video on Wheels, Ltd.", "filerRelation": "Institution- Corporation", "moneyText": "", "startDate": "2013-10-17", "ownership": "D"}, {"maxAge": 1, "shares": 1579350, "filerUrl": "", "transactionText": "", "filerName": "Noida Software Technology Park, Ltd.", "filerRelation": "Institution- Corporation", "moneyText": "", "startDate": "2013-10-17", "ownership": "D"}, {"maxAge": 1, "shares": 6050000, "filerUrl": "", "transactionText": "", "filerName": "Jain (Jinendra Kumar)", "filerRelation": "Managing Director", "moneyText": "", "startDate": "2012-04-23", "ownership": "D"}], "maxAge": 1}, "quoteType": {"exchange": "NSI", "quoteType": "EQUITY", "symbol": "JAINSTUDIO.NS", "underlyingSymbol": "JAINSTUDIO.NS", "shortName": "JAIN STUDIOS", "longName": "Jain Studios Limited", "firstTradeDateEpochUtc": "2002-07-01 09:15:00", "timeZoneFullName": "Asia/Kolkata", "timeZoneShortName": "IST", "uuid": "56eb7ee6-583f-3fe9-a789-a72bd30b1838", "messageBoardId": "finmb_20345652", "gmtOffSetMilliseconds": 19800000, "maxAge": 1}, "incomeStatementHistory": {"incomeStatementHistory": [{"maxAge": 1, "endDate": "2019-03-31", "totalRevenue": 2071000, "costOfRevenue": 7597000, "grossProfit": -5526000, "researchDevelopment": {}, "sellingGeneralAdministrative": {}, "nonRecurring": {}, "otherOperatingExpenses": 7545000, "totalOperatingExpenses": 22889000, "operatingIncome": -20818000, "totalOtherIncomeExpenseNet": 395000, "ebit": -20818000, "interestExpense": -54000, "incomeBeforeTax": -20423000, "incomeTaxExpense": -8471000, "minorityInterest": {}, "netIncomeFromContinuingOps": -11952000, "discontinuedOperations": {}, "extraordinaryItems": {}, "effectOfAccountingCharges": {}, "otherItems": {}, "netIncome": -11952000, "netIncomeApplicableToCommonShares": -11952000}, {"maxAge": 1, "endDate": "2018-03-31", "totalRevenue": 31897000, "costOfRevenue": 28621000, "grossProfit": 3276000, "researchDevelopment": {}, "sellingGeneralAdministrative": 781000, "nonRecurring": {}, "otherOperatingExpenses": 15727000, "totalOperatingExpenses": 52338000, "operatingIncome": -20441000, "totalOtherIncomeExpenseNet": 128000, "ebit": -20441000, "interestExpense": -119000, "incomeBeforeTax": -20312000, "incomeTaxExpense": -8596000, "minorityInterest": {}, "netIncomeFromContinuingOps": -11716000, "discontinuedOperations": {}, "extraordinaryItems": {}, "effectOfAccountingCharges": {}, "otherItems": {}, "netIncome": -11716000, "netIncomeApplicableToCommonShares": -11716000}, {"maxAge": 1, "endDate": "2017-03-31", "totalRevenue": 85308000, "costOfRevenue": 61054000, "grossProfit": 24254000, "researchDevelopment": {}, "sellingGeneralAdministrative": 929000, "nonRecurring": {}, "otherOperatingExpenses": 19186000, "totalOperatingExpenses": 89705000, "operatingIncome": -4397000, "totalOtherIncomeExpenseNet": -290730, "ebit": -4397000, "interestExpense": -197000, "incomeBeforeTax": -4491000, "incomeTaxExpense": -8828000, "minorityInterest": {}, "netIncomeFromContinuingOps": 4337000, "discontinuedOperations": {}, "extraordinaryItems": {}, "effectOfAccountingCharges": {}, "otherItems": {}, "netIncome": 4337000, "netIncomeApplicableToCommonShares": 4337000}, {"maxAge": 1, "endDate": "2016-03-31", "totalRevenue": 103393010, "costOfRevenue": 77341830, "grossProfit": 26051180, "researchDevelopment": {}, "sellingGeneralAdministrative": 1376000, "nonRecurring": {}, "otherOperatingExpenses": 24133010, "totalOperatingExpenses": 111798510, "operatingIncome": -8405500, "totalOtherIncomeExpenseNet": -11295470, "ebit": -8405500, "interestExpense": -3019710, "incomeBeforeTax": -19700970, "incomeTaxExpense": -11169470, "minorityInterest": {}, "netIncomeFromContinuingOps": -8531500, "discontinuedOperations": {}, "extraordinaryItems": {}, "effectOfAccountingCharges": {}, "otherItems": {}, "netIncome": -8531500, "netIncomeApplicableToCommonShares": -8531500}], "maxAge": 86400}, "fundOwnership": {"maxAge": 1, "ownershipList": []}, "summaryDetail": {"maxAge": 1, "priceHint": 4, "previousClose": 1.7, "open": 1.6, "dayLow": 1.6, "dayHigh": 1.7, "regularMarketPreviousClose": 1.7, "regularMarketOpen": 1.6, "regularMarketDayLow": 1.6, "regularMarketDayHigh": 1.7, "payoutRatio": 0.0, "beta": 1.381452, "volume": 2252, "regularMarketVolume": 2252, "averageVolume": 1900, "averageVolume10days": 914, "averageDailyVolume10Day": 914, "bid": 1.7, "ask": 0.0, "bidSize": 0, "askSize": 0, "marketCap": 54329960, "fiftyTwoWeekLow": 0.8, "fiftyTwoWeekHigh": 5.8, "priceToSalesTrailing12Months": -149.66931, "fiftyDayAverage": 1.9378788, "twoHundredDayAverage": 1.9719858, "currency": "INR", "fromCurrency": null, "toCurrency": null, "lastMarket": null, "algorithm": null, "tradeable": false}, "incomeStatementHistoryQuarterly": {"incomeStatementHistory": [{"maxAge": 1, "endDate": "2019-09-30", "totalRevenue": 82000, "costOfRevenue": 1673000, "grossProfit": -1591000, "researchDevelopment": {}, "sellingGeneralAdministrative": {}, "nonRecurring": {}, "otherOperatingExpenses": 615000, "totalOperatingExpenses": 4201000, "operatingIncome": -4119000, "totalOtherIncomeExpenseNet": -146000, "ebit": -4119000, "interestExpense": -146000, "incomeBeforeTax": -4265000, "incomeTaxExpense": 0, "minorityInterest": {}, "netIncomeFromContinuingOps": -4265000, "discontinuedOperations": {}, "extraordinaryItems": {}, "effectOfAccountingCharges": {}, "otherItems": {}, "netIncome": -4265000, "netIncomeApplicableToCommonShares": -4265000}, {"maxAge": 1, "endDate": "2019-06-30", "totalRevenue": 0, "costOfRevenue": 1865820, "grossProfit": -1865820, "researchDevelopment": {}, "sellingGeneralAdministrative": {}, "nonRecurring": {}, "otherOperatingExpenses": 705922, "totalOperatingExpenses": 4484667, "operatingIncome": -4484667, "totalOtherIncomeExpenseNet": -1911, "ebit": -4484667, "interestExpense": -1911, "incomeBeforeTax": -4486578, "incomeTaxExpense": 0, "minorityInterest": {}, "netIncomeFromContinuingOps": -4486578, "discontinuedOperations": {}, "extraordinaryItems": {}, "effectOfAccountingCharges": {}, "otherItems": {}, "netIncome": -4486578, "netIncomeApplicableToCommonShares": -4486578}, {"maxAge": 1, "endDate": "2019-03-31", "totalRevenue": -449000, "costOfRevenue": 2183000, "grossProfit": -2632000, "researchDevelopment": {}, "sellingGeneralAdministrative": {}, "nonRecurring": {}, "otherOperatingExpenses": 2293000, "totalOperatingExpenses": 6448000, "operatingIncome": -6897000, "totalOtherIncomeExpenseNet": 429000, "ebit": -6897000, "interestExpense": -20000, "incomeBeforeTax": -6468000, "incomeTaxExpense": -8471000, "minorityInterest": {}, "netIncomeFromContinuingOps": 2003000, "discontinuedOperations": {}, "extraordinaryItems": {}, "effectOfAccountingCharges": {}, "otherItems": {}, "netIncome": 2003000, "netIncomeApplicableToCommonShares": 2003000}, {"maxAge": 1, "endDate": "2018-12-31", "totalRevenue": 4000, "costOfRevenue": 1696000, "grossProfit": -1692000, "researchDevelopment": {}, "sellingGeneralAdministrative": {}, "nonRecurring": {}, "otherOperatingExpenses": 654000, "totalOperatingExpenses": 4275000, "operatingIncome": -4271000, "totalOtherIncomeExpenseNet": 9000, "ebit": -4271000, "interestExpense": -1000, "incomeBeforeTax": -4272000, "incomeTaxExpense": 0, "minorityInterest": {}, "netIncomeFromContinuingOps": -4272000, "discontinuedOperations": {}, "extraordinaryItems": {}, "effectOfAccountingCharges": {}, "otherItems": {}, "netIncome": -4272000, "netIncomeApplicableToCommonShares": -4272000}], "maxAge": 86400}, "cashflowStatementHistoryQuarterly": {"cashflowStatements": [{"maxAge": 1, "endDate": "2019-09-30", "netIncome": -4265000, "changeToLiabilities": 0}, {"maxAge": 1, "endDate": "2019-06-30", "netIncome": -4486578, "changeToLiabilities": 0}, {"maxAge": 1, "endDate": "2019-03-31", "netIncome": 2003000, "changeToLiabilities": 0}, {"maxAge": 1, "endDate": "2018-12-31", "netIncome": -4272000, "changeToLiabilities": 0}], "maxAge": 86400}, "insiderHolders": {"holders": [{"maxAge": 1, "name": "Dr Jain Video on Wheels, Ltd.", "relation": "Institution- Corporation", "url": "", "transactionDescription": "Exercise", "latestTransDate": "2013-10-17", "positionDirect": 1579350, "positionDirectDate": "2013-10-17"}, {"maxAge": 1, "name": "Jain (Jinendra Kumar)", "relation": "Managing Director", "url": "", "transactionDescription": "Acquisition", "latestTransDate": "2012-04-23", "positionDirect": 6250100, "positionDirectDate": "2012-04-23"}, {"maxAge": 1, "name": "Noida Software Technology Park, Ltd.", "relation": "Institution- Corporation", "url": "", "transactionDescription": "Exercise", "latestTransDate": "2013-10-17", "positionDirect": 1579350, "positionDirectDate": "2013-10-17"}], "maxAge": 1}, "calendarEvents": {"maxAge": 1, "earnings": {"earningsDate": []}}, "price": {"maxAge": 1, "regularMarketChangePercent": 0.0, "regularMarketChange": 0.0, "regularMarketTime": "2021-04-28 13:48:32", "priceHint": 4, "regularMarketPrice": 1.7, "regularMarketDayHigh": 1.7, "regularMarketDayLow": 1.6, "regularMarketVolume": 2252, "averageDailyVolume10Day": 914, "averageDailyVolume3Month": 1900, "regularMarketPreviousClose": 1.7, "regularMarketSource": "FREE_REALTIME", "regularMarketOpen": 1.6, "exchange": "NSI", "exchangeName": "NSE", "exchangeDataDelayedBy": 15, "marketState": "CLOSED", "quoteType": "EQUITY", "symbol": "JAINSTUDIO.NS", "underlyingSymbol": null, "shortName": "JAIN STUDIOS", "longName": "Jain Studios Limited", "currency": "INR", "quoteSourceName": "Delayed Quote", "currencySymbol": "\u20b9", "fromCurrency": null, "toCurrency": null, "lastMarket": null, "marketCap": 54329960}, "balanceSheetHistory": {"balanceSheetStatements": [{"maxAge": 1, "endDate": "2019-03-31", "cash": 1034000, "shortTermInvestments": 8225000, "netReceivables": 371896000, "otherCurrentAssets": 104055000, "totalCurrentAssets": 476985000, "longTermInvestments": 52000000, "propertyPlantEquipment": 100963000, "otherAssets": 61460000, "deferredLongTermAssetCharges": 96546000, "totalAssets": 691408000, "accountsPayable": 260000000, "otherCurrentLiab": 50176000, "otherLiab": 5068000, "totalCurrentLiabilities": 329596000, "totalLiab": 334664000, "commonStock": 285947000, "retainedEarnings": -348319000, "treasuryStock": 56233000, "capitalSurplus": 362883000, "otherStockholderEquity": 56233000, "totalStockholderEquity": 356744000, "netTangibleAssets": 356744000}, {"maxAge": 1, "endDate": "2018-03-31", "cash": 4472000, "netReceivables": 402763000, "otherCurrentAssets": 96479000, "totalCurrentAssets": 503714000, "longTermInvestments": 52000000, "propertyPlantEquipment": 108708000, "otherAssets": 51627000, "deferredLongTermAssetCharges": 88075000, "totalAssets": 716049000, "accountsPayable": 235889000, "otherCurrentLiab": 86730000, "otherLiab": 3757000, "totalCurrentLiabilities": 343597000, "totalLiab": 347354000, "commonStock": 285947000, "retainedEarnings": -336367000, "treasuryStock": 56233000, "capitalSurplus": 362882000, "otherStockholderEquity": 56233000, "totalStockholderEquity": 368695000, "netTangibleAssets": 368695000}, {"maxAge": 1, "endDate": "2017-03-31", "cash": 5648000, "netReceivables": 427167000, "otherCurrentAssets": 87394000, "totalCurrentAssets": 520209000, "longTermInvestments": 52000000, "propertyPlantEquipment": 116286000, "otherAssets": 51359000, "deferredLongTermAssetCharges": 79479690, "totalAssets": 739854000, "accountsPayable": 237676000, "otherCurrentLiab": 96173000, "otherLiab": 4008000, "totalCurrentLiabilities": 355433000, "totalLiab": 359441000, "commonStock": 285947000, "retainedEarnings": -324651000, "treasuryStock": 56233000, "capitalSurplus": 362884000, "otherStockholderEquity": 56233000, "totalStockholderEquity": 380413000, "netTangibleAssets": 380413000}, {"maxAge": 1, "endDate": "2016-03-31", "cash": 2098210, "netReceivables": 420509980, "otherCurrentAssets": 20166890, "totalCurrentAssets": 442786350, "longTermInvestments": 52000000, "propertyPlantEquipment": 124508830, "otherAssets": 121958650, "deferredLongTermAssetCharges": 70651540, "totalAssets": 741253830, "accountsPayable": 229987420, "otherCurrentLiab": 110110980, "otherLiab": 12303960, "totalCurrentLiabilities": 352781240, "totalLiab": 365085200, "commonStock": 285946820, "retainedEarnings": -328989730, "treasuryStock": 56326980, "capitalSurplus": 362884560, "otherStockholderEquity": 56326980, "totalStockholderEquity": 376168630, "netTangibleAssets": 376168630}], "maxAge": 86400}, "financialData": {"maxAge": 86400, "currentPrice": 1.7, "recommendationKey": "none", "totalCash": 8472000, "totalCashPerShare": 0.298, "ebitda": -12050000, "totalDebt": 0, "quickRatio": 1.109, "currentRatio": 1.125, "totalRevenue": -363000, "revenuePerShare": -0.013, "returnOnAssets": -0.018099999, "returnOnEquity": -0.03118, "grossProfits": -5526000, "freeCashflow": 16003250, "operatingCashflow": -25174000, "revenueGrowth": -0.791, "grossMargins": 0.0, "ebitdaMargins": 0.0, "operatingMargins": 54.47107, "profitMargins": 0.0, "financialCurrency": "INR"}}}