{"JASCH.BO": {"recommendationTrend": {"trend": [{"period": "0m", "strongBuy": 0, "buy": 0, "hold": 0, "sell": 0, "strongSell": 0}, {"period": "-1m", "strongBuy": 0, "buy": 0, "hold": 0, "sell": 0, "strongSell": 0}, {"period": "-2m", "strongBuy": 0, "buy": 0, "hold": 0, "sell": 0, "strongSell": 0}, {"period": "-3m", "strongBuy": 0, "buy": 0, "hold": 0, "sell": 0, "strongSell": 0}], "maxAge": 86400}, "cashflowStatementHistory": {"cashflowStatements": [{"maxAge": 1, "endDate": "2020-03-31", "netIncome": 35537000, "depreciation": 31116000, "changeToNetincome": 28878000, "changeToAccountReceivables": 45439000, "changeToLiabilities": -38464000, "changeToInventory": 76249000, "changeToOperatingActivities": -14717000, "totalCashFromOperatingActivities": 164038000, "capitalExpenditures": -27535000, "investments": -1437000, "otherCashflowsFromInvestingActivities": 15511000, "totalCashflowsFromInvestingActivities": 29727000, "netBorrowings": -245703000, "otherCashflowsFromFinancingActivities": -24256000, "totalCashFromFinancingActivities": -269959000, "changeInCash": -76194000}, {"maxAge": 1, "endDate": "2019-03-31", "netIncome": 79794000, "depreciation": 31414000, "changeToNetincome": 13701000, "changeToAccountReceivables": 5320000, "changeToLiabilities": 4900000, "changeToInventory": 23163000, "changeToOperatingActivities": -27052000, "totalCashFromOperatingActivities": 135345000, "capitalExpenditures": -77448000, "investments": -4926000, "otherCashflowsFromInvestingActivities": 7629000, "totalCashflowsFromInvestingActivities": -70684000, "netBorrowings": 25474000, "otherCashflowsFromFinancingActivities": -25913000, "totalCashFromFinancingActivities": -439000, "changeInCash": 64222000}, {"maxAge": 1, "endDate": "2018-03-31", "netIncome": 43929000, "depreciation": 30893000, "changeToNetincome": 16918000, "changeToAccountReceivables": -75946000, "changeToLiabilities": 68479000, "changeToInventory": -100638000, "changeToOperatingActivities": 66445000, "totalCashFromOperatingActivities": 50080000, "capitalExpenditures": -65582000, "investments": -35149000, "otherCashflowsFromInvestingActivities": 4639000, "totalCashflowsFromInvestingActivities": -85928000, "netBorrowings": 21952000, "otherCashflowsFromFinancingActivities": -26115000, "totalCashFromFinancingActivities": -4163000, "changeInCash": -40011000}, {"maxAge": 1, "endDate": "2017-03-31", "netIncome": 62572000, "depreciation": 30081000, "changeToNetincome": 23271000, "changeToAccountReceivables": 17370000, "changeToLiabilities": 31634000, "changeToInventory": -41388000, "changeToOperatingActivities": 3177000, "totalCashFromOperatingActivities": 126717000, "capitalExpenditures": -33025000, "investments": -2746000, "otherCashflowsFromInvestingActivities": 10477000, "totalCashflowsFromInvestingActivities": -25273000, "netBorrowings": 20307000, "otherCashflowsFromFinancingActivities": -26811000, "totalCashFromFinancingActivities": -6504000, "changeInCash": 94940000}], "maxAge": 86400}, "institutionOwnership": {"maxAge": 1, "ownershipList": []}, "balanceSheetHistoryQuarterly": {"balanceSheetStatements": [{"maxAge": 1, "endDate": "2020-03-31", "cash": 90009000, "netReceivables": 226464000, "inventory": 195947000, "otherCurrentAssets": 24950000, "totalCurrentAssets": 571261000, "longTermInvestments": 20758000, "propertyPlantEquipment": 310814000, "otherAssets": 12500000, "totalAssets": 915333000, "accountsPayable": 183811000, "shortLongTermDebt": 12783000, "otherCurrentLiab": 50078000, "longTermDebt": 22494000, "otherLiab": 48973000, "totalCurrentLiabilities": 264909000, "totalLiab": 336376000, "commonStock": 113300000, "retainedEarnings": 465657000, "totalStockholderEquity": 578957000, "netTangibleAssets": 578957000}, {"maxAge": 1, "endDate": "2019-12-31", "totalStockholderEquity": 546638000, "netTangibleAssets": 546638000}, {"maxAge": 1, "endDate": "2019-09-30", "cash": 236251000, "shortTermInvestments": 37158000, "netReceivables": 233331000, "inventory": 188030000, "otherCurrentAssets": 4447000, "totalCurrentAssets": 699217000, "longTermInvestments": 20343000, "propertyPlantEquipment": 316305000, "otherAssets": 12813000, "totalAssets": 1048678000, "accountsPayable": 164733000, "otherCurrentLiab": 60833000, "longTermDebt": 33469000, "otherLiab": 50731000, "totalCurrentLiabilities": 417840000, "totalLiab": 502040000, "commonStock": 113300000, "treasuryStock": 433338000, "otherStockholderEquity": 433338000, "totalStockholderEquity": 546638000, "netTangibleAssets": 546638000}, {"maxAge": 1, "endDate": "2019-06-30", "totalStockholderEquity": 549971000, "netTangibleAssets": 492906000}], "maxAge": 86400}, "earningsHistory": {"history": [{"maxAge": 1, "epsActual": {}, "epsEstimate": {}, "epsDifference": {}, "surprisePercent": {}, "quarter": {}, "period": "-4q"}, {"maxAge": 1, "epsActual": {}, "epsEstimate": {}, "epsDifference": {}, "surprisePercent": {}, "quarter": {}, "period": "-3q"}, {"maxAge": 1, "epsActual": {}, "epsEstimate": {}, "epsDifference": {}, "surprisePercent": {}, "quarter": {}, "period": "-2q"}, {"maxAge": 1, "epsActual": 1.4, "epsEstimate": 1.48, "epsDifference": -0.08, "surprisePercent": -0.054, "quarter": "2018-06-30", "period": "-1q"}], "maxAge": 86400}, "indexTrend": {"maxAge": 1, "symbol": "SP5", "peRatio": 19.7411, "pegRatio": 1.34172, "estimates": [{"period": "0q", "growth": 0.549}, {"period": "+1q", "growth": 0.431}, {"period": "0y", "growth": 0.305}, {"period": "+1y", "growth": 0.109}, {"period": "+5y", "growth": 0.120859005}, {"period": "-5y"}]}, "industryTrend": {"maxAge": 1, "symbol": null, "estimates": []}, "insiderTransactions": {"transactions": [{"maxAge": 1, "shares": 500000, "filerUrl": "", "transactionText": "", "filerName": "Garg (Gunjan)", "filerRelation": "Promoter", "moneyText": "", "startDate": "2015-11-19", "ownership": "D"}, {"maxAge": 1, "shares": 258275, "filerUrl": "", "transactionText": "", "filerName": "Garg (J K & Sons) HUF", "filerRelation": "Promoter", "moneyText": "", "startDate": "2015-11-19", "ownership": "D"}, {"maxAge": 1, "shares": 1760781, "filerUrl": "", "transactionText": "", "filerName": "Garg (Jai Kishan)", "filerRelation": "Promoter", "moneyText": "", "startDate": "2015-11-19", "ownership": "D"}, {"maxAge": 1, "shares": 355945, "filerUrl": "", "transactionText": "", "filerName": "Garg (Kamlesh)", "filerRelation": "Promoter", "moneyText": "", "startDate": "2015-11-19", "ownership": "D"}, {"maxAge": 1, "shares": 444620, "filerUrl": "", "transactionText": "", "filerName": "Garg (Manish)", "filerRelation": "Promoter", "moneyText": "", "startDate": "2015-11-19", "ownership": "D"}, {"maxAge": 1, "shares": 500000, "filerUrl": "", "transactionText": "", "filerName": "Garg (Navneet)", "filerRelation": "Promoter", "moneyText": "", "startDate": "2015-11-19", "ownership": "D"}, {"maxAge": 1, "shares": 313125, "filerUrl": "", "transactionText": "", "filerName": "Garg (Ramnik)", "filerRelation": "Promoter", "moneyText": "", "startDate": "2015-11-19", "ownership": "D"}, {"maxAge": 1, "shares": 358981, "filerUrl": "", "transactionText": "", "filerName": "Garg (Ritu)", "filerRelation": "Promoter", "moneyText": "", "startDate": "2015-11-19", "ownership": "D"}], "maxAge": 1}, "quoteType": {"exchange": "BSE", "quoteType": "EQUITY", "symbol": "JASCH.BO", "underlyingSymbol": "JASCH.BO", "shortName": "JASCH INDUSTRIES LTD.", "longName": "Jasch Industries Limited", "firstTradeDateEpochUtc": "2002-04-18 09:15:00", "timeZoneFullName": "Asia/Kolkata", "timeZoneShortName": "IST", "uuid": "d5dd773f-772a-3670-8559-878876efa100", "messageBoardId": null, "gmtOffSetMilliseconds": 19800000, "maxAge": 1}, "incomeStatementHistory": {"incomeStatementHistory": [{"maxAge": 1, "endDate": "2020-03-31", "totalRevenue": 1337139000, "costOfRevenue": 986638000, "grossProfit": 350501000, "researchDevelopment": {}, "sellingGeneralAdministrative": 128139000, "nonRecurring": {}, "otherOperatingExpenses": 71944000, "totalOperatingExpenses": 1221405000, "operatingIncome": 115734000, "totalOtherIncomeExpenseNet": -63566000, "ebit": 115734000, "interestExpense": -22256000, "incomeBeforeTax": 52168000, "incomeTaxExpense": 16631000, "minorityInterest": {}, "netIncomeFromContinuingOps": 35537000, "discontinuedOperations": {}, "extraordinaryItems": {}, "effectOfAccountingCharges": {}, "otherItems": {}, "netIncome": 35537000, "netIncomeApplicableToCommonShares": 35537000}, {"maxAge": 1, "endDate": "2019-03-31", "totalRevenue": 1792054000, "costOfRevenue": 1376672000, "grossProfit": 415382000, "researchDevelopment": {}, "sellingGeneralAdministrative": 128284000, "nonRecurring": {}, "otherOperatingExpenses": 113141000, "totalOperatingExpenses": 1657040000, "operatingIncome": 135014000, "totalOtherIncomeExpenseNet": -33964000, "ebit": 135014000, "interestExpense": -23120000, "incomeBeforeTax": 101050000, "incomeTaxExpense": 21256000, "minorityInterest": {}, "netIncomeFromContinuingOps": 79794000, "discontinuedOperations": {}, "extraordinaryItems": {}, "effectOfAccountingCharges": {}, "otherItems": {}, "netIncome": 79794000, "netIncomeApplicableToCommonShares": 79794000}, {"maxAge": 1, "endDate": "2018-03-31", "totalRevenue": 1564909000, "costOfRevenue": 1188409000, "grossProfit": 376500000, "researchDevelopment": {}, "sellingGeneralAdministrative": 113214000, "nonRecurring": {}, "otherOperatingExpenses": 131814000, "totalOperatingExpenses": 1469626000, "operatingIncome": 95283000, "totalOtherIncomeExpenseNet": -22884000, "ebit": 95283000, "interestExpense": -22741000, "incomeBeforeTax": 72399000, "incomeTaxExpense": 28470000, "minorityInterest": {}, "netIncomeFromContinuingOps": 43929000, "discontinuedOperations": {}, "extraordinaryItems": {}, "effectOfAccountingCharges": {}, "otherItems": {}, "netIncome": 43929000, "netIncomeApplicableToCommonShares": 43929000}, {"maxAge": 1, "endDate": "2017-03-31", "totalRevenue": 1288400000, "costOfRevenue": 895950000, "grossProfit": 392450000, "researchDevelopment": {}, "sellingGeneralAdministrative": 139905000, "nonRecurring": {}, "otherOperatingExpenses": 111512000, "totalOperatingExpenses": 1183779000, "operatingIncome": 104621000, "totalOtherIncomeExpenseNet": -17108000, "ebit": 104621000, "interestExpense": -22589000, "incomeBeforeTax": 87513000, "incomeTaxExpense": 24941000, "minorityInterest": {}, "netIncomeFromContinuingOps": 62572000, "discontinuedOperations": {}, "extraordinaryItems": {}, "effectOfAccountingCharges": {}, "otherItems": {}, "netIncome": 62572000, "netIncomeApplicableToCommonShares": 62572000}], "maxAge": 86400}, "fundOwnership": {"maxAge": 1, "ownershipList": []}, "summaryDetail": {"maxAge": 1, "priceHint": 2, "previousClose": 65.35, "open": 63.1, "dayLow": 61.5, "dayHigh": 66.35, "regularMarketPreviousClose": 65.35, "regularMarketOpen": 63.1, "regularMarketDayLow": 61.5, "regularMarketDayHigh": 66.35, "trailingPE": 20.321962, "forwardPE": 10.416667, "volume": 15056, "regularMarketVolume": 15056, "averageVolume": 11109, "averageVolume10days": 25304, "averageDailyVolume10Day": 25304, "bid": 63.5, "ask": 63.75, "bidSize": 0, "askSize": 0, "marketCap": 722287488, "fiftyTwoWeekLow": 16.05, "fiftyTwoWeekHigh": 66.35, "fiftyDayAverage": 46.92, "twoHundredDayAverage": 34.39635, "currency": "INR", "fromCurrency": null, "toCurrency": null, "lastMarket": null, "algorithm": null, "tradeable": false}, "sectorTrend": {"maxAge": 1, "symbol": null, "estimates": []}, "incomeStatementHistoryQuarterly": {"incomeStatementHistory": [{"maxAge": 1, "endDate": "2020-03-31", "totalRevenue": 327449000, "costOfRevenue": 246609000, "grossProfit": 80840000, "researchDevelopment": {}, "sellingGeneralAdministrative": 37756000, "nonRecurring": {}, "otherOperatingExpenses": -40717000, "totalOperatingExpenses": 253424000, "operatingIncome": 74025000, "totalOtherIncomeExpenseNet": -52745000, "ebit": 74025000, "interestExpense": -3102000, "incomeBeforeTax": 21280000, "incomeTaxExpense": 6331000, "minorityInterest": {}, "netIncomeFromContinuingOps": 14949000, "discontinuedOperations": {}, "extraordinaryItems": {}, "effectOfAccountingCharges": {}, "otherItems": {}, "netIncome": 14949000, "netIncomeApplicableToCommonShares": 14949000}, {"maxAge": 1, "endDate": "2019-12-31", "totalRevenue": 324468000, "costOfRevenue": 230774000, "grossProfit": 93694000, "researchDevelopment": {}, "sellingGeneralAdministrative": 31122000, "nonRecurring": {}, "otherOperatingExpenses": 27203000, "totalOperatingExpenses": 296420000, "operatingIncome": 28048000, "totalOtherIncomeExpenseNet": -4554000, "ebit": 28048000, "interestExpense": -6298000, "incomeBeforeTax": 23494000, "incomeTaxExpense": 5467000, "minorityInterest": {}, "netIncomeFromContinuingOps": 18027000, "discontinuedOperations": {}, "extraordinaryItems": {}, "effectOfAccountingCharges": {}, "otherItems": {}, "netIncome": 18027000, "netIncomeApplicableToCommonShares": 18027000}, {"maxAge": 1, "endDate": "2019-09-30", "totalRevenue": 308985000, "costOfRevenue": 219173000, "grossProfit": 89812000, "researchDevelopment": {}, "sellingGeneralAdministrative": 29285000, "nonRecurring": {}, "otherOperatingExpenses": 57286000, "totalOperatingExpenses": 313070000, "operatingIncome": -4085000, "totalOtherIncomeExpenseNet": -3340000, "ebit": -4085000, "interestExpense": -6078000, "incomeBeforeTax": -7425000, "incomeTaxExpense": -1326000, "minorityInterest": {}, "netIncomeFromContinuingOps": -6099000, "discontinuedOperations": {}, "extraordinaryItems": {}, "effectOfAccountingCharges": {}, "otherItems": {}, "netIncome": -6099000, "netIncomeApplicableToCommonShares": -6099000}, {"maxAge": 1, "endDate": "2019-06-30", "totalRevenue": 376237000, "costOfRevenue": 290083000, "grossProfit": 86154000, "researchDevelopment": {}, "sellingGeneralAdministrative": 29976000, "nonRecurring": {}, "otherOperatingExpenses": 28172000, "totalOperatingExpenses": 358492000, "operatingIncome": 17745000, "totalOtherIncomeExpenseNet": -2926000, "ebit": 17745000, "interestExpense": -6777000, "incomeBeforeTax": 14819000, "incomeTaxExpense": 6159000, "minorityInterest": {}, "netIncomeFromContinuingOps": 8660000, "discontinuedOperations": {}, "extraordinaryItems": {}, "effectOfAccountingCharges": {}, "otherItems": {}, "netIncome": 8660000, "netIncomeApplicableToCommonShares": 8660000}], "maxAge": 86400}, "cashflowStatementHistoryQuarterly": {"cashflowStatements": [{"maxAge": 1, "endDate": "2020-03-31", "netIncome": 14949000, "changeToLiabilities": 0}, {"maxAge": 1, "endDate": "2019-12-31", "netIncome": 18027000, "changeToLiabilities": 0}, {"maxAge": 1, "endDate": "2019-09-30", "netIncome": -6099000, "changeToLiabilities": 0}, {"maxAge": 1, "endDate": "2019-06-30", "netIncome": 8660000, "changeToLiabilities": 0}], "maxAge": 86400}, "insiderHolders": {"holders": [{"maxAge": 1, "name": "Garg (Gunjan)", "relation": "Promoter", "url": "", "transactionDescription": "Other", "latestTransDate": "2015-11-19", "positionDirect": 544472, "positionDirectDate": "2015-11-19"}, {"maxAge": 1, "name": "Garg (J K & Sons) HUF", "relation": "Promoter", "url": "", "transactionDescription": "Other", "latestTransDate": "2015-11-19", "positionDirect": 0, "positionDirectDate": "2015-11-19"}, {"maxAge": 1, "name": "Garg (Jai Kishan)", "relation": "Promoter", "url": "", "transactionDescription": "Other", "latestTransDate": "2015-11-19", "positionDirect": 637710, "positionDirectDate": "2015-11-19"}, {"maxAge": 1, "name": "Garg (Kamlesh)", "relation": "Promoter", "url": "", "transactionDescription": "Other", "latestTransDate": "2015-11-19", "positionDirect": 250000, "positionDirectDate": "2015-11-19"}, {"maxAge": 1, "name": "Garg (Manish)", "relation": "Promoter", "url": "", "transactionDescription": "Other", "latestTransDate": "2015-11-19", "positionDirect": 1291969, "positionDirectDate": "2015-11-19"}, {"maxAge": 1, "name": "Garg (Navneet)", "relation": "Promoter", "url": "", "transactionDescription": "Other", "latestTransDate": "2015-11-19", "positionDirect": 966449, "positionDirectDate": "2015-11-19"}, {"maxAge": 1, "name": "Garg (Ramnik)", "relation": "Promoter", "url": "", "transactionDescription": "Other", "latestTransDate": "2015-11-19", "positionDirect": 1115698, "positionDirectDate": "2015-11-19"}, {"maxAge": 1, "name": "Garg (Ritu)", "relation": "Promoter", "url": "", "transactionDescription": "Other", "latestTransDate": "2015-11-19", "positionDirect": 606651, "positionDirectDate": "2015-11-19"}], "maxAge": 1}, "earnings": {"maxAge": 86400, "earningsChart": {"quarterly": [{"date": "2Q2018", "actual": 1.4, "estimate": 1.48}], "currentQuarterEstimateDate": "3Q", "currentQuarterEstimateYear": 2018, "earningsDate": ["2020-07-11 05:30:S"]}, "financialsChart": {"yearly": [{"date": 2017, "revenue": 1288400000, "earnings": 62572000}, {"date": 2018, "revenue": 1564909000, "earnings": 43929000}, {"date": 2019, "revenue": 1792054000, "earnings": 79794000}, {"date": 2020, "revenue": 1337139000, "earnings": 35537000}], "quarterly": [{"date": "2Q2019", "revenue": 376237000, "earnings": 8660000}, {"date": "3Q2019", "revenue": 308985000, "earnings": -6099000}, {"date": "4Q2019", "revenue": 324468000, "earnings": 18027000}, {"date": "1Q2020", "revenue": 327449000, "earnings": 14949000}]}, "financialCurrency": "INR"}, "calendarEvents": {"maxAge": 1, "earnings": {"earningsDate": ["2020-07-11 05:30:S"]}}, "price": {"maxAge": 1, "regularMarketChangePercent": -0.024483528, "regularMarketChange": -1.5999985, "regularMarketTime": "2021-04-30 15:28:10", "priceHint": 2, "regularMarketPrice": 63.75, "regularMarketDayHigh": 66.35, "regularMarketDayLow": 61.5, "regularMarketVolume": 15056, "averageDailyVolume10Day": 25304, "averageDailyVolume3Month": 11109, "regularMarketPreviousClose": 65.35, "regularMarketSource": "FREE_REALTIME", "regularMarketOpen": 63.1, "exchange": "BSE", "exchangeName": "BSE", "exchangeDataDelayedBy": 0, "marketState": "CLOSED", "quoteType": "EQUITY", "symbol": "JASCH.BO", "underlyingSymbol": null, "shortName": "JASCH INDUSTRIES LTD.", "longName": "Jasch Industries Limited", "currency": "INR", "quoteSourceName": "Delayed Quote", "currencySymbol": "\u20b9", "fromCurrency": null, "toCurrency": null, "lastMarket": null, "marketCap": 722287488}, "balanceSheetHistory": {"balanceSheetStatements": [{"maxAge": 1, "endDate": "2020-03-31", "cash": 90009000, "netReceivables": 226464000, "inventory": 195947000, "otherCurrentAssets": 24950000, "totalCurrentAssets": 571261000, "longTermInvestments": 20758000, "propertyPlantEquipment": 310814000, "otherAssets": 12500000, "totalAssets": 915333000, "accountsPayable": 183811000, "shortLongTermDebt": 12783000, "otherCurrentLiab": 50078000, "longTermDebt": 22494000, "otherLiab": 48973000, "totalCurrentLiabilities": 264909000, "totalLiab": 336376000, "commonStock": 113300000, "retainedEarnings": 465657000, "totalStockholderEquity": 578957000, "netTangibleAssets": 578957000}, {"maxAge": 1, "endDate": "2019-03-31", "cash": 166203000, "netReceivables": 272552000, "inventory": 272195000, "otherCurrentAssets": 24235000, "totalCurrentAssets": 779461000, "longTermInvestments": 23837000, "propertyPlantEquipment": 325526000, "goodWill": 36877000, "intangibleAssets": 20188000, "otherAssets": 11670000, "totalAssets": 1197559000, "accountsPayable": 222269000, "shortLongTermDebt": 21285000, "otherCurrentLiab": 53584000, "longTermDebt": 61087000, "otherLiab": 54235000, "totalCurrentLiabilities": 532266000, "totalLiab": 647588000, "commonStock": 113300000, "retainedEarnings": 417619000, "treasuryStock": 19052000, "otherStockholderEquity": 19052000, "totalStockholderEquity": 549971000, "netTangibleAssets": 492906000}, {"maxAge": 1, "endDate": "2018-03-31", "cash": 101981000, "netReceivables": 276462000, "inventory": 295359000, "otherCurrentAssets": 17986000, "totalCurrentAssets": 725619000, "longTermInvestments": 18911000, "propertyPlantEquipment": 289788000, "goodWill": 39018000, "intangibleAssets": 19685000, "otherAssets": 21750000, "totalAssets": 1114771000, "accountsPayable": 227174000, "shortLongTermDebt": 18873000, "otherCurrentLiab": 83177000, "longTermDebt": 61314000, "otherLiab": 51936000, "totalCurrentLiabilities": 536915000, "totalLiab": 650165000, "commonStock": 113300000, "retainedEarnings": 337824000, "treasuryStock": 13482000, "otherStockholderEquity": 13482000, "totalStockholderEquity": 464606000, "netTangibleAssets": 405903000}, {"maxAge": 1, "endDate": "2017-03-31", "cash": 141993000, "netReceivables": 203757000, "inventory": 194721000, "otherCurrentAssets": 26453000, "totalCurrentAssets": 568747000, "longTermInvestments": 16133000, "propertyPlantEquipment": 276107000, "goodWill": 42124000, "intangibleAssets": 3365000, "otherAssets": 58781000, "totalAssets": 965257000, "accountsPayable": 158695000, "shortLongTermDebt": 10931000, "otherCurrentLiab": 84966000, "longTermDebt": 60958000, "otherLiab": 46631000, "totalCurrentLiabilities": 437436000, "totalLiab": 545025000, "commonStock": 113300000, "retainedEarnings": 293052000, "treasuryStock": 13880000, "otherStockholderEquity": 13880000, "totalStockholderEquity": 420232000, "netTangibleAssets": 374743000}], "maxAge": 86400}, "earningsTrend": {"trend": [{"maxAge": 1, "period": "0q", "endDate": "2018-09-30", "growth": {}, "earningsEstimate": {"avg": 0.0, "low": 0.0, "high": 0.0, "yearAgoEps": {}, "numberOfAnalysts": 0, "growth": {}}, "revenueEstimate": {"avg": 0, "low": 0, "high": 0, "numberOfAnalysts": 0, "yearAgoRevenue": {}, "growth": {}}, "epsTrend": {"current": 0.0, "7daysAgo": 0.0, "30daysAgo": 0.0, "60daysAgo": 0.0, "90daysAgo": 0.0}, "epsRevisions": {"upLast7days": 0, "upLast30days": 0, "downLast30days": 0, "downLast90days": {}}}, {"maxAge": 1, "period": "+1q", "endDate": "2018-12-31", "growth": {}, "earningsEstimate": {"avg": 0.0, "low": 0.0, "high": 0.0, "yearAgoEps": {}, "numberOfAnalysts": 0, "growth": {}}, "revenueEstimate": {"avg": 0, "low": 0, "high": 0, "numberOfAnalysts": 0, "yearAgoRevenue": {}, "growth": {}}, "epsTrend": {"current": 0.0, "7daysAgo": 0.0, "30daysAgo": 0.0, "60daysAgo": 0.0, "90daysAgo": 0.0}, "epsRevisions": {"upLast7days": 0, "upLast30days": 0, "downLast30days": 0, "downLast90days": {}}}, {"maxAge": 1, "period": "0y", "endDate": "2019-03-31", "growth": {}, "earningsEstimate": {"avg": 0.0, "low": 0.0, "high": 0.0, "yearAgoEps": {}, "numberOfAnalysts": 0, "growth": {}}, "revenueEstimate": {"avg": 1534320000, "low": 1534320000, "high": 1534320000, "numberOfAnalysts": 1, "yearAgoRevenue": 1303520000, "growth": 0.177}, "epsTrend": {"current": 0.0, "7daysAgo": 5.43, "30daysAgo": 5.43, "60daysAgo": 5.43, "90daysAgo": 5.43}, "epsRevisions": {"upLast7days": 0, "upLast30days": 0, "downLast30days": 0, "downLast90days": {}}}, {"maxAge": 1, "period": "+1y", "endDate": "2020-03-31", "growth": {}, "earningsEstimate": {"avg": 0.0, "low": 0.0, "high": 0.0, "yearAgoEps": {}, "numberOfAnalysts": 0, "growth": {}}, "revenueEstimate": {"avg": 1710760000, "low": 1710760000, "high": 1710760000, "numberOfAnalysts": 1, "yearAgoRevenue": 1534320000, "growth": 0.115}, "epsTrend": {"current": 0.0, "7daysAgo": 6.12, "30daysAgo": 6.12, "60daysAgo": 6.12, "90daysAgo": 6.12}, "epsRevisions": {"upLast7days": 0, "upLast30days": 0, "downLast30days": 0, "downLast90days": {}}}, {"maxAge": 1, "period": "+5y", "endDate": null, "growth": {}, "earningsEstimate": {"avg": {}, "low": {}, "high": {}, "yearAgoEps": {}, "numberOfAnalysts": {}, "growth": {}}, "revenueEstimate": {"avg": {}, "low": {}, "high": {}, "numberOfAnalysts": {}, "yearAgoRevenue": {}, "growth": {}}, "epsTrend": {"current": {}, "7daysAgo": {}, "30daysAgo": {}, "60daysAgo": {}, "90daysAgo": {}}, "epsRevisions": {"upLast7days": {}, "upLast30days": {}, "downLast30days": {}, "downLast90days": {}}}, {"maxAge": 1, "period": "-5y", "endDate": null, "growth": {}, "earningsEstimate": {"avg": {}, "low": {}, "high": {}, "yearAgoEps": {}, "numberOfAnalysts": {}, "growth": {}}, "revenueEstimate": {"avg": {}, "low": {}, "high": {}, "numberOfAnalysts": {}, "yearAgoRevenue": {}, "growth": {}}, "epsTrend": {"current": {}, "7daysAgo": {}, "30daysAgo": {}, "60daysAgo": {}, "90daysAgo": {}}, "epsRevisions": {"upLast7days": {}, "upLast30days": {}, "downLast30days": {}, "downLast90days": {}}}], "maxAge": 1}, "financialData": {"maxAge": 86400, "currentPrice": 63.75, "recommendationKey": "none", "grossProfits": 350501000, "financialCurrency": "INR"}}}