{"JASH.NS": {"assetProfile": {"address1": "31, Sector-C", "address2": "Sanwer Road Industrial Area", "city": "Indore", "zip": "452015", "country": "India", "phone": "91 73 1272 0143", "fax": "91 73 1272 0499", "website": "http://www.jashindia.com", "industry": "Specialty Industrial Machinery", "sector": "Industrials", "longBusinessSummary": "Jash Engineering Limited manufactures, trades in, and sells various engineering products for general engineering, water and waste water, power plant, and bulk solids handling industries in India. It offers water control gates, such as slide/penstock, open channel, weir, and flap gates, as well as stop logs; screens, including trash rack, J-type trash rack, suspended trash rake, multi-rake, step, rotary drum, filter and travelling band, static, incli-rake, and other screens; and screening conveying equipment comprising flat belt and screw conveyors. The company also provides knife gate valves; water hammer control valves, such as zero velocity and air cushion valves; energy dissipating valves; hydro power equipment; screw pumps; bulk solid handling valves; and treatment process equipment consisting of detritors, clarifiers, slow speed floating and fixed aerators, clarifloculators, and trickling filters. Its equipment are used in water intake systems, water and waste water pumping stations and treatment plants, storm water pumping stations, and water transmission lines, as well as power, steel, cement, paper and pulp, petrochemical, chemical, fertilizer, and other process plants. Jash Engineering Limited also exports its products. The company was founded in 1948 and is headquartered in Indore, India. Jash Engineering Limited is a subsidiary of Jash Group.", "fullTimeEmployees": 537, "companyOfficers": [{"maxAge": 1, "name": "Mr. Pratik  Patel", "age": 56, "title": "MD & Chairman", "yearBorn": 1964, "fiscalYear": 2020, "totalPay": 6784021, "exercisedValue": 0, "unexercisedValue": 0}, {"maxAge": 1, "name": "Mr. Dharmendra  Jain", "title": "Gen. Mang. of Fin.", "fiscalYear": 2020, "totalPay": 3430768, "exercisedValue": 0, "unexercisedValue": 0}, {"maxAge": 1, "name": "Mr. Tushar  Kharpade", "title": "Company Sec. & Compliance Officer", "fiscalYear": 2020, "totalPay": 727419, "exercisedValue": 0, "unexercisedValue": 0}, {"maxAge": 1, "name": "Mr. Suresh Kumar Patel", "age": 77, "title": "Exec. Director", "yearBorn": 1943, "fiscalYear": 2020, "totalPay": 415610, "exercisedValue": 0, "unexercisedValue": 0}, {"maxAge": 1, "name": "Bhuvanesh  Chandra", "age": 42, "title": "VP of Operation", "yearBorn": 1978, "fiscalYear": 2019, "exercisedValue": 0, "unexercisedValue": 0}, {"maxAge": 1, "name": "Mr. Ashok Kumar Jain", "title": "Head of Human Resource & Admin.", "exercisedValue": 0, "unexercisedValue": 0}, {"maxAge": 1, "name": "H.N.  Nagaraj", "age": 70, "title": "Assistant VP of Marketing", "yearBorn": 1950, "exercisedValue": 0, "unexercisedValue": 0}, {"maxAge": 1, "name": "Durgesh Kumar Tiwari", "age": 52, "title": "Sr. Gen. Mang. of Design & Devel.", "yearBorn": 1968, "exercisedValue": 0, "unexercisedValue": 0}], "compensationAsOfEpochDate": "2020-12-31 05:30:00", "maxAge": 86400}, "cashflowStatementHistory": {"cashflowStatements": [{"maxAge": 1, "endDate": "2020-03-31", "netIncome": 200968000, "depreciation": 75621000, "changeToNetincome": 118245000, "changeToAccountReceivables": -85994000, "changeToLiabilities": -231107000, "changeToInventory": 8991000, "changeToOperatingActivities": 95402000, "totalCashFromOperatingActivities": 184727000, "capitalExpenditures": -49240000, "investments": -43910000, "otherCashflowsFromInvestingActivities": 11170000, "totalCashflowsFromInvestingActivities": -81896000, "dividendsPaid": -35513000, "netBorrowings": 48875000, "otherCashflowsFromFinancingActivities": -105259000, "totalCashFromFinancingActivities": -91897000, "effectOfExchangeRate": 1897000, "changeInCash": 12831000}, {"maxAge": 1, "endDate": "2019-03-31", "netIncome": 76959000, "depreciation": 69585000, "changeToNetincome": 119564000, "changeToAccountReceivables": -205499000, "changeToLiabilities": 106575000, "changeToInventory": -106545000, "changeToOperatingActivities": 112609000, "totalCashFromOperatingActivities": 175656000, "capitalExpenditures": -161594000, "investments": -12868000, "otherCashflowsFromInvestingActivities": 3770000, "totalCashflowsFromInvestingActivities": -145349000, "dividendsPaid": -11837000, "netBorrowings": 55046000, "otherCashflowsFromFinancingActivities": -85574000, "totalCashFromFinancingActivities": -42365000, "effectOfExchangeRate": 1454000, "changeInCash": -10604000}, {"maxAge": 1, "endDate": "2018-03-31", "netIncome": 3361943, "depreciation": 55466531, "changeToNetincome": 18661802, "changeToAccountReceivables": -91476840, "changeToLiabilities": 83818185, "changeToInventory": -121375620, "changeToOperatingActivities": -32421018, "totalCashFromOperatingActivities": -82000703, "capitalExpenditures": -262262950, "investments": -18112749, "otherCashflowsFromInvestingActivities": 11594587, "totalCashflowsFromInvestingActivities": -178049365, "dividendsPaid": -19150800, "netBorrowings": 115714030, "otherCashflowsFromFinancingActivities": -115862647, "totalCashFromFinancingActivities": 252044343, "effectOfExchangeRate": 1454000, "changeInCash": -8005725, "issuanceOfStock": 271343760}, {"maxAge": 1, "endDate": "2017-03-31", "netIncome": 100864490, "depreciation": 36994164, "changeToNetincome": 48335504, "changeToAccountReceivables": -106425420, "changeToLiabilities": 145025883, "changeToInventory": 6543803, "changeToOperatingActivities": -22270490, "totalCashFromOperatingActivities": 210760862, "capitalExpenditures": -236537730, "investments": 34560113, "otherCashflowsFromInvestingActivities": 6426928, "totalCashflowsFromInvestingActivities": -194928374, "dividendsPaid": -23049470, "netBorrowings": 79533020, "otherCashflowsFromFinancingActivities": -54494187, "totalCashFromFinancingActivities": 1989363, "effectOfExchangeRate": 1454000, "changeInCash": 17821851, "issuanceOfStock": 271343760}], "maxAge": 86400}, "institutionOwnership": {"maxAge": 1, "ownershipList": []}, "majorHoldersBreakdown": {"maxAge": 1, "insidersPercentHeld": 0.0, "institutionsPercentHeld": 0.02, "institutionsFloatPercentHeld": 0.02, "institutionsCount": 1}, "balanceSheetHistoryQuarterly": {"balanceSheetStatements": [{"maxAge": 1, "endDate": "2020-12-31", "totalStockholderEquity": 1235964000, "netTangibleAssets": 932401000}, {"maxAge": 1, "endDate": "2020-09-30", "cash": 177212000, "shortTermInvestments": 7095000, "netReceivables": 781850000, "inventory": 715532000, "otherCurrentAssets": 133368000, "totalCurrentAssets": 1815057000, "propertyPlantEquipment": 771210000, "goodWill": 211149000, "intangibleAssets": 92414000, "otherAssets": 25747000, "deferredLongTermAssetCharges": 1558000, "totalAssets": 2915577000, "accountsPayable": 376532000, "otherCurrentLiab": 463631000, "longTermDebt": 163761000, "otherLiab": 66244000, "totalCurrentLiabilities": 1449608000, "totalLiab": 1679613000, "commonStock": 118366000, "treasuryStock": 1117598000, "otherStockholderEquity": 1117598000, "totalStockholderEquity": 1235964000, "netTangibleAssets": 932401000}, {"maxAge": 1, "endDate": "2020-06-30", "totalStockholderEquity": 1254713000, "netTangibleAssets": 960362000}, {"maxAge": 1, "endDate": "2020-03-31", "cash": 30932000, "shortTermInvestments": 48078000, "netReceivables": 871533000, "inventory": 610989000, "otherCurrentAssets": 185083000, "totalCurrentAssets": 1755084000, "propertyPlantEquipment": 777528000, "goodWill": 204376000, "intangibleAssets": 89975000, "otherAssets": 19776000, "deferredLongTermAssetCharges": 1096000, "totalAssets": 2846739000, "accountsPayable": 401995000, "shortLongTermDebt": 94918000, "otherCurrentLiab": 192372000, "longTermDebt": 106600000, "otherLiab": 60988000, "totalCurrentLiabilities": 1361907000, "totalLiab": 1592026000, "commonStock": 118366000, "retainedEarnings": 687809000, "treasuryStock": -2937000, "capitalSurplus": 451475000, "otherStockholderEquity": -2937000, "totalStockholderEquity": 1254713000, "netTangibleAssets": 960362000}], "maxAge": 86400}, "indexTrend": {"maxAge": 1, "symbol": "SP5", "peRatio": 19.7411, "pegRatio": 1.34172, "estimates": [{"period": "0q", "growth": 0.549}, {"period": "+1q", "growth": 0.431}, {"period": "0y", "growth": 0.305}, {"period": "+1y", "growth": 0.109}, {"period": "+5y", "growth": 0.120865}, {"period": "-5y"}]}, "defaultKeyStatistics": {"maxAge": 1, "priceHint": 2, "enterpriseValue": 4977532928, "profitMargins": 0.06519, "floatShares": 4089417, "sharesOutstanding": 11836600, "heldPercentInsiders": 0.0, "heldPercentInstitutions": 0.02, "beta": 1.1408, "category": null, "bookValue": 104.068, "priceToBook": 3.5659378, "fundFamily": null, "legalType": null, "lastFiscalYearEnd": "2020-03-31 05:30:00", "nextFiscalYearEnd": "2022-03-31 05:30:00", "mostRecentQuarter": "2020-12-31 05:30:00", "earningsQuarterlyGrowth": 0.367, "netIncomeToCommon": 168563008, "trailingEps": 14.239, "lastSplitFactor": null, "enterpriseToRevenue": 1.925, "enterpriseToEbitda": 15.185, "52WeekChange": 2.551196, "SandP52WeekChange": 0.48148263, "lastDividendValue": 0.9, "lastDividendDate": 1600646400}, "summaryProfile": {"address1": "31, Sector-C", "address2": "Sanwer Road Industrial Area", "city": "Indore", "zip": "452015", "country": "India", "phone": "91 73 1272 0143", "fax": "91 73 1272 0499", "website": "http://www.jashindia.com", "industry": "Specialty Industrial Machinery", "sector": "Industrials", "longBusinessSummary": "Jash Engineering Limited manufactures, trades in, and sells various engineering products for general engineering, water and waste water, power plant, and bulk solids handling industries in India. It offers water control gates, such as slide/penstock, open channel, weir, and flap gates, as well as stop logs; screens, including trash rack, J-type trash rack, suspended trash rake, multi-rake, step, rotary drum, filter and travelling band, static, incli-rake, and other screens; and screening conveying equipment comprising flat belt and screw conveyors. The company also provides knife gate valves; water hammer control valves, such as zero velocity and air cushion valves; energy dissipating valves; hydro power equipment; screw pumps; bulk solid handling valves; and treatment process equipment consisting of detritors, clarifiers, slow speed floating and fixed aerators, clarifloculators, and trickling filters. Its equipment are used in water intake systems, water and waste water pumping stations and treatment plants, storm water pumping stations, and water transmission lines, as well as power, steel, cement, paper and pulp, petrochemical, chemical, fertilizer, and other process plants. Jash Engineering Limited also exports its products. The company was founded in 1948 and is headquartered in Indore, India. Jash Engineering Limited is a subsidiary of Jash Group.", "fullTimeEmployees": 537, "companyOfficers": [], "maxAge": 86400}, "netSharePurchaseActivity": {"maxAge": 1, "period": "6m", "buyInfoCount": 0, "buyInfoShares": 0, "sellInfoCount": 0, "netInfoCount": 0, "netInfoShares": 0, "totalInsiderShares": 0}, "quoteType": {"exchange": "NSI", "quoteType": "EQUITY", "symbol": "JASH.NS", "underlyingSymbol": "JASH.NS", "shortName": "Jash Engineering Limited", "longName": "Jash Engineering Limited", "firstTradeDateEpochUtc": "2017-10-12 09:15:00", "timeZoneFullName": "Asia/Kolkata", "timeZoneShortName": "IST", "uuid": "66f77989-c679-3b0b-a3da-ed7923587940", "messageBoardId": "finmb_85144138", "gmtOffSetMilliseconds": 19800000, "maxAge": 1}, "incomeStatementHistory": {"incomeStatementHistory": [{"maxAge": 1, "endDate": "2020-03-31", "totalRevenue": 2777379000, "costOfRevenue": 1255236000, "grossProfit": 1522143000, "researchDevelopment": {}, "sellingGeneralAdministrative": 499044000, "nonRecurring": {}, "otherOperatingExpenses": 639845000, "totalOperatingExpenses": 2472347000, "operatingIncome": 305032000, "totalOtherIncomeExpenseNet": -27597000, "ebit": 305032000, "interestExpense": -83310000, "incomeBeforeTax": 277435000, "incomeTaxExpense": 76467000, "minorityInterest": {}, "netIncomeFromContinuingOps": 200968000, "discontinuedOperations": {}, "extraordinaryItems": {}, "effectOfAccountingCharges": {}, "otherItems": {}, "netIncome": 200968000, "netIncomeApplicableToCommonShares": 200968000}, {"maxAge": 1, "endDate": "2019-03-31", "totalRevenue": 2477316000, "costOfRevenue": 1185069000, "grossProfit": 1292247000, "researchDevelopment": {}, "sellingGeneralAdministrative": 417704000, "nonRecurring": {}, "otherOperatingExpenses": 645940000, "totalOperatingExpenses": 2321200000, "operatingIncome": 156116000, "totalOtherIncomeExpenseNet": -18018000, "ebit": 156116000, "interestExpense": -68293000, "incomeBeforeTax": 138098000, "incomeTaxExpense": 61139000, "minorityInterest": {}, "netIncomeFromContinuingOps": 76959000, "discontinuedOperations": {}, "extraordinaryItems": {}, "effectOfAccountingCharges": {}, "otherItems": {}, "netIncome": 76959000, "netIncomeApplicableToCommonShares": 76959000}, {"maxAge": 1, "endDate": "2018-03-31", "totalRevenue": 1750591449, "costOfRevenue": 868620497, "grossProfit": 881970952, "researchDevelopment": {}, "sellingGeneralAdministrative": 374558902, "nonRecurring": {}, "otherOperatingExpenses": 413917830, "totalOperatingExpenses": 1714162069, "operatingIncome": 36429380, "totalOtherIncomeExpenseNet": -24214540, "ebit": 36429380, "interestExpense": -54884555, "incomeBeforeTax": 12214840, "incomeTaxExpense": 8852897, "minorityInterest": {}, "netIncomeFromContinuingOps": 3361943, "discontinuedOperations": {}, "extraordinaryItems": {}, "effectOfAccountingCharges": {}, "otherItems": {}, "netIncome": 3361943, "netIncomeApplicableToCommonShares": 3361943}, {"maxAge": 1, "endDate": "2017-03-31", "totalRevenue": 1583974663, "costOfRevenue": 802353478, "grossProfit": 781621185, "researchDevelopment": {}, "sellingGeneralAdministrative": 238307496, "nonRecurring": {}, "otherOperatingExpenses": 328943081, "totalOperatingExpenses": 1408291147, "operatingIncome": 175683516, "totalOtherIncomeExpenseNet": -27587550, "ebit": 175683516, "interestExpense": -42768906, "incomeBeforeTax": 148095966, "incomeTaxExpense": 47231476, "minorityInterest": {}, "netIncomeFromContinuingOps": 100864490, "discontinuedOperations": {}, "extraordinaryItems": {}, "effectOfAccountingCharges": {}, "otherItems": {}, "netIncome": 100864490, "netIncomeApplicableToCommonShares": 100864490}], "maxAge": 86400}, "fundOwnership": {"maxAge": 1, "ownershipList": []}, "summaryDetail": {"maxAge": 1, "priceHint": 2, "previousClose": 385.5, "open": 390.0, "dayLow": 368.65, "dayHigh": 390.0, "regularMarketPreviousClose": 385.5, "regularMarketOpen": 390.0, "regularMarketDayLow": 368.65, "regularMarketDayHigh": 390.0, "dividendRate": 2.4, "dividendYield": 0.0061000003, "exDividendDate": "2020-09-21 05:30:00", "payoutRatio": 0.1685, "beta": 1.1408, "trailingPE": 26.062223, "volume": 24643, "regularMarketVolume": 24643, "averageVolume": 35954, "averageVolume10days": 71516, "averageDailyVolume10Day": 71516, "bid": 0.0, "ask": 0.0, "marketCap": 4392562176, "fiftyTwoWeekLow": 93.0, "fiftyTwoWeekHigh": 413.0, "priceToSalesTrailing12Months": 1.6988206, "fiftyDayAverage": 316.32727, "twoHundredDayAverage": 251.97552, "trailingAnnualDividendRate": 0.9, "trailingAnnualDividendYield": 0.0023346303, "currency": "INR", "fromCurrency": null, "toCurrency": null, "lastMarket": null, "algorithm": null, "tradeable": false}, "incomeStatementHistoryQuarterly": {"incomeStatementHistory": [{"maxAge": 1, "endDate": "2020-12-31", "totalRevenue": 789363000, "costOfRevenue": 301682000, "grossProfit": 487681000, "researchDevelopment": {}, "sellingGeneralAdministrative": 158053000, "nonRecurring": {}, "otherOperatingExpenses": 172636000, "totalOperatingExpenses": 653890000, "operatingIncome": 135473000, "totalOtherIncomeExpenseNet": -11258000, "ebit": 135473000, "interestExpense": -27227000, "incomeBeforeTax": 124215000, "incomeTaxExpense": 23065000, "minorityInterest": {}, "netIncomeFromContinuingOps": 101150000, "discontinuedOperations": {}, "extraordinaryItems": {}, "effectOfAccountingCharges": {}, "otherItems": {}, "netIncome": 101150000, "netIncomeApplicableToCommonShares": 101150000}, {"maxAge": 1, "endDate": "2020-09-30", "totalRevenue": 592104000, "costOfRevenue": 263457000, "grossProfit": 328647000, "researchDevelopment": {}, "sellingGeneralAdministrative": 131806000, "nonRecurring": {}, "otherOperatingExpenses": 128289000, "totalOperatingExpenses": 544868000, "operatingIncome": 47236000, "totalOtherIncomeExpenseNet": -17304000, "ebit": 47236000, "interestExpense": -25089000, "incomeBeforeTax": 29932000, "incomeTaxExpense": 16274000, "minorityInterest": {}, "netIncomeFromContinuingOps": 13658000, "discontinuedOperations": {}, "extraordinaryItems": {}, "effectOfAccountingCharges": {}, "otherItems": {}, "netIncome": 13658000, "netIncomeApplicableToCommonShares": 13658000}, {"maxAge": 1, "endDate": "2020-06-30", "totalRevenue": 324148000, "costOfRevenue": 134233000, "grossProfit": 189915000, "researchDevelopment": {}, "sellingGeneralAdministrative": 120682000, "nonRecurring": {}, "otherOperatingExpenses": 85150000, "totalOperatingExpenses": 360532000, "operatingIncome": -36384000, "totalOtherIncomeExpenseNet": -12935000, "ebit": -36384000, "interestExpense": -21894000, "incomeBeforeTax": -49319000, "incomeTaxExpense": -2322000, "minorityInterest": {}, "netIncomeFromContinuingOps": -46997000, "discontinuedOperations": {}, "extraordinaryItems": {}, "effectOfAccountingCharges": {}, "otherItems": {}, "netIncome": -46997000, "netIncomeApplicableToCommonShares": -46997000}, {"maxAge": 1, "endDate": "2020-03-31", "totalRevenue": 844627000, "costOfRevenue": 213582000, "grossProfit": 631045000, "researchDevelopment": {}, "sellingGeneralAdministrative": 145973000, "nonRecurring": {}, "otherOperatingExpenses": 391619000, "totalOperatingExpenses": 768912000, "operatingIncome": 75715000, "totalOtherIncomeExpenseNet": 50912000, "ebit": 75715000, "interestExpense": -4801000, "incomeBeforeTax": 126627000, "incomeTaxExpense": 25875000, "minorityInterest": {}, "netIncomeFromContinuingOps": 100752000, "discontinuedOperations": {}, "extraordinaryItems": {}, "effectOfAccountingCharges": {}, "otherItems": {}, "netIncome": 100752000, "netIncomeApplicableToCommonShares": 100752000}], "maxAge": 86400}, "cashflowStatementHistoryQuarterly": {"cashflowStatements": [{"maxAge": 1, "endDate": "2020-12-31", "netIncome": 101150000, "changeToLiabilities": 0}, {"maxAge": 1, "endDate": "2020-09-30", "netIncome": 13658000, "changeToLiabilities": 0}, {"maxAge": 1, "endDate": "2020-06-30", "netIncome": -46997000, "changeToLiabilities": 0}, {"maxAge": 1, "endDate": "2020-03-31", "netIncome": 100752000, "changeToLiabilities": 0}], "maxAge": 86400}, "insiderHolders": {"holders": [], "maxAge": 1}, "calendarEvents": {"maxAge": 1, "earnings": {"earningsDate": ["2020-08-28 05:30:S"]}, "exDividendDate": "2020-09-21 05:30:00"}, "price": {"maxAge": 1, "regularMarketChangePercent": -0.03735407, "regularMarketChange": -14.399994, "regularMarketTime": "2021-04-30 15:29:15", "priceHint": 2, "regularMarketPrice": 371.1, "regularMarketDayHigh": 390.0, "regularMarketDayLow": 368.65, "regularMarketVolume": 24643, "averageDailyVolume10Day": 71516, "averageDailyVolume3Month": 35954, "regularMarketPreviousClose": 385.5, "regularMarketSource": "FREE_REALTIME", "regularMarketOpen": 390.0, "exchange": "NSI", "exchangeName": "NSE", "exchangeDataDelayedBy": 15, "marketState": "CLOSED", "quoteType": "EQUITY", "symbol": "JASH.NS", "underlyingSymbol": null, "shortName": "Jash Engineering Limited", "longName": "Jash Engineering Limited", "currency": "INR", "quoteSourceName": "Delayed Quote", "currencySymbol": "\u20b9", "fromCurrency": null, "toCurrency": null, "lastMarket": null, "marketCap": 4392562176}, "balanceSheetHistory": {"balanceSheetStatements": [{"maxAge": 1, "endDate": "2020-03-31", "cash": 30932000, "shortTermInvestments": 48078000, "netReceivables": 871533000, "inventory": 610989000, "otherCurrentAssets": 185083000, "totalCurrentAssets": 1755084000, "propertyPlantEquipment": 777528000, "goodWill": 204376000, "intangibleAssets": 89975000, "otherAssets": 19776000, "deferredLongTermAssetCharges": 1096000, "totalAssets": 2846739000, "accountsPayable": 401995000, "shortLongTermDebt": 94918000, "otherCurrentLiab": 192372000, "longTermDebt": 106600000, "otherLiab": 60988000, "totalCurrentLiabilities": 1361907000, "totalLiab": 1592026000, "commonStock": 118366000, "retainedEarnings": 687809000, "treasuryStock": -2937000, "capitalSurplus": 451475000, "otherStockholderEquity": -2937000, "totalStockholderEquity": 1254713000, "netTangibleAssets": 960362000}, {"maxAge": 1, "endDate": "2019-03-31", "cash": 20528000, "shortTermInvestments": 25337000, "netReceivables": 782358000, "inventory": 613112000, "otherCurrentAssets": 198183000, "totalCurrentAssets": 1647924000, "longTermInvestments": 91000, "propertyPlantEquipment": 730883000, "goodWill": 194085000, "intangibleAssets": 99026000, "otherAssets": 14624000, "deferredLongTermAssetCharges": 490000, "totalAssets": 2686633000, "accountsPayable": 586463000, "shortLongTermDebt": 127566000, "otherCurrentLiab": 148669000, "longTermDebt": 72259000, "otherLiab": 46396000, "totalCurrentLiabilities": 1427943000, "totalLiab": 1586616000, "commonStock": 118366000, "retainedEarnings": 534534000, "treasuryStock": -4358000, "capitalSurplus": 451475000, "otherStockholderEquity": -4358000, "totalStockholderEquity": 1100017000, "netTangibleAssets": 806906000}, {"maxAge": 1, "endDate": "2018-03-31", "cash": 106597868, "netReceivables": 626973959, "inventory": 498361821, "otherCurrentAssets": 155414096, "totalCurrentAssets": 1390035815, "propertyPlantEquipment": 588082713, "goodWill": 199704021, "intangibleAssets": 104473940, "otherAssets": 38738772, "deferredLongTermAssetCharges": 14100268, "totalAssets": 2321035261, "accountsPayable": 478594456, "shortLongTermDebt": 113611487, "otherCurrentLiab": 45981834, "longTermDebt": 194122602, "otherLiab": 60914041, "totalCurrentLiabilities": 1005867626, "totalLiab": 1260904269, "commonStock": 118365980, "retainedEarnings": 501719388, "treasuryStock": -7114177, "capitalSurplus": 447159801, "otherStockholderEquity": -7114177, "totalStockholderEquity": 1060130992, "netTangibleAssets": 755953031}, {"maxAge": 1, "endDate": "2017-03-31", "cash": 90490844, "shortTermInvestments": 56379, "netReceivables": 499613576, "inventory": 376986201, "otherCurrentAssets": 36541995, "totalCurrentAssets": 1008183395, "longTermInvestments": 6000000, "propertyPlantEquipment": 558593471, "goodWill": 177812901, "intangibleAssets": 129011631, "otherAssets": 18687786, "totalAssets": 1898289184, "accountsPayable": 384996833, "shortLongTermDebt": 26822972, "otherCurrentLiab": 60156092, "longTermDebt": 198435557, "otherLiab": 53825097, "totalCurrentLiabilities": 808769381, "totalLiab": 1061030035, "commonStock": 95754000, "retainedEarnings": 521406895, "treasuryStock": -21267606, "capitalSurplus": 241365860, "otherStockholderEquity": -21267606, "totalStockholderEquity": 837259149, "netTangibleAssets": 530434617}], "maxAge": 86400}, "financialData": {"maxAge": 86400, "currentPrice": 371.1, "recommendationKey": "none", "totalCash": 184307008, "totalCashPerShare": 15.579, "ebitda": 327786752, "totalDebt": 771574976, "totalRevenue": 2585654016, "debtToEquity": 62.427, "revenuePerShare": 218.411, "grossProfits": 1522143000, "earningsGrowth": 0.366, "revenueGrowth": 0.024, "grossMargins": 0.58381003, "ebitdaMargins": 0.12677, "operatingMargins": 0.09957, "profitMargins": 0.06519, "financialCurrency": "INR"}}}