{"JAYBARMARU.BO": {"recommendationTrend": {"trend": [{"period": "0m", "strongBuy": 0, "buy": 0, "hold": 0, "sell": 0, "strongSell": 0}, {"period": "-1m", "strongBuy": 0, "buy": 0, "hold": 0, "sell": 0, "strongSell": 0}, {"period": "-2m", "strongBuy": 0, "buy": 0, "hold": 0, "sell": 0, "strongSell": 0}, {"period": "-3m", "strongBuy": 0, "buy": 0, "hold": 0, "sell": 0, "strongSell": 0}], "maxAge": 86400}, "cashflowStatementHistory": {"cashflowStatements": [{"maxAge": 1, "endDate": "2020-03-31", "netIncome": 282270000, "depreciation": 620752000, "changeToNetincome": 333820000, "changeToAccountReceivables": 327455000, "changeToLiabilities": -494666000, "changeToInventory": 466372000, "totalCashFromOperatingActivities": 1540453000, "capitalExpenditures": -1389340000, "investments": -66689000, "otherCashflowsFromInvestingActivities": 7346000, "totalCashflowsFromInvestingActivities": -1438372000, "dividendsPaid": -54125000, "netBorrowings": 346379000, "otherCashflowsFromFinancingActivities": -388328000, "totalCashFromFinancingActivities": -96074000, "changeInCash": 6007000}, {"maxAge": 1, "endDate": "2019-03-31", "netIncome": 520504000, "depreciation": 609751000, "changeToNetincome": 331645000, "changeToAccountReceivables": -296710000, "changeToLiabilities": -226847000, "changeToInventory": 332698000, "totalCashFromOperatingActivities": 1276156000, "capitalExpenditures": -1918629000, "investments": -40593000, "otherCashflowsFromInvestingActivities": 5879000, "totalCashflowsFromInvestingActivities": -1950296000, "dividendsPaid": -54125000, "netBorrowings": 1053597000, "otherCashflowsFromFinancingActivities": -339588000, "totalCashFromFinancingActivities": 659884000, "changeInCash": -14257000}, {"maxAge": 1, "endDate": "2018-03-31", "netIncome": 588906000, "depreciation": 485024000, "changeToNetincome": 212712000, "changeToAccountReceivables": 933734000, "changeToLiabilities": 743390000, "changeToInventory": -880453000, "totalCashFromOperatingActivities": 2089318000, "capitalExpenditures": -2289809000, "investments": -40593000, "otherCashflowsFromInvestingActivities": 5767000, "totalCashflowsFromInvestingActivities": -2255120000, "dividendsPaid": -54125000, "netBorrowings": 430265000, "otherCashflowsFromFinancingActivities": -206461000, "totalCashFromFinancingActivities": 169679000, "changeInCash": 3876000}, {"maxAge": 1, "endDate": "2017-03-31", "netIncome": 537741000, "depreciation": 412891000, "changeToNetincome": 224643000, "changeToAccountReceivables": -984934000, "changeToLiabilities": 191839000, "changeToInventory": 191953000, "totalCashFromOperatingActivities": 575548000, "capitalExpenditures": -1630988000, "investments": 598000, "otherCashflowsFromInvestingActivities": 5251000, "totalCashflowsFromInvestingActivities": -1602777000, "dividendsPaid": -43559000, "netBorrowings": 1269092000, "otherCashflowsFromFinancingActivities": -194405000, "totalCashFromFinancingActivities": 1031128000, "changeInCash": 3899000}], "maxAge": 86400}, "institutionOwnership": {"ownershipList": [], "maxAge": 1}, "balanceSheetHistoryQuarterly": {"balanceSheetStatements": [{"maxAge": 1, "endDate": "2020-06-30", "totalStockholderEquity": 4231648000, "netTangibleAssets": 4225554000}, {"maxAge": 1, "endDate": "2020-03-31", "cash": 15152000, "shortTermInvestments": 7240000, "netReceivables": 519187000, "inventory": 1225781000, "otherCurrentAssets": 62942000, "totalCurrentAssets": 1859831000, "longTermInvestments": 208169000, "propertyPlantEquipment": 9598810000, "intangibleAssets": 6094000, "otherAssets": 395431000, "totalAssets": 12068335000, "accountsPayable": 1648525000, "shortLongTermDebt": 517875000, "otherCurrentLiab": 272858000, "longTermDebt": 2745349000, "otherLiab": 1174806000, "totalCurrentLiabilities": 3870707000, "totalLiab": 7836687000, "commonStock": 108250000, "retainedEarnings": 4047228000, "treasuryStock": 76170000, "otherStockholderEquity": 76170000, "totalStockholderEquity": 4231648000, "netTangibleAssets": 4225554000}, {"maxAge": 1, "endDate": "2019-12-31", "totalStockholderEquity": 4091739000, "netTangibleAssets": 4078855000}, {"maxAge": 1, "endDate": "2019-09-30", "cash": 29525000, "shortTermInvestments": 50922000, "netReceivables": 1112165000, "inventory": 1315904000, "otherCurrentAssets": 83674000, "totalCurrentAssets": 2592190000, "longTermInvestments": 239974000, "propertyPlantEquipment": 9243977000, "intangibleAssets": 12884000, "otherAssets": 556157000, "totalAssets": 12645182000, "accountsPayable": 2183478000, "otherCurrentLiab": 1772792000, "longTermDebt": 2397291000, "otherLiab": 1128012000, "totalCurrentLiabilities": 5028140000, "totalLiab": 8553443000, "commonStock": 108250000, "treasuryStock": 3983489000, "otherStockholderEquity": 3983489000, "totalStockholderEquity": 4091739000, "netTangibleAssets": 4078855000}], "maxAge": 86400}, "earningsHistory": {"history": [{"maxAge": 1, "epsActual": 4.68, "epsEstimate": 6.71, "epsDifference": -2.03, "surprisePercent": -0.303, "quarter": "2017-06-30", "period": "-4q"}, {"maxAge": 1, "epsActual": 6.47, "epsEstimate": 7.14, "epsDifference": -0.67, "surprisePercent": -0.094, "quarter": "2017-12-31", "period": "-3q"}, {"maxAge": 1, "epsActual": 8.38, "epsEstimate": 8.52, "epsDifference": -0.14, "surprisePercent": -0.016, "quarter": "2018-03-31", "period": "-2q"}, {"maxAge": 1, "epsActual": 7.58, "epsEstimate": 8.42, "epsDifference": -0.84, "surprisePercent": -0.1, "quarter": "2018-09-30", "period": "-1q"}], "maxAge": 86400}, "indexTrend": {"maxAge": 1, "symbol": "SP5", "peRatio": 19.7411, "pegRatio": 1.34172, "estimates": [{"period": "0q", "growth": 0.549}, {"period": "+1q", "growth": 0.431}, {"period": "0y", "growth": 0.305}, {"period": "+1y", "growth": 0.109}, {"period": "+5y", "growth": 0.120865}, {"period": "-5y"}]}, "industryTrend": {"maxAge": 1, "symbol": null, "estimates": []}, "insiderTransactions": {"transactions": [{"maxAge": 1, "shares": 2283, "filerUrl": "", "transactionText": "", "filerName": "Super Auto Industries Pvt Ltd", "filerRelation": "Promoter", "moneyText": "", "startDate": "2019-08-19", "ownership": "D"}, {"maxAge": 1, "shares": 5000, "filerUrl": "", "transactionText": "", "filerName": "Super Auto Industries Pvt Ltd", "filerRelation": "Promoter", "moneyText": "", "startDate": "2019-08-08", "ownership": "D"}, {"maxAge": 1, "shares": 3000, "filerUrl": "", "transactionText": "", "filerName": "Super Auto Industries Pvt Ltd", "filerRelation": "Promoter", "moneyText": "", "startDate": "2019-08-07", "ownership": "D"}, {"maxAge": 1, "shares": 4000, "filerUrl": "", "transactionText": "", "filerName": "Super Auto Industries Pvt Ltd", "filerRelation": "Promoter", "moneyText": "", "startDate": "2018-12-19", "ownership": "D"}, {"maxAge": 1, "shares": 2000, "filerUrl": "", "transactionText": "", "filerName": "Super Auto Industries Pvt Ltd", "filerRelation": "Promoter", "moneyText": "", "startDate": "2018-12-17", "ownership": "D"}, {"maxAge": 1, "shares": 6000, "filerUrl": "", "transactionText": "", "filerName": "Super Auto Industries Pvt Ltd", "filerRelation": "Promoter", "moneyText": "", "startDate": "2018-12-13", "ownership": "D"}, {"maxAge": 1, "shares": 170150, "filerUrl": "", "transactionText": "", "filerName": "Arya (Surendra Kumar)", "filerRelation": "Promoter", "moneyText": "", "startDate": "2016-06-14", "ownership": "D"}, {"maxAge": 1, "shares": 157200, "filerUrl": "", "transactionText": "", "filerName": "Agarwal (Ram Richpal)", "filerRelation": "Promoter", "moneyText": "", "startDate": "2016-06-14", "ownership": "D"}, {"maxAge": 1, "shares": 12950, "filerUrl": "", "transactionText": "", "filerName": "Arya (Vishudha Devi)", "filerRelation": "Promoter", "moneyText": "", "startDate": "2016-06-13", "ownership": "D"}], "maxAge": 1}, "quoteType": {"exchange": "BSE", "quoteType": "EQUITY", "symbol": "JAYBARMARU.BO", "underlyingSymbol": "JAYBARMARU.BO", "shortName": "JAY BHARAT MARUTI LTD.", "longName": "Jay Bharat Maruti Limited", "firstTradeDateEpochUtc": "2000-07-28 09:15:00", "timeZoneFullName": "Asia/Kolkata", "timeZoneShortName": "IST", "uuid": "c03c372a-7038-3076-91ba-ec4c70b553f3", "gmtOffSetMilliseconds": 19800000, "maxAge": 1}, "incomeStatementHistory": {"incomeStatementHistory": [{"maxAge": 1, "endDate": "2020-03-31", "totalRevenue": 16577134000, "costOfRevenue": 12819864000, "grossProfit": 3757270000, "researchDevelopment": {}, "sellingGeneralAdministrative": 1430378000, "nonRecurring": {}, "otherOperatingExpenses": 893626000, "totalOperatingExpenses": 15769070000, "operatingIncome": 808064000, "totalOtherIncomeExpenseNet": -384046000, "ebit": 808064000, "interestExpense": -379920000, "incomeBeforeTax": 424018000, "incomeTaxExpense": 141748000, "minorityInterest": {}, "netIncomeFromContinuingOps": 282270000, "discontinuedOperations": {}, "extraordinaryItems": {}, "effectOfAccountingCharges": {}, "otherItems": {}, "netIncome": 282270000, "netIncomeApplicableToCommonShares": 282270000}, {"maxAge": 1, "endDate": "2019-03-31", "totalRevenue": 19940022000, "costOfRevenue": 15527348000, "grossProfit": 4412674000, "researchDevelopment": {}, "sellingGeneralAdministrative": 1575504000, "nonRecurring": {}, "otherOperatingExpenses": 1088644000, "totalOperatingExpenses": 18806362000, "operatingIncome": 1133660000, "totalOtherIncomeExpenseNet": -318036000, "ebit": 1133660000, "interestExpense": -342592000, "incomeBeforeTax": 815624000, "incomeTaxExpense": 295120000, "minorityInterest": {}, "netIncomeFromContinuingOps": 520504000, "discontinuedOperations": {}, "extraordinaryItems": {}, "effectOfAccountingCharges": {}, "otherItems": {}, "netIncome": 520504000, "netIncomeApplicableToCommonShares": 520504000}, {"maxAge": 1, "endDate": "2018-03-31", "totalRevenue": 17304071000, "costOfRevenue": 13449908000, "grossProfit": 3854163000, "researchDevelopment": {}, "sellingGeneralAdministrative": 1249114000, "nonRecurring": {}, "otherOperatingExpenses": 1029656000, "totalOperatingExpenses": 16219707000, "operatingIncome": 1084364000, "totalOtherIncomeExpenseNet": -184000000, "ebit": 1084364000, "interestExpense": -199782000, "incomeBeforeTax": 900364000, "incomeTaxExpense": 311458000, "minorityInterest": {}, "netIncomeFromContinuingOps": 588906000, "discontinuedOperations": {}, "extraordinaryItems": {}, "effectOfAccountingCharges": {}, "otherItems": {}, "netIncome": 588906000, "netIncomeApplicableToCommonShares": 588906000}, {"maxAge": 1, "endDate": "2017-03-31", "totalRevenue": 15266306000, "costOfRevenue": 12133629000, "grossProfit": 3132677000, "researchDevelopment": {}, "sellingGeneralAdministrative": 984703000, "nonRecurring": {}, "otherOperatingExpenses": 808068000, "totalOperatingExpenses": 14338065000, "operatingIncome": 928241000, "totalOtherIncomeExpenseNet": -180308000, "ebit": 928241000, "interestExpense": -182163000, "incomeBeforeTax": 747933000, "incomeTaxExpense": 210192000, "minorityInterest": {}, "netIncomeFromContinuingOps": 537741000, "discontinuedOperations": {}, "extraordinaryItems": {}, "effectOfAccountingCharges": {}, "otherItems": {}, "netIncome": 537741000, "netIncomeApplicableToCommonShares": 537741000}], "maxAge": 86400}, "fundOwnership": {"ownershipList": [], "maxAge": 1}, "summaryDetail": {"maxAge": 1, "priceHint": 2, "previousClose": 266.1, "open": 274.5, "dayLow": 273.7, "dayHigh": 319.0, "regularMarketPreviousClose": 266.1, "regularMarketOpen": 274.5, "regularMarketDayLow": 273.7, "regularMarketDayHigh": 319.0, "forwardPE": 9.425903, "volume": 67985, "regularMarketVolume": 67985, "averageVolume": 7669, "averageVolume10days": 7709, "averageDailyVolume10Day": 7709, "bid": 307.85, "ask": 307.85, "bidSize": 0, "askSize": 0, "marketCap": 6664952832, "fiftyTwoWeekLow": 91.0, "fiftyTwoWeekHigh": 319.0, "fiftyDayAverage": 251.91818, "twoHundredDayAverage": 225.14816, "trailingAnnualDividendRate": 1.25, "trailingAnnualDividendYield": 0.004697482, "currency": "INR", "fromCurrency": null, "lastMarket": null, "algorithm": null, "tradeable": false}, "sectorTrend": {"maxAge": 1, "symbol": null, "estimates": []}, "incomeStatementHistoryQuarterly": {"incomeStatementHistory": [{"maxAge": 1, "endDate": "2020-06-30", "totalRevenue": 702229000, "costOfRevenue": 532669000, "grossProfit": 169560000, "researchDevelopment": {}, "sellingGeneralAdministrative": 199059000, "nonRecurring": {}, "otherOperatingExpenses": 72556000, "totalOperatingExpenses": 942647000, "operatingIncome": -240418000, "totalOtherIncomeExpenseNet": -80870000, "ebit": -240418000, "interestExpense": -80556000, "incomeBeforeTax": -321288000, "incomeTaxExpense": -110846000, "minorityInterest": {}, "netIncomeFromContinuingOps": -210442000, "discontinuedOperations": {}, "extraordinaryItems": {}, "effectOfAccountingCharges": {}, "otherItems": {}, "netIncome": -210442000, "netIncomeApplicableToCommonShares": -210442000}, {"maxAge": 1, "endDate": "2020-03-31", "totalRevenue": 4010807000, "costOfRevenue": 3168650000, "grossProfit": 842157000, "researchDevelopment": {}, "sellingGeneralAdministrative": 353214000, "nonRecurring": {}, "otherOperatingExpenses": 90918000, "totalOperatingExpenses": 3758750000, "operatingIncome": 252057000, "totalOtherIncomeExpenseNet": -111583000, "ebit": 252057000, "interestExpense": -89862000, "incomeBeforeTax": 140474000, "incomeTaxExpense": 42287000, "minorityInterest": {}, "netIncomeFromContinuingOps": 98187000, "discontinuedOperations": {}, "extraordinaryItems": {}, "effectOfAccountingCharges": {}, "otherItems": {}, "netIncome": 98187000, "netIncomeApplicableToCommonShares": 98187000}, {"maxAge": 1, "endDate": "2019-12-31", "totalRevenue": 4027371000, "costOfRevenue": 3069051000, "grossProfit": 958320000, "researchDevelopment": {}, "sellingGeneralAdministrative": 352835000, "nonRecurring": {}, "otherOperatingExpenses": 259778000, "totalOperatingExpenses": 3836211000, "operatingIncome": 191160000, "totalOtherIncomeExpenseNet": -85696000, "ebit": 191160000, "interestExpense": -93917000, "incomeBeforeTax": 105464000, "incomeTaxExpense": 37518000, "minorityInterest": {}, "netIncomeFromContinuingOps": 67946000, "discontinuedOperations": {}, "extraordinaryItems": {}, "effectOfAccountingCharges": {}, "otherItems": {}, "netIncome": 67946000, "netIncomeApplicableToCommonShares": 67946000}, {"maxAge": 1, "endDate": "2019-09-30", "totalRevenue": 4109697000, "costOfRevenue": 3197888000, "grossProfit": 911809000, "researchDevelopment": {}, "sellingGeneralAdministrative": 359843000, "nonRecurring": {}, "otherOperatingExpenses": 251877000, "totalOperatingExpenses": 3963792000, "operatingIncome": 145905000, "totalOtherIncomeExpenseNet": -88108000, "ebit": 145905000, "interestExpense": -94627000, "incomeBeforeTax": 57797000, "incomeTaxExpense": 20155000, "minorityInterest": {}, "netIncomeFromContinuingOps": 37642000, "discontinuedOperations": {}, "extraordinaryItems": {}, "effectOfAccountingCharges": {}, "otherItems": {}, "netIncome": 37642000, "netIncomeApplicableToCommonShares": 37642000}], "maxAge": 86400}, "cashflowStatementHistoryQuarterly": {"cashflowStatements": [{"maxAge": 1, "endDate": "2020-06-30", "netIncome": -210442000, "changeToLiabilities": 0}, {"maxAge": 1, "endDate": "2020-03-31", "netIncome": 98187000, "changeToLiabilities": 0}, {"maxAge": 1, "endDate": "2019-12-31", "netIncome": 67946000, "changeToLiabilities": 0}, {"maxAge": 1, "endDate": "2019-09-30", "netIncome": 37642000, "changeToLiabilities": 0}], "maxAge": 86400}, "insiderHolders": {"holders": [{"maxAge": 1, "name": "Agarwal (Ram Richpal)", "relation": "Promoter", "url": "", "transactionDescription": "Sale", "latestTransDate": "2016-06-14", "positionDirect": 0, "positionDirectDate": "2016-06-14"}, {"maxAge": 1, "name": "Arya (Surendra Kumar)", "relation": "Promoter", "url": "", "transactionDescription": "Acquisition", "latestTransDate": "2016-06-14", "positionDirect": 177350, "positionDirectDate": "2016-06-14"}, {"maxAge": 1, "name": "Arya (Vishudha Devi)", "relation": "Promoter", "url": "", "transactionDescription": "Sale", "latestTransDate": "2016-06-13", "positionDirect": 0, "positionDirectDate": "2016-06-13"}, {"maxAge": 1, "name": "Super Auto Industries Pvt Ltd", "relation": "Promoter", "url": "", "transactionDescription": "Sale", "latestTransDate": "2019-08-19", "positionDirect": 493379, "positionDirectDate": "2019-08-19"}], "maxAge": 1}, "earnings": {"maxAge": 86400, "earningsChart": {"quarterly": [{"date": "2Q2017", "actual": 4.68, "estimate": 6.71}, {"date": "4Q2017", "actual": 6.47, "estimate": 7.14}, {"date": "1Q2018", "actual": 8.38, "estimate": 8.52}, {"date": "3Q2018", "actual": 7.58, "estimate": 8.42}], "currentQuarterEstimateDate": "4Q", "currentQuarterEstimateYear": 2018, "earningsDate": []}, "financialsChart": {"yearly": [{"date": 2017, "revenue": 15266306000, "earnings": 537741000}, {"date": 2018, "revenue": 17304071000, "earnings": 588906000}, {"date": 2019, "revenue": 19940022000, "earnings": 520504000}, {"date": 2020, "revenue": 16577134000, "earnings": 282270000}], "quarterly": [{"date": "3Q2019", "revenue": 4109697000, "earnings": 37642000}, {"date": "4Q2019", "revenue": 4027371000, "earnings": 67946000}, {"date": "1Q2020", "revenue": 4010807000, "earnings": 98187000}, {"date": "2Q2020", "revenue": 702229000, "earnings": -210442000}]}, "financialCurrency": "INR"}, "calendarEvents": {"maxAge": 1, "earnings": {"earningsDate": []}}, "upgradeDowngradeHistory": {"history": [], "maxAge": 86400}, "price": {"maxAge": 1, "regularMarketChangePercent": 0.1568959, "regularMarketChange": 41.75, "regularMarketTime": "2021-04-30 15:43:52", "priceHint": 2, "regularMarketPrice": 307.85, "regularMarketDayHigh": 319.0, "regularMarketDayLow": 273.7, "regularMarketVolume": 67985, "averageDailyVolume10Day": 7709, "averageDailyVolume3Month": 7669, "regularMarketPreviousClose": 266.1, "regularMarketSource": "FREE_REALTIME", "regularMarketOpen": 274.5, "exchange": "BSE", "exchangeName": "BSE", "exchangeDataDelayedBy": 0, "marketState": "CLOSED", "quoteType": "EQUITY", "symbol": "JAYBARMARU.BO", "underlyingSymbol": null, "shortName": "JAY BHARAT MARUTI LTD.", "longName": "Jay Bharat Maruti Limited", "currency": "INR", "quoteSourceName": "Delayed Quote", "currencySymbol": "\u20b9", "fromCurrency": null, "lastMarket": null, "marketCap": 6664952832}, "balanceSheetHistory": {"balanceSheetStatements": [{"maxAge": 1, "endDate": "2020-03-31", "cash": 15152000, "shortTermInvestments": 7240000, "netReceivables": 519187000, "inventory": 1225781000, "otherCurrentAssets": 62942000, "totalCurrentAssets": 1859831000, "longTermInvestments": 208169000, "propertyPlantEquipment": 9598810000, "intangibleAssets": 6094000, "otherAssets": 395431000, "totalAssets": 12068335000, "accountsPayable": 1648525000, "shortLongTermDebt": 517875000, "otherCurrentLiab": 272858000, "longTermDebt": 2745349000, "otherLiab": 1174806000, "totalCurrentLiabilities": 3870707000, "totalLiab": 7836687000, "commonStock": 108250000, "retainedEarnings": 4047228000, "treasuryStock": 76170000, "otherStockholderEquity": 76170000, "totalStockholderEquity": 4231648000, "netTangibleAssets": 4225554000}, {"maxAge": 1, "endDate": "2019-03-31", "cash": 9145000, "shortTermInvestments": 1121000, "netReceivables": 741533000, "inventory": 1692153000, "otherCurrentAssets": 169944000, "totalCurrentAssets": 2645250000, "longTermInvestments": 170365000, "propertyPlantEquipment": 8810219000, "intangibleAssets": 19714000, "otherAssets": 408699000, "totalAssets": 12054247000, "accountsPayable": 2048268000, "shortLongTermDebt": 551070000, "otherCurrentLiab": 502790000, "longTermDebt": 2692405000, "otherLiab": 1081582000, "totalCurrentLiabilities": 4240877000, "totalLiab": 8014864000, "commonStock": 108250000, "retainedEarnings": 3824007000, "treasuryStock": 107126000, "otherStockholderEquity": 107126000, "totalStockholderEquity": 4039383000, "netTangibleAssets": 4019669000}, {"maxAge": 1, "endDate": "2018-03-31", "cash": 23402000, "shortTermInvestments": 3262000, "netReceivables": 281195000, "inventory": 2024851000, "otherCurrentAssets": 367770000, "totalCurrentAssets": 2721227000, "longTermInvestments": 151164000, "propertyPlantEquipment": 7219986000, "intangibleAssets": 29501000, "otherAssets": 232380000, "totalAssets": 10354258000, "accountsPayable": 1804103000, "shortLongTermDebt": 347177000, "otherCurrentLiab": 887008000, "longTermDebt": 2118539000, "otherLiab": 672386000, "totalCurrentLiabilities": 3960892000, "totalLiab": 6751817000, "commonStock": 108250000, "retainedEarnings": 3366881000, "treasuryStock": 127310000, "otherStockholderEquity": 127310000, "totalStockholderEquity": 3602441000, "netTangibleAssets": 3572940000}, {"maxAge": 1, "endDate": "2017-03-31", "cash": 19526000, "netReceivables": 1331720000, "inventory": 1144399000, "otherCurrentAssets": 224069000, "totalCurrentAssets": 2768504000, "longTermInvestments": 116216000, "propertyPlantEquipment": 5097963000, "intangibleAssets": 53914000, "otherAssets": 231560000, "totalAssets": 8268157000, "accountsPayable": 1836348000, "shortLongTermDebt": 225558000, "otherCurrentLiab": 136043000, "longTermDebt": 1157687000, "otherLiab": 500978000, "totalCurrentLiabilities": 3564905000, "totalLiab": 5223570000, "commonStock": 108250000, "retainedEarnings": 2843974000, "treasuryStock": 92363000, "otherStockholderEquity": 92363000, "totalStockholderEquity": 3044587000, "netTangibleAssets": 2990673000}], "maxAge": 86400}, "earningsTrend": {"trend": [{"maxAge": 1, "period": "0q", "endDate": "2018-12-31", "growth": {}, "earningsEstimate": {"avg": 0.0, "low": 0.0, "high": 0.0, "yearAgoEps": 4.68, "numberOfAnalysts": 0, "growth": {}}, "revenueEstimate": {"avg": 0, "low": 0, "high": 0, "numberOfAnalysts": 0, "yearAgoRevenue": {}, "growth": {}}, "epsTrend": {"current": 0.0, "7daysAgo": 0.0, "30daysAgo": 0.0, "60daysAgo": 0.0, "90daysAgo": 0.0}, "epsRevisions": {"upLast7days": 0, "upLast30days": 0, "downLast30days": 0, "downLast90days": {}}}, {"maxAge": 1, "period": "+1q", "endDate": "2019-03-31", "growth": {}, "earningsEstimate": {"avg": 0.0, "low": 0.0, "high": 0.0, "yearAgoEps": 6.47, "numberOfAnalysts": 0, "growth": {}}, "revenueEstimate": {"avg": 0, "low": 0, "high": 0, "numberOfAnalysts": 0, "yearAgoRevenue": {}, "growth": {}}, "epsTrend": {"current": 0.0, "7daysAgo": 0.0, "30daysAgo": 0.0, "60daysAgo": 0.0, "90daysAgo": 0.0}, "epsRevisions": {"upLast7days": 0, "upLast30days": 0, "downLast30days": 0, "downLast90days": {}}}, {"maxAge": 1, "period": "0y", "endDate": "2019-03-31", "growth": {}, "earningsEstimate": {"avg": 0.0, "low": 0.0, "high": 0.0, "yearAgoEps": {}, "numberOfAnalysts": 0, "growth": {}}, "revenueEstimate": {"avg": 19308100000, "low": 19308100000, "high": 19308100000, "numberOfAnalysts": 1, "yearAgoRevenue": 17304100000, "growth": 0.116000004}, "epsTrend": {"current": 0.0, "7daysAgo": 30.38, "30daysAgo": 30.38, "60daysAgo": 30.38, "90daysAgo": 30.38}, "epsRevisions": {"upLast7days": 0, "upLast30days": 0, "downLast30days": 0, "downLast90days": {}}}, {"maxAge": 1, "period": "+1y", "endDate": "2020-03-31", "growth": {}, "earningsEstimate": {"avg": 0.0, "low": 0.0, "high": 0.0, "yearAgoEps": {}, "numberOfAnalysts": 0, "growth": {}}, "revenueEstimate": {"avg": 21200300000, "low": 21200300000, "high": 21200300000, "numberOfAnalysts": 1, "yearAgoRevenue": 19308100000, "growth": 0.098000005}, "epsTrend": {"current": 0.0, "7daysAgo": 32.66, "30daysAgo": 32.66, "60daysAgo": 32.66, "90daysAgo": 32.66}, "epsRevisions": {"upLast7days": 0, "upLast30days": 0, "downLast30days": 0, "downLast90days": {}}}, {"maxAge": 1, "period": "+5y", "endDate": null, "growth": {}, "earningsEstimate": {"avg": {}, "low": {}, "high": {}, "yearAgoEps": {}, "numberOfAnalysts": {}, "growth": {}}, "revenueEstimate": {"avg": {}, "low": {}, "high": {}, "numberOfAnalysts": {}, "yearAgoRevenue": {}, "growth": {}}, "epsTrend": {"current": {}, "7daysAgo": {}, "30daysAgo": {}, "60daysAgo": {}, "90daysAgo": {}}, "epsRevisions": {"upLast7days": {}, "upLast30days": {}, "downLast30days": {}, "downLast90days": {}}}, {"maxAge": 1, "period": "-5y", "endDate": null, "growth": {}, "earningsEstimate": {"avg": {}, "low": {}, "high": {}, "yearAgoEps": {}, "numberOfAnalysts": {}, "growth": {}}, "revenueEstimate": {"avg": {}, "low": {}, "high": {}, "numberOfAnalysts": {}, "yearAgoRevenue": {}, "growth": {}}, "epsTrend": {"current": {}, "7daysAgo": {}, "30daysAgo": {}, "60daysAgo": {}, "90daysAgo": {}}, "epsRevisions": {"upLast7days": {}, "upLast30days": {}, "downLast30days": {}, "downLast90days": {}}}], "maxAge": 1}, "financialData": {"maxAge": 86400, "currentPrice": 307.85, "targetHighPrice": 170.0, "targetLowPrice": 170.0, "targetMeanPrice": 170.0, "targetMedianPrice": 170.0, "recommendationKey": "none", "numberOfAnalystOpinions": 1, "grossProfits": 3757270000, "financialCurrency": "INR"}}}