{"JAYCH.BO": {"cashflowStatementHistory": {"cashflowStatements": [{"maxAge": 1, "endDate": "2020-03-31", "netIncome": -9731839, "depreciation": 2792845, "changeToNetincome": -6455135, "changeToAccountReceivables": 16604322, "changeToLiabilities": -21638920, "changeToInventory": 5984587, "totalCashFromOperatingActivities": -12422887, "investments": 24651148, "otherCashflowsFromInvestingActivities": 14542400, "totalCashflowsFromInvestingActivities": 39290007, "netBorrowings": -946921, "otherCashflowsFromFinancingActivities": -76648, "totalCashFromFinancingActivities": -1023569, "changeInCash": 25843551}, {"maxAge": 1, "endDate": "2019-03-31", "netIncome": -46866823, "depreciation": 2935395, "changeToNetincome": -8518303, "changeToAccountReceivables": 47297907, "changeToLiabilities": -7764106, "changeToInventory": 12534362, "totalCashFromOperatingActivities": -273580, "investments": 13668372, "otherCashflowsFromInvestingActivities": 16494136, "totalCashflowsFromInvestingActivities": 30459997, "netBorrowings": -7468851, "otherCashflowsFromFinancingActivities": -2189230, "totalCashFromFinancingActivities": -9658081, "changeInCash": 20528336}, {"maxAge": 1, "endDate": "2018-03-31", "netIncome": -8185348, "depreciation": 3121305, "changeToNetincome": 2666842, "changeToAccountReceivables": -24255027, "changeToLiabilities": -73442271, "changeToInventory": 9103211, "totalCashFromOperatingActivities": -90868104, "investments": 57612247, "otherCashflowsFromInvestingActivities": 26849656, "totalCashflowsFromInvestingActivities": 71641637, "netBorrowings": 638054, "otherCashflowsFromFinancingActivities": -2203737, "totalCashFromFinancingActivities": -1565683, "changeInCash": -20792150}, {"maxAge": 1, "endDate": "2017-03-31", "netIncome": 6318078, "depreciation": 3120935, "changeToNetincome": -33545683, "changeToAccountReceivables": 9292181, "changeToLiabilities": 18696721, "changeToInventory": -14929051, "totalCashFromOperatingActivities": -11046819, "capitalExpenditures": -1629044, "investments": 36870736, "otherCashflowsFromInvestingActivities": 30054060, "totalCashflowsFromInvestingActivities": -9809651, "dividendsPaid": -147599, "netBorrowings": 638054, "otherCashflowsFromFinancingActivities": -494935, "totalCashFromFinancingActivities": -642534, "changeInCash": -21499004}], "maxAge": 86400}, "institutionOwnership": {"maxAge": 1, "ownershipList": []}, "balanceSheetHistoryQuarterly": {"balanceSheetStatements": [{"maxAge": 1, "endDate": "2020-06-30", "totalStockholderEquity": 164975948, "netTangibleAssets": 164956422}, {"maxAge": 1, "endDate": "2020-03-31", "cash": 55291352, "shortTermInvestments": 7601246, "netReceivables": 69667789, "inventory": 620123, "otherCurrentAssets": 56154431, "totalCurrentAssets": 190277792, "longTermInvestments": 100000, "propertyPlantEquipment": 45162376, "intangibleAssets": 19526, "otherAssets": 2079576, "deferredLongTermAssetCharges": 143335, "totalAssets": 237639270, "accountsPayable": 4901470, "otherCurrentLiab": 39993808, "longTermDebt": 555000, "otherLiab": 1173059, "totalCurrentLiabilities": 70935263, "totalLiab": 72663322, "commonStock": 293264570, "retainedEarnings": -252569083, "treasuryStock": 3267234, "capitalSurplus": 121013227, "otherStockholderEquity": 3267234, "totalStockholderEquity": 164975948, "netTangibleAssets": 164956422}, {"maxAge": 1, "endDate": "2019-12-31", "totalStockholderEquity": 175000000, "netTangibleAssets": 175000000}, {"maxAge": 1, "endDate": "2019-09-30", "cash": 64100000, "shortTermInvestments": 8100000, "netReceivables": 134600000, "inventory": 2300000, "otherCurrentAssets": 4500000, "totalCurrentAssets": 213600000, "longTermInvestments": 200000, "propertyPlantEquipment": 46800000, "otherAssets": 3100000, "deferredLongTermAssetCharges": 100000, "totalAssets": 263700000, "accountsPayable": 12400000, "otherCurrentLiab": 53700000, "otherLiab": 1500000, "totalCurrentLiabilities": 87200000, "totalLiab": 88700000, "commonStock": 293300000, "treasuryStock": -118300000, "otherStockholderEquity": -118300000, "totalStockholderEquity": 175000000, "netTangibleAssets": 175000000}], "maxAge": 86400}, "indexTrend": {"maxAge": 1, "symbol": "SP5", "peRatio": 19.7411, "pegRatio": 1.34172, "estimates": [{"period": "0q", "growth": 0.549}, {"period": "+1q", "growth": 0.431}, {"period": "0y", "growth": 0.305}, {"period": "+1y", "growth": 0.109}, {"period": "+5y", "growth": 0.120859005}, {"period": "-5y"}]}, "insiderTransactions": {"transactions": [{"maxAge": 1, "shares": 82500, "filerUrl": "", "transactionText": "", "filerName": "Bangur (Shashi Devi)", "filerRelation": "Promoter", "moneyText": "", "startDate": "2019-08-28", "ownership": "D"}, {"maxAge": 1, "shares": 82500, "filerUrl": "", "transactionText": "", "filerName": "Shreekumar (Ranganath)", "filerRelation": "Promoter", "moneyText": "", "startDate": "2019-08-28", "ownership": "D"}, {"maxAge": 1, "shares": 97550, "filerUrl": "", "transactionText": "", "filerName": "Orbit Udyog Pvt Ltd", "filerRelation": "Institution- Corporation", "moneyText": "", "startDate": "2019-07-02", "ownership": "D"}, {"maxAge": 1, "shares": 48875, "filerUrl": "", "transactionText": "", "filerName": "ANKIT Bangur", "filerRelation": "UNREPORTED", "moneyText": "", "startDate": "2019-07-02", "ownership": "D"}, {"maxAge": 1, "shares": 48875, "filerUrl": "", "transactionText": "", "filerName": "ARYAN Bangur", "filerRelation": "UNREPORTED", "moneyText": "", "startDate": "2019-07-02", "ownership": "D"}, {"maxAge": 1, "shares": 482500, "filerUrl": "", "transactionText": "", "filerName": "Kumar (Virendra) HUF", "filerRelation": "UNREPORTED", "moneyText": "", "startDate": "2019-06-28", "ownership": "D"}, {"maxAge": 1, "shares": 482500, "filerUrl": "", "transactionText": "", "filerName": "Gold Mohore Investment Company Ltd", "filerRelation": "Institution- Corporation", "moneyText": "", "startDate": "2019-06-28", "ownership": "D"}], "maxAge": 1}, "quoteType": {"exchange": "BSE", "quoteType": "EQUITY", "symbol": "JAYCH.BO", "underlyingSymbol": "JAYCH.BO", "shortName": "JAYSHREE CHEMICALS LTD.", "longName": "Jayshree Chemicals Limited", "firstTradeDateEpochUtc": "2004-03-03 09:15:00", "timeZoneFullName": "Asia/Kolkata", "timeZoneShortName": "IST", "uuid": "a92a51f8-9d82-3dac-acc4-2bf09b862ae6", "messageBoardId": null, "gmtOffSetMilliseconds": 19800000, "maxAge": 1}, "incomeStatementHistory": {"incomeStatementHistory": [{"maxAge": 1, "endDate": "2020-03-31", "totalRevenue": 17770297, "costOfRevenue": 15997458, "grossProfit": 1772839, "researchDevelopment": {}, "sellingGeneralAdministrative": 16496309, "nonRecurring": {}, "otherOperatingExpenses": 18520872, "totalOperatingExpenses": 53828737, "operatingIncome": -36058440, "totalOtherIncomeExpenseNet": 26326601, "ebit": -36058440, "interestExpense": -74182, "incomeBeforeTax": -9731839, "incomeTaxExpense": 0, "minorityInterest": {}, "netIncomeFromContinuingOps": -9731839, "discontinuedOperations": {}, "extraordinaryItems": {}, "effectOfAccountingCharges": {}, "otherItems": {}, "netIncome": -9731839, "netIncomeApplicableToCommonShares": -9731839}, {"maxAge": 1, "endDate": "2019-03-31", "totalRevenue": 68632206, "costOfRevenue": 71317613, "grossProfit": -2685407, "researchDevelopment": {}, "sellingGeneralAdministrative": 21809017, "nonRecurring": {}, "otherOperatingExpenses": 33421054, "totalOperatingExpenses": 129591067, "operatingIncome": -60958861, "totalOtherIncomeExpenseNet": 14092038, "ebit": -60958861, "interestExpense": -1673041, "incomeBeforeTax": -46866823, "incomeTaxExpense": 0, "minorityInterest": {}, "netIncomeFromContinuingOps": -46866823, "discontinuedOperations": {}, "extraordinaryItems": {}, "effectOfAccountingCharges": {}, "otherItems": {}, "netIncome": -46866823, "netIncomeApplicableToCommonShares": -46866823}, {"maxAge": 1, "endDate": "2018-03-31", "totalRevenue": 47616183, "costOfRevenue": 42199524, "grossProfit": 5416659, "researchDevelopment": {}, "sellingGeneralAdministrative": 30799824, "nonRecurring": {}, "otherOperatingExpenses": 34128341, "totalOperatingExpenses": 110372178, "operatingIncome": -62755995, "totalOtherIncomeExpenseNet": 72308921, "ebit": -62755995, "interestExpense": -1498831, "incomeBeforeTax": 9552926, "incomeTaxExpense": 17738274, "minorityInterest": {}, "netIncomeFromContinuingOps": -8185348, "discontinuedOperations": {}, "extraordinaryItems": {}, "effectOfAccountingCharges": {}, "otherItems": {}, "netIncome": -8185348, "netIncomeApplicableToCommonShares": -8185348}, {"maxAge": 1, "endDate": "2017-03-31", "totalRevenue": 9535078, "costOfRevenue": 2646474, "grossProfit": 6888604, "researchDevelopment": {}, "sellingGeneralAdministrative": 14022372, "nonRecurring": {}, "otherOperatingExpenses": 8634966, "totalOperatingExpenses": 28424747, "operatingIncome": -18889669, "totalOtherIncomeExpenseNet": 25207747, "ebit": -18889669, "interestExpense": -66172, "incomeBeforeTax": 6318078, "incomeTaxExpense": 0, "minorityInterest": {}, "netIncomeFromContinuingOps": 6318078, "discontinuedOperations": {}, "extraordinaryItems": {}, "effectOfAccountingCharges": {}, "otherItems": {}, "netIncome": 6318078, "netIncomeApplicableToCommonShares": 6318078}], "maxAge": 86400}, "fundOwnership": {"maxAge": 1, "ownershipList": []}, "summaryDetail": {"maxAge": 1, "priceHint": 4, "previousClose": 3.8, "open": 3.9, "dayLow": 3.63, "dayHigh": 4.06, "regularMarketPreviousClose": 3.8, "regularMarketOpen": 3.9, "regularMarketDayLow": 3.63, "regularMarketDayHigh": 4.06, "volume": 20558, "regularMarketVolume": 20558, "averageVolume": 10507, "averageVolume10days": 11549, "averageDailyVolume10Day": 11549, "bid": 3.75, "ask": 3.95, "bidSize": 0, "askSize": 0, "marketCap": 115839680, "fiftyTwoWeekLow": 2.21, "fiftyTwoWeekHigh": 5.94, "fiftyDayAverage": 4.7467647, "twoHundredDayAverage": 4.446103, "currency": "INR", "fromCurrency": null, "toCurrency": null, "lastMarket": null, "algorithm": null, "tradeable": false}, "incomeStatementHistoryQuarterly": {"incomeStatementHistory": [{"maxAge": 1, "endDate": "2020-06-30", "totalRevenue": 2000000, "costOfRevenue": 0, "grossProfit": 2000000, "researchDevelopment": {}, "sellingGeneralAdministrative": 3100000, "nonRecurring": {}, "otherOperatingExpenses": 2000000, "totalOperatingExpenses": 5800000, "operatingIncome": -3800000, "totalOtherIncomeExpenseNet": 2500000, "ebit": -3800000, "interestExpense": {}, "incomeBeforeTax": -1300000, "incomeTaxExpense": 0, "minorityInterest": {}, "netIncomeFromContinuingOps": -1300000, "discontinuedOperations": {}, "extraordinaryItems": {}, "effectOfAccountingCharges": {}, "otherItems": {}, "netIncome": -1300000, "netIncomeApplicableToCommonShares": -1300000}, {"maxAge": 1, "endDate": "2020-03-31", "totalRevenue": 1570297, "costOfRevenue": 3997458, "grossProfit": -2427161, "researchDevelopment": {}, "sellingGeneralAdministrative": 5396309, "nonRecurring": {}, "otherOperatingExpenses": 1120872, "totalOperatingExpenses": 11228737, "operatingIncome": -9658440, "totalOtherIncomeExpenseNet": 5826601, "ebit": -9658440, "interestExpense": {}, "incomeBeforeTax": -3831839, "incomeTaxExpense": 0, "minorityInterest": {}, "netIncomeFromContinuingOps": -3831839, "discontinuedOperations": {}, "extraordinaryItems": {}, "effectOfAccountingCharges": {}, "otherItems": {}, "netIncome": -3831839, "netIncomeApplicableToCommonShares": -3831839}, {"maxAge": 1, "endDate": "2019-12-31", "totalRevenue": 2400000, "costOfRevenue": 3300000, "grossProfit": -900000, "researchDevelopment": {}, "sellingGeneralAdministrative": 3900000, "nonRecurring": {}, "otherOperatingExpenses": 4900000, "totalOperatingExpenses": 12800000, "operatingIncome": -10400000, "totalOtherIncomeExpenseNet": 4000000, "ebit": -10400000, "interestExpense": {}, "incomeBeforeTax": -6400000, "incomeTaxExpense": 0, "minorityInterest": {}, "netIncomeFromContinuingOps": -6400000, "discontinuedOperations": {}, "extraordinaryItems": {}, "effectOfAccountingCharges": {}, "otherItems": {}, "netIncome": -6400000, "netIncomeApplicableToCommonShares": -6400000}, {"maxAge": 1, "endDate": "2019-09-30", "totalRevenue": 6700000, "costOfRevenue": 4300000, "grossProfit": 2400000, "researchDevelopment": {}, "sellingGeneralAdministrative": 3700000, "nonRecurring": {}, "otherOperatingExpenses": 4900000, "totalOperatingExpenses": 13500000, "operatingIncome": -6800000, "totalOtherIncomeExpenseNet": 12800000, "ebit": -6800000, "interestExpense": {}, "incomeBeforeTax": 6000000, "incomeTaxExpense": 0, "minorityInterest": {}, "netIncomeFromContinuingOps": 6000000, "discontinuedOperations": {}, "extraordinaryItems": {}, "effectOfAccountingCharges": {}, "otherItems": {}, "netIncome": 6000000, "netIncomeApplicableToCommonShares": 6000000}], "maxAge": 86400}, "cashflowStatementHistoryQuarterly": {"cashflowStatements": [{"maxAge": 1, "endDate": "2020-06-30", "netIncome": -1300000, "changeToLiabilities": 0}, {"maxAge": 1, "endDate": "2020-03-31", "netIncome": -3831839, "changeToLiabilities": 0}, {"maxAge": 1, "endDate": "2019-12-31", "netIncome": -6400000, "changeToLiabilities": 0}, {"maxAge": 1, "endDate": "2019-09-30", "netIncome": 6000000, "changeToLiabilities": 0}], "maxAge": 86400}, "insiderHolders": {"holders": [{"maxAge": 1, "name": "ANKIT Bangur", "relation": "UNREPORTED", "url": "", "transactionDescription": "Sale", "latestTransDate": "2019-07-02", "positionDirect": 0, "positionDirectDate": "2019-07-02"}, {"maxAge": 1, "name": "ARYAN Bangur", "relation": "UNREPORTED", "url": "", "transactionDescription": "Sale", "latestTransDate": "2019-07-02", "positionDirect": 0, "positionDirectDate": "2019-07-02"}, {"maxAge": 1, "name": "Bangur (Shashi Devi)", "relation": "Promoter", "url": "", "transactionDescription": "Sale", "latestTransDate": "2019-08-28", "positionDirect": 500750, "positionDirectDate": "2019-08-28"}, {"maxAge": 1, "name": "Gold Mohore Investment Company Ltd", "relation": "Institution- Corporation", "url": "", "transactionDescription": "Purchase", "latestTransDate": "2019-06-28", "positionDirect": 804285, "positionDirectDate": "2019-06-28"}, {"maxAge": 1, "name": "Kumar (Virendra) HUF", "relation": "UNREPORTED", "url": "", "transactionDescription": "Sale", "latestTransDate": "2019-06-28", "positionDirect": 0, "positionDirectDate": "2019-06-28"}, {"maxAge": 1, "name": "Orbit Udyog Pvt Ltd", "relation": "Institution- Corporation", "url": "", "transactionDescription": "Acquisition", "latestTransDate": "2019-07-02", "positionDirect": 934760, "positionDirectDate": "2019-07-02"}, {"maxAge": 1, "name": "Shreekumar (Ranganath)", "relation": "Promoter", "url": "", "transactionDescription": "Sale", "latestTransDate": "2019-08-28", "positionDirect": 0, "positionDirectDate": "2019-08-28"}], "maxAge": 1}, "calendarEvents": {"maxAge": 1, "earnings": {"earningsDate": ["2020-09-14 05:30:S"]}}, "price": {"maxAge": 1, "regularMarketChangePercent": 0.03947371, "regularMarketChange": 0.1500001, "regularMarketTime": "2021-04-30 15:26:45", "priceHint": 4, "regularMarketPrice": 3.95, "regularMarketDayHigh": 4.06, "regularMarketDayLow": 3.63, "regularMarketVolume": 20558, "averageDailyVolume10Day": 11549, "averageDailyVolume3Month": 10507, "regularMarketPreviousClose": 3.8, "regularMarketSource": "FREE_REALTIME", "regularMarketOpen": 3.9, "exchange": "BSE", "exchangeName": "BSE", "exchangeDataDelayedBy": 0, "marketState": "CLOSED", "quoteType": "EQUITY", "symbol": "JAYCH.BO", "underlyingSymbol": null, "shortName": "JAYSHREE CHEMICALS LTD.", "longName": "Jayshree Chemicals Limited", "currency": "INR", "quoteSourceName": "Delayed Quote", "currencySymbol": "\u20b9", "fromCurrency": null, "toCurrency": null, "lastMarket": null, "marketCap": 115839680}, "balanceSheetHistory": {"balanceSheetStatements": [{"maxAge": 1, "endDate": "2020-03-31", "cash": 55291352, "shortTermInvestments": 7601246, "netReceivables": 69667789, "inventory": 620123, "otherCurrentAssets": 56154431, "totalCurrentAssets": 190277792, "longTermInvestments": 100000, "propertyPlantEquipment": 45162376, "intangibleAssets": 19526, "otherAssets": 2079576, "deferredLongTermAssetCharges": 143335, "totalAssets": 237639270, "accountsPayable": 4901470, "otherCurrentLiab": 39993808, "longTermDebt": 555000, "otherLiab": 1173059, "totalCurrentLiabilities": 70935263, "totalLiab": 72663322, "commonStock": 293264570, "retainedEarnings": -252569083, "treasuryStock": 3267234, "capitalSurplus": 121013227, "otherStockholderEquity": 3267234, "totalStockholderEquity": 164975948, "netTangibleAssets": 164956422}, {"maxAge": 1, "endDate": "2019-03-31", "cash": 29447801, "shortTermInvestments": 23099385, "netReceivables": 93598248, "inventory": 6604710, "otherCurrentAssets": 64274281, "totalCurrentAssets": 218500920, "longTermInvestments": 200000, "propertyPlantEquipment": 48013892, "intangibleAssets": 40779, "otherAssets": 3201359, "deferredLongTermAssetCharges": 143335, "totalAssets": 269956950, "accountsPayable": 16112171, "otherCurrentLiab": 48564003, "longTermDebt": 1921, "otherLiab": 1029987, "totalCurrentLiabilities": 94217256, "totalLiab": 95249164, "commonStock": 293264570, "retainedEarnings": -242837245, "treasuryStock": 3267234, "capitalSurplus": 121013227, "otherStockholderEquity": 3267234, "totalStockholderEquity": 174707786, "netTangibleAssets": 174667007}, {"maxAge": 1, "endDate": "2018-03-31", "cash": 8919465, "shortTermInvestments": 44051685, "netReceivables": 147055106, "inventory": 19139072, "otherCurrentAssets": 57404147, "totalCurrentAssets": 277789732, "longTermInvestments": 200000, "propertyPlantEquipment": 51227944, "intangibleAssets": 148767, "otherAssets": 3221436, "deferredLongTermAssetCharges": 143335, "totalAssets": 332587879, "accountsPayable": 22092582, "otherCurrentLiab": 49472378, "longTermDebt": 1501921, "otherLiab": 1230443, "totalCurrentLiabilities": 108280906, "totalLiab": 111013270, "commonStock": 293264570, "retainedEarnings": -196952519, "treasuryStock": 4249331, "capitalSurplus": 121013227, "otherStockholderEquity": 4249331, "totalStockholderEquity": 221574609, "netTangibleAssets": 221425842}, {"maxAge": 1, "endDate": "2017-03-31", "cash": 29711615, "shortTermInvestments": 17280123, "netReceivables": 125949542, "inventory": 28242283, "otherCurrentAssets": 136439278, "totalCurrentAssets": 339250033, "longTermInvestments": 200000, "propertyPlantEquipment": 54901005, "intangibleAssets": 271951, "otherAssets": 21405574, "deferredLongTermAssetCharges": 17228517, "totalAssets": 416028563, "accountsPayable": 35185277, "otherCurrentLiab": 127411948, "longTermDebt": 5113032, "otherLiab": 1285972, "totalCurrentLiabilities": 179933214, "totalLiab": 186332218, "commonStock": 293264570, "retainedEarnings": -188734930, "treasuryStock": 4153478, "capitalSurplus": 121013227, "otherStockholderEquity": 4153478, "totalStockholderEquity": 229696345, "netTangibleAssets": 229424394}], "maxAge": 86400}, "financialData": {"maxAge": 86400, "currentPrice": 3.95, "recommendationKey": "none", "grossProfits": 1772839, "financialCurrency": "INR"}}}