{"JAYNECOIND.BO": {"recommendationTrend": {"trend": [{"period": "0m", "strongBuy": 0, "buy": 0, "hold": 0, "sell": 0, "strongSell": 0}, {"period": "-1m", "strongBuy": 0, "buy": 0, "hold": 0, "sell": 0, "strongSell": 0}, {"period": "-2m", "strongBuy": 0, "buy": 0, "hold": 0, "sell": 0, "strongSell": 0}, {"period": "-3m", "strongBuy": 0, "buy": 0, "hold": 0, "sell": 0, "strongSell": 0}], "maxAge": 86400}, "cashflowStatementHistory": {"cashflowStatements": [{"maxAge": 1, "endDate": "2020-03-31", "netIncome": -15044700000, "depreciation": 2763400000, "changeToNetincome": 14412700000, "changeToAccountReceivables": 1738700000, "changeToLiabilities": -546300000, "changeToInventory": -196800000, "totalCashFromOperatingActivities": 3127000000, "capitalExpenditures": -343000000, "otherCashflowsFromInvestingActivities": 23400000, "totalCashflowsFromInvestingActivities": -286000000, "netBorrowings": -107300000, "otherCashflowsFromFinancingActivities": -2731400000, "totalCashFromFinancingActivities": -2838700000, "changeInCash": 2300000}, {"maxAge": 1, "endDate": "2019-03-31", "netIncome": -4438725000, "depreciation": 2724742000, "changeToNetincome": 7124514000, "changeToAccountReceivables": 13852000, "changeToLiabilities": 755807000, "changeToInventory": -2443499000, "totalCashFromOperatingActivities": 3739735000, "capitalExpenditures": -160106000, "investments": 6096000, "otherCashflowsFromInvestingActivities": 14561000, "totalCashflowsFromInvestingActivities": -134875000, "netBorrowings": -1050313000, "otherCashflowsFromFinancingActivities": -2674326000, "totalCashFromFinancingActivities": -3724639000, "effectOfExchangeRate": -1000, "changeInCash": -119780000}, {"maxAge": 1, "endDate": "2018-03-31", "netIncome": -4913644000, "depreciation": 2728225000, "changeToNetincome": 5494423000, "changeToAccountReceivables": -1728385000, "changeToLiabilities": -371431000, "changeToInventory": 1385113000, "totalCashFromOperatingActivities": 2596029000, "capitalExpenditures": -57798000, "investments": 6293000, "otherCashflowsFromInvestingActivities": 294634000, "totalCashflowsFromInvestingActivities": 247953000, "netBorrowings": -1562834000, "otherCashflowsFromFinancingActivities": -1269540000, "totalCashFromFinancingActivities": -2252374000, "effectOfExchangeRate": 9000, "changeInCash": 591617000, "issuanceOfStock": 580000000}, {"maxAge": 1, "endDate": "2017-03-31", "netIncome": -4593072000, "depreciation": 2548780000, "changeToNetincome": 4911372000, "changeToAccountReceivables": -1175059000, "changeToLiabilities": 1531528000, "changeToInventory": -508799000, "totalCashFromOperatingActivities": 2716672000, "capitalExpenditures": -422876000, "investments": 6293000, "otherCashflowsFromInvestingActivities": 745737000, "totalCashflowsFromInvestingActivities": 324249000, "netBorrowings": -939282000, "otherCashflowsFromFinancingActivities": -1982345000, "totalCashFromFinancingActivities": -2921627000, "effectOfExchangeRate": 9000, "changeInCash": 119294000, "issuanceOfStock": 580000000}], "maxAge": 86400}, "institutionOwnership": {"ownershipList": [], "maxAge": 1}, "balanceSheetHistoryQuarterly": {"balanceSheetStatements": [{"maxAge": 1, "endDate": "2020-06-30", "totalStockholderEquity": -8063800000, "netTangibleAssets": -8480200000}, {"maxAge": 1, "endDate": "2020-03-31", "cash": 1164000000, "shortTermInvestments": 27100000, "netReceivables": 3513200000, "inventory": 8538600000, "otherCurrentAssets": 761500000, "totalCurrentAssets": 14004400000, "longTermInvestments": 12300000, "propertyPlantEquipment": 42818500000, "intangibleAssets": 416400000, "otherAssets": 368900000, "totalAssets": 57620500000, "accountsPayable": 2810300000, "otherCurrentLiab": 32866000000, "longTermDebt": 21331600000, "otherLiab": 4000000, "totalCurrentLiabilities": 44348700000, "totalLiab": 65684300000, "commonStock": 6386300000, "treasuryStock": -14450100000, "otherStockholderEquity": -14450100000, "totalStockholderEquity": -8063800000, "netTangibleAssets": -8480200000}, {"maxAge": 1, "endDate": "2019-12-31", "totalStockholderEquity": 2570000000, "netTangibleAssets": 2127600000}, {"maxAge": 1, "endDate": "2019-09-30", "cash": 1038600000, "shortTermInvestments": 16300000, "netReceivables": 3706600000, "inventory": 7869000000, "otherCurrentAssets": 1351200000, "totalCurrentAssets": 13981700000, "longTermInvestments": 1300000, "propertyPlantEquipment": 49735500000, "intangibleAssets": 442400000, "otherAssets": 372800000, "totalAssets": 64533700000, "accountsPayable": 2235400000, "otherCurrentLiab": 28392200000, "longTermDebt": 22466800000, "otherLiab": 3900000, "totalCurrentLiabilities": 39493000000, "totalLiab": 61963700000, "commonStock": 6386300000, "treasuryStock": -3816300000, "otherStockholderEquity": -3816300000, "totalStockholderEquity": 2570000000, "netTangibleAssets": 2127600000}], "maxAge": 86400}, "earningsHistory": {"history": [{"maxAge": 1, "epsActual": {}, "epsEstimate": {}, "epsDifference": {}, "surprisePercent": {}, "quarter": {}, "period": "-4q"}, {"maxAge": 1, "epsActual": {}, "epsEstimate": {}, "epsDifference": {}, "surprisePercent": {}, "quarter": {}, "period": "-3q"}, {"maxAge": 1, "epsActual": {}, "epsEstimate": {}, "epsDifference": {}, "surprisePercent": {}, "quarter": {}, "period": "-2q"}, {"maxAge": 1, "epsActual": {}, "epsEstimate": {}, "epsDifference": {}, "surprisePercent": {}, "quarter": {}, "period": "-1q"}], "maxAge": 86400}, "indexTrend": {"maxAge": 1, "symbol": "SP5", "peRatio": 19.7411, "pegRatio": 1.34172, "estimates": [{"period": "0q", "growth": 0.549}, {"period": "+1q", "growth": 0.431}, {"period": "0y", "growth": 0.305}, {"period": "+1y", "growth": 0.109}, {"period": "+5y", "growth": 0.120865}, {"period": "-5y"}]}, "industryTrend": {"maxAge": 1, "symbol": null, "estimates": []}, "quoteType": {"exchange": "BSE", "quoteType": "EQUITY", "symbol": "JAYNECOIND.BO", "underlyingSymbol": "JAYNECOIND.BO", "shortName": "JAYASWAL NECO INDUSTRIES LTD.", "longName": "Jayaswal Neco Industries Limited", "firstTradeDateEpochUtc": "2000-10-12 09:15:00", "timeZoneFullName": "Asia/Kolkata", "timeZoneShortName": "IST", "uuid": "218b8b9e-d8e2-3641-80f2-4f18ccca1bde", "gmtOffSetMilliseconds": 19800000, "maxAge": 1}, "incomeStatementHistory": {"incomeStatementHistory": [{"maxAge": 1, "endDate": "2020-03-31", "totalRevenue": 36321800000, "costOfRevenue": 25252300000, "grossProfit": 11069500000, "researchDevelopment": {}, "sellingGeneralAdministrative": 2257800000, "nonRecurring": {}, "otherOperatingExpenses": 6731900000, "totalOperatingExpenses": 37005400000, "operatingIncome": -683600000, "totalOtherIncomeExpenseNet": -14355300000, "ebit": -683600000, "interestExpense": -8673600000, "incomeBeforeTax": -15038900000, "incomeTaxExpense": 5800000, "minorityInterest": {}, "netIncomeFromContinuingOps": -15044700000, "discontinuedOperations": {}, "extraordinaryItems": {}, "effectOfAccountingCharges": {}, "otherItems": {}, "netIncome": -15044700000, "netIncomeApplicableToCommonShares": -15044700000}, {"maxAge": 1, "endDate": "2019-03-31", "totalRevenue": 42268155000, "costOfRevenue": 23348951000, "grossProfit": 18919204000, "researchDevelopment": {}, "sellingGeneralAdministrative": 2312945000, "nonRecurring": {}, "otherOperatingExpenses": 11277237000, "totalOperatingExpenses": 39663786000, "operatingIncome": 2604369000, "totalOtherIncomeExpenseNet": -7044698000, "ebit": 2604369000, "interestExpense": -6984143000, "incomeBeforeTax": -4440329000, "incomeTaxExpense": -1604000, "minorityInterest": {}, "netIncomeFromContinuingOps": -4438725000, "discontinuedOperations": {}, "extraordinaryItems": {}, "effectOfAccountingCharges": {}, "otherItems": {}, "netIncome": -4438725000, "netIncomeApplicableToCommonShares": -4438725000}, {"maxAge": 1, "endDate": "2018-03-31", "totalRevenue": 35776667000, "costOfRevenue": 20934837000, "grossProfit": 14841830000, "researchDevelopment": {}, "sellingGeneralAdministrative": 2103858000, "nonRecurring": {}, "otherOperatingExpenses": 9524266000, "totalOperatingExpenses": 35290730000, "operatingIncome": 485937000, "totalOtherIncomeExpenseNet": -6406395000, "ebit": 485937000, "interestExpense": -6330728000, "incomeBeforeTax": -5920458000, "incomeTaxExpense": -1006814000, "minorityInterest": {}, "netIncomeFromContinuingOps": -4913644000, "discontinuedOperations": {}, "extraordinaryItems": {}, "effectOfAccountingCharges": {}, "otherItems": {}, "netIncome": -4913644000, "netIncomeApplicableToCommonShares": -4913644000}, {"maxAge": 1, "endDate": "2017-03-31", "totalRevenue": 28335364000, "costOfRevenue": 17069744000, "grossProfit": 11265620000, "researchDevelopment": {}, "sellingGeneralAdministrative": 1855323000, "nonRecurring": {}, "otherOperatingExpenses": 6602179000, "totalOperatingExpenses": 28075762000, "operatingIncome": 259602000, "totalOtherIncomeExpenseNet": -5211232000, "ebit": 259602000, "interestExpense": -5267821000, "incomeBeforeTax": -4951630000, "incomeTaxExpense": -358558000, "minorityInterest": {}, "netIncomeFromContinuingOps": -4593072000, "discontinuedOperations": {}, "extraordinaryItems": {}, "effectOfAccountingCharges": {}, "otherItems": {}, "netIncome": -4593072000, "netIncomeApplicableToCommonShares": -4593072000}], "maxAge": 86400}, "fundOwnership": {"ownershipList": [], "maxAge": 1}, "summaryDetail": {"maxAge": 1, "priceHint": 2, "previousClose": 14.24, "open": 14.67, "dayLow": 13.6, "dayHigh": 14.67, "regularMarketPreviousClose": 14.24, "regularMarketOpen": 14.67, "regularMarketDayLow": 13.6, "regularMarketDayHigh": 14.67, "volume": 163390, "regularMarketVolume": 163390, "averageVolume": 64815, "averageVolume10days": 20600, "averageDailyVolume10Day": 20600, "bid": 13.68, "ask": 13.75, "bidSize": 0, "askSize": 0, "marketCap": 8781204480, "fiftyTwoWeekLow": 1.93, "fiftyTwoWeekHigh": 14.67, "fiftyDayAverage": 6.0048485, "twoHundredDayAverage": 3.999559, "currency": "INR", "fromCurrency": null, "lastMarket": null, "algorithm": null, "tradeable": false}, "sectorTrend": {"maxAge": 1, "symbol": null, "estimates": []}, "incomeStatementHistoryQuarterly": {"incomeStatementHistory": [{"maxAge": 1, "endDate": "2020-06-30", "totalRevenue": 3118900000, "costOfRevenue": 2708300000, "grossProfit": 410600000, "researchDevelopment": {}, "sellingGeneralAdministrative": 433600000, "nonRecurring": {}, "otherOperatingExpenses": 1035600000, "totalOperatingExpenses": 4842000000, "operatingIncome": -1723100000, "totalOtherIncomeExpenseNet": -2162800000, "ebit": -1723100000, "interestExpense": -2162800000, "incomeBeforeTax": -3885900000, "incomeTaxExpense": 1100000, "minorityInterest": {}, "netIncomeFromContinuingOps": -3887000000, "discontinuedOperations": {}, "extraordinaryItems": {}, "effectOfAccountingCharges": {}, "otherItems": {}, "netIncome": -3887000000, "netIncomeApplicableToCommonShares": -3887000000}, {"maxAge": 1, "endDate": "2020-03-31", "totalRevenue": 7992900000, "costOfRevenue": 5338100000, "grossProfit": 2654800000, "researchDevelopment": {}, "sellingGeneralAdministrative": 557600000, "nonRecurring": {}, "otherOperatingExpenses": 1674800000, "totalOperatingExpenses": 8250900000, "operatingIncome": -258000000, "totalOtherIncomeExpenseNet": -7869700000, "ebit": -258000000, "interestExpense": -2188000000, "incomeBeforeTax": -8127700000, "incomeTaxExpense": 7800000, "minorityInterest": {}, "netIncomeFromContinuingOps": -8135500000, "discontinuedOperations": {}, "extraordinaryItems": {}, "effectOfAccountingCharges": {}, "otherItems": {}, "netIncome": -8135500000, "netIncomeApplicableToCommonShares": -8135500000}, {"maxAge": 1, "endDate": "2019-12-31", "totalRevenue": 8816200000, "costOfRevenue": 6295600000, "grossProfit": 2520600000, "researchDevelopment": {}, "sellingGeneralAdministrative": 640700000, "nonRecurring": {}, "otherOperatingExpenses": 1506900000, "totalOperatingExpenses": 9159500000, "operatingIncome": -343300000, "totalOtherIncomeExpenseNet": -2136000000, "ebit": -343300000, "interestExpense": -2136000000, "incomeBeforeTax": -2479300000, "incomeTaxExpense": -700000, "minorityInterest": {}, "netIncomeFromContinuingOps": -2478600000, "discontinuedOperations": {}, "extraordinaryItems": {}, "effectOfAccountingCharges": {}, "otherItems": {}, "netIncome": -2478600000, "netIncomeApplicableToCommonShares": -2478600000}, {"maxAge": 1, "endDate": "2019-09-30", "totalRevenue": 8420300000, "costOfRevenue": 5883100000, "grossProfit": 2537200000, "researchDevelopment": {}, "sellingGeneralAdministrative": 529200000, "nonRecurring": {}, "otherOperatingExpenses": 1675500000, "totalOperatingExpenses": 8774800000, "operatingIncome": -354500000, "totalOtherIncomeExpenseNet": -2084500000, "ebit": -354500000, "interestExpense": -2084500000, "incomeBeforeTax": -2439000000, "incomeTaxExpense": -600000, "minorityInterest": {}, "netIncomeFromContinuingOps": -2438400000, "discontinuedOperations": {}, "extraordinaryItems": {}, "effectOfAccountingCharges": {}, "otherItems": {}, "netIncome": -2438400000, "netIncomeApplicableToCommonShares": -2438400000}], "maxAge": 86400}, "cashflowStatementHistoryQuarterly": {"cashflowStatements": [{"maxAge": 1, "endDate": "2020-06-30", "netIncome": -3887000000, "changeToLiabilities": 0}, {"maxAge": 1, "endDate": "2020-03-31", "netIncome": -8135500000, "changeToLiabilities": 0}, {"maxAge": 1, "endDate": "2019-12-31", "netIncome": -2478600000, "changeToLiabilities": 0}, {"maxAge": 1, "endDate": "2019-09-30", "netIncome": -2438400000, "changeToLiabilities": 0}], "maxAge": 86400}, "insiderHolders": {"holders": [], "maxAge": 1}, "earnings": {"maxAge": 86400, "earningsChart": {"quarterly": [], "earningsDate": []}, "financialsChart": {"yearly": [{"date": 2017, "revenue": 28335364000, "earnings": -4593072000}, {"date": 2018, "revenue": 35776667000, "earnings": -4913644000}, {"date": 2019, "revenue": 42268155000, "earnings": -4438725000}, {"date": 2020, "revenue": 36321800000, "earnings": -15044700000}], "quarterly": [{"date": "3Q2019", "revenue": 8420300000, "earnings": -2438400000}, {"date": "4Q2019", "revenue": 8816200000, "earnings": -2478600000}, {"date": "1Q2020", "revenue": 7992900000, "earnings": -8135500000}, {"date": "2Q2020", "revenue": 3118900000, "earnings": -3887000000}]}, "financialCurrency": "INR"}, "calendarEvents": {"maxAge": 1, "earnings": {"earningsDate": []}}, "upgradeDowngradeHistory": {"history": [], "maxAge": 86400}, "price": {"maxAge": 1, "regularMarketChangePercent": -0.034410097, "regularMarketChange": -0.48999977, "regularMarketTime": "2021-04-30 15:54:28", "priceHint": 2, "regularMarketPrice": 13.75, "regularMarketDayHigh": 14.67, "regularMarketDayLow": 13.6, "regularMarketVolume": 163390, "averageDailyVolume10Day": 20600, "averageDailyVolume3Month": 64815, "regularMarketPreviousClose": 14.24, "regularMarketSource": "FREE_REALTIME", "regularMarketOpen": 14.67, "exchange": "BSE", "exchangeName": "BSE", "exchangeDataDelayedBy": 0, "marketState": "CLOSED", "quoteType": "EQUITY", "symbol": "JAYNECOIND.BO", "underlyingSymbol": null, "shortName": "JAYASWAL NECO INDUSTRIES LTD.", "longName": "Jayaswal Neco Industries Limited", "currency": "INR", "quoteSourceName": "Delayed Quote", "currencySymbol": "\u20b9", "fromCurrency": null, "lastMarket": null, "marketCap": 8781204480}, "balanceSheetHistory": {"balanceSheetStatements": [{"maxAge": 1, "endDate": "2020-03-31", "cash": 1164000000, "shortTermInvestments": 27100000, "netReceivables": 3513200000, "inventory": 8538600000, "otherCurrentAssets": 761500000, "totalCurrentAssets": 14004400000, "longTermInvestments": 12300000, "propertyPlantEquipment": 42818500000, "intangibleAssets": 416400000, "otherAssets": 368900000, "totalAssets": 57620500000, "accountsPayable": 2810300000, "otherCurrentLiab": 32866000000, "longTermDebt": 21331600000, "otherLiab": 4000000, "totalCurrentLiabilities": 44348700000, "totalLiab": 65684300000, "commonStock": 6386300000, "treasuryStock": -14450100000, "otherStockholderEquity": -14450100000, "totalStockholderEquity": -8063800000, "netTangibleAssets": -8480200000}, {"maxAge": 1, "endDate": "2019-03-31", "cash": 692302000, "shortTermInvestments": 493000, "netReceivables": 4977478000, "inventory": 8341742000, "otherCurrentAssets": 1408829000, "totalCurrentAssets": 15453326000, "longTermInvestments": 200000, "propertyPlantEquipment": 51022958000, "intangibleAssets": 314223000, "otherAssets": 365095000, "totalAssets": 67155602000, "accountsPayable": 3328781000, "shortLongTermDebt": 7068181000, "otherCurrentLiab": 1828321000, "longTermDebt": 23628050000, "otherLiab": 3767000, "deferredLongTermLiab": 3067000, "totalCurrentLiabilities": 36481745000, "totalLiab": 60157574000, "commonStock": 6386258000, "retainedEarnings": -10524124000, "treasuryStock": 1501313000, "capitalSurplus": 9634581000, "otherStockholderEquity": 1501313000, "totalStockholderEquity": 6998028000, "netTangibleAssets": 6683805000}, {"maxAge": 1, "endDate": "2018-03-31", "cash": 798474000, "shortTermInvestments": 119408000, "netReceivables": 5742667000, "inventory": 5428407000, "otherCurrentAssets": 1239402000, "totalCurrentAssets": 13360043000, "propertyPlantEquipment": 53585221000, "intangibleAssets": 337944000, "otherAssets": 369619000, "totalAssets": 67652827000, "accountsPayable": 2798994000, "shortLongTermDebt": 5140990000, "otherCurrentLiab": 1934163000, "longTermDebt": 25980929000, "otherLiab": 4557000, "deferredLongTermLiab": 4017000, "totalCurrentLiabilities": 30124888000, "totalLiab": 56153958000, "commonStock": 6386258000, "retainedEarnings": -6018298000, "treasuryStock": 1496328000, "capitalSurplus": 9634581000, "otherStockholderEquity": 1496328000, "totalStockholderEquity": 11498869000, "netTangibleAssets": 11160925000}, {"maxAge": 1, "endDate": "2017-03-31", "cash": 206204000, "shortTermInvestments": 1033975000, "netReceivables": 4728884000, "inventory": 6813520000, "otherCurrentAssets": 1807652000, "totalCurrentAssets": 14629981000, "propertyPlantEquipment": 52058670000, "intangibleAssets": 358124000, "otherAssets": 2602274000, "totalAssets": 69649049000, "accountsPayable": 2864761000, "shortLongTermDebt": 3247481000, "otherCurrentLiab": 1327579000, "longTermDebt": 28009824000, "otherLiab": 993238000, "deferredLongTermLiab": 4017000, "totalCurrentLiabilities": 24206330000, "totalLiab": 53274270000, "commonStock": 6386258000, "retainedEarnings": -1104654000, "treasuryStock": 1458594000, "capitalSurplus": 9634581000, "otherStockholderEquity": 1458594000, "totalStockholderEquity": 16374779000, "netTangibleAssets": 16016655000}], "maxAge": 86400}, "earningsTrend": {"trend": [{"maxAge": 1, "period": "0q", "endDate": null, "growth": {}, "earningsEstimate": {"avg": 0.0, "low": 0.0, "high": 0.0, "yearAgoEps": {}, "numberOfAnalysts": 0, "growth": {}}, "revenueEstimate": {"avg": 0, "low": 0, "high": 0, "numberOfAnalysts": 0, "yearAgoRevenue": {}, "growth": {}}, "epsTrend": {"current": 0.0, "7daysAgo": 0.0, "30daysAgo": 0.0, "60daysAgo": 0.0, "90daysAgo": 0.0}, "epsRevisions": {"upLast7days": 0, "upLast30days": 0, "downLast30days": 0, "downLast90days": {}}}, {"maxAge": 1, "period": "+1q", "endDate": null, "growth": {}, "earningsEstimate": {"avg": 0.0, "low": 0.0, "high": 0.0, "yearAgoEps": {}, "numberOfAnalysts": 0, "growth": {}}, "revenueEstimate": {"avg": 0, "low": 0, "high": 0, "numberOfAnalysts": 0, "yearAgoRevenue": {}, "growth": {}}, "epsTrend": {"current": 0.0, "7daysAgo": 0.0, "30daysAgo": 0.0, "60daysAgo": 0.0, "90daysAgo": 0.0}, "epsRevisions": {"upLast7days": 0, "upLast30days": 0, "downLast30days": 0, "downLast90days": {}}}, {"maxAge": 1, "period": "0y", "endDate": null, "growth": {}, "earningsEstimate": {"avg": 0.0, "low": 0.0, "high": 0.0, "yearAgoEps": {}, "numberOfAnalysts": 0, "growth": {}}, "revenueEstimate": {"avg": 0, "low": 0, "high": 0, "numberOfAnalysts": 0, "yearAgoRevenue": {}, "growth": {}}, "epsTrend": {"current": 0.0, "7daysAgo": 0.0, "30daysAgo": 0.0, "60daysAgo": 0.0, "90daysAgo": 0.0}, "epsRevisions": {"upLast7days": 0, "upLast30days": 0, "downLast30days": 0, "downLast90days": {}}}, {"maxAge": 1, "period": "+1y", "endDate": null, "growth": {}, "earningsEstimate": {"avg": 0.0, "low": 0.0, "high": 0.0, "yearAgoEps": {}, "numberOfAnalysts": 0, "growth": {}}, "revenueEstimate": {"avg": 0, "low": 0, "high": 0, "numberOfAnalysts": 0, "yearAgoRevenue": {}, "growth": {}}, "epsTrend": {"current": 0.0, "7daysAgo": 0.0, "30daysAgo": 0.0, "60daysAgo": 0.0, "90daysAgo": 0.0}, "epsRevisions": {"upLast7days": 0, "upLast30days": 0, "downLast30days": 0, "downLast90days": {}}}, {"maxAge": 1, "period": "+5y", "endDate": null, "growth": {}, "earningsEstimate": {"avg": {}, "low": {}, "high": {}, "yearAgoEps": {}, "numberOfAnalysts": {}, "growth": {}}, "revenueEstimate": {"avg": {}, "low": {}, "high": {}, "numberOfAnalysts": {}, "yearAgoRevenue": {}, "growth": {}}, "epsTrend": {"current": {}, "7daysAgo": {}, "30daysAgo": {}, "60daysAgo": {}, "90daysAgo": {}}, "epsRevisions": {"upLast7days": {}, "upLast30days": {}, "downLast30days": {}, "downLast90days": {}}}, {"maxAge": 1, "period": "-5y", "endDate": null, "growth": {}, "earningsEstimate": {"avg": {}, "low": {}, "high": {}, "yearAgoEps": {}, "numberOfAnalysts": {}, "growth": {}}, "revenueEstimate": {"avg": {}, "low": {}, "high": {}, "numberOfAnalysts": {}, "yearAgoRevenue": {}, "growth": {}}, "epsTrend": {"current": {}, "7daysAgo": {}, "30daysAgo": {}, "60daysAgo": {}, "90daysAgo": {}}, "epsRevisions": {"upLast7days": {}, "upLast30days": {}, "downLast30days": {}, "downLast90days": {}}}], "maxAge": 1}, "financialData": {"maxAge": 86400, "currentPrice": 13.75, "targetHighPrice": 45.0, "targetLowPrice": 45.0, "targetMeanPrice": 45.0, "targetMedianPrice": 45.0, "recommendationKey": "none", "numberOfAnalystOpinions": 1, "grossProfits": 11069500000, "financialCurrency": "INR"}}}