{"JAYNECOIND.NS": {"assetProfile": {"address1": "F-8, MIDC Industrial Area", "address2": "Hingna Road", "city": "Nagpur", "zip": "440016", "country": "India", "phone": "91 71 0423 7276", "fax": "91 71 0423 7583", "website": "http://www.necoindia.com", "industry": "Steel", "sector": "Basic Materials", "longBusinessSummary": "Jayaswal Neco Industries Limited manufactures and sells steel products, and iron and steel castings primarily in India. It operates through Steel, Iron and Steel Castings, and Other segments. The company offers pig iron, billets, round and square hot rolled bars, sponge iron, pellets, coiled wire rods, and leaf spring flats; automotive products, such as cast iron and spheroidal graphite/ductile iron products; and construction casting products, such as pipes and fittings, and cast iron and ductile iron manhole covers. It also provides engineering products, such as steel plant products, valves, pumps; rolling, sugar, and wind mill products; and earth moving equipment. In addition, the company provides fabrication products, such as hot coke quenching car, scrap charging car, coke pusher beam, pallet car assembly, combustion chamber, elliptical ladle, EOT crane, cupola, heat exchanger, cooler shell, isolation gate for coke oven, and ducting chambers; gate, globe, check, ball, and plug valves in cast steel, stainless steel and alloy steel materials; refractory products, such as castables, bricks, and mortars; and defense equipment. Further, it trades in coal, coke, and PVC pipes. Jayaswal Neco Industries Limited was founded in 1902 and is based in Nagpur, India.", "fullTimeEmployees": 3566, "companyOfficers": [{"maxAge": 1, "name": "Mr. Ramesh Kumar Jayaswal", "age": 60, "title": "Joint MD, CEO of Steel Plant Division & Director", "yearBorn": 1960, "fiscalYear": 2020, "totalPay": 15174000, "exercisedValue": 0, "unexercisedValue": 0}, {"maxAge": 1, "name": "Mr. Arbind Kumar Jayaswal", "age": 67, "title": "MD, CEO of Foundry Division & Exec. Director", "yearBorn": 1953, "fiscalYear": 2020, "totalPay": 15174000, "exercisedValue": 0, "unexercisedValue": 0}, {"maxAge": 1, "name": "Mr. Pramod Kumar Bhardwaj", "age": 66, "title": "CFO & Exec. Director", "yearBorn": 1954, "fiscalYear": 2020, "totalPay": 4879000, "exercisedValue": 0, "unexercisedValue": 0}, {"maxAge": 1, "name": "Mr. Vikash Kumar Agarwal", "age": 39, "title": "Company Sec. & Compliance Officer", "yearBorn": 1981, "fiscalYear": 2020, "totalPay": 2527000, "exercisedValue": 0, "unexercisedValue": 0}, {"maxAge": 1, "name": "Mr. Megh Pal Singh", "age": 62, "title": "COO of Steel Plant Division, Exec. Director of Steel & Director", "yearBorn": 1958, "fiscalYear": 2020, "totalPay": 7721000, "exercisedValue": 0, "unexercisedValue": 0}, {"maxAge": 1, "name": "Mr. Kapil  Shroff", "age": 41, "title": "Pres of Fin.", "yearBorn": 1979, "exercisedValue": 0, "unexercisedValue": 0}, {"maxAge": 1, "name": "Mr. Rajkamal  Shrivastava", "age": 57, "title": "Pres of Marketing - Steel", "yearBorn": 1963, "exercisedValue": 0, "unexercisedValue": 0}, {"maxAge": 1, "name": "Mr. Avneesh  Jayaswal", "age": 35, "title": "Group Director", "yearBorn": 1985, "exercisedValue": 0, "unexercisedValue": 0}, {"maxAge": 1, "name": "Mr. Anand  Jayaswal", "age": 44, "title": "Managing Director of NSSL", "yearBorn": 1976, "exercisedValue": 0, "unexercisedValue": 0}, {"maxAge": 1, "name": "Mr. Vivek  Tiwari", "age": 55, "title": "Head of I/C Fin. & Accounts", "yearBorn": 1965, "fiscalYear": 2017, "exercisedValue": 0, "unexercisedValue": 0}], "compensationAsOfEpochDate": "2020-12-31 05:30:00", "maxAge": 86400}, "cashflowStatementHistory": {"cashflowStatements": [{"maxAge": 1, "endDate": "2020-03-31", "netIncome": -15044654000, "depreciation": 2761460000, "changeToNetincome": 14412762000, "changeToAccountReceivables": 1738741000, "changeToLiabilities": -546354000, "changeToInventory": -196842000, "totalCashFromOperatingActivities": 3127027000, "capitalExpenditures": -342979000, "otherCashflowsFromInvestingActivities": 23422000, "totalCashflowsFromInvestingActivities": -286002000, "netBorrowings": -107241000, "otherCashflowsFromFinancingActivities": -2731470000, "totalCashFromFinancingActivities": -2838711000, "effectOfExchangeRate": 1000, "changeInCash": 2315000}, {"maxAge": 1, "endDate": "2019-03-31", "netIncome": -4438725000, "depreciation": 2724742000, "changeToNetincome": 7124514000, "changeToAccountReceivables": 13852000, "changeToLiabilities": 755807000, "changeToInventory": -2443499000, "totalCashFromOperatingActivities": 3739735000, "capitalExpenditures": -160106000, "investments": 6096000, "otherCashflowsFromInvestingActivities": 14561000, "totalCashflowsFromInvestingActivities": -134875000, "netBorrowings": -1050313000, "otherCashflowsFromFinancingActivities": -2674326000, "totalCashFromFinancingActivities": -3724639000, "effectOfExchangeRate": 1000, "changeInCash": -119778000}, {"maxAge": 1, "endDate": "2018-03-31", "netIncome": -4913644000, "depreciation": 2728225000, "changeToNetincome": 5494423000, "changeToAccountReceivables": -1728385000, "changeToLiabilities": -371431000, "changeToInventory": 1385113000, "totalCashFromOperatingActivities": 2596029000, "capitalExpenditures": -57798000, "investments": 6293000, "otherCashflowsFromInvestingActivities": 294634000, "totalCashflowsFromInvestingActivities": 247953000, "netBorrowings": -1562834000, "otherCashflowsFromFinancingActivities": -1269540000, "totalCashFromFinancingActivities": -2252374000, "effectOfExchangeRate": 9000, "changeInCash": 591617000, "issuanceOfStock": 580000000}, {"maxAge": 1, "endDate": "2017-03-31", "netIncome": -4593072000, "depreciation": 2548780000, "changeToNetincome": 4911372000, "changeToAccountReceivables": -1175059000, "changeToLiabilities": 1531528000, "changeToInventory": -508799000, "totalCashFromOperatingActivities": 2716672000, "capitalExpenditures": -422876000, "investments": 6293000, "otherCashflowsFromInvestingActivities": 745737000, "totalCashflowsFromInvestingActivities": 324249000, "netBorrowings": -939282000, "otherCashflowsFromFinancingActivities": -1982345000, "totalCashFromFinancingActivities": -2921627000, "effectOfExchangeRate": 9000, "changeInCash": 119294000, "issuanceOfStock": 580000000}], "maxAge": 86400}, "institutionOwnership": {"maxAge": 1, "ownershipList": []}, "majorHoldersBreakdown": {"maxAge": 1, "insidersPercentHeld": 0.86285, "institutionsPercentHeld": 0.0, "institutionsFloatPercentHeld": 0.0, "institutionsCount": 0}, "balanceSheetHistoryQuarterly": {"balanceSheetStatements": [{"maxAge": 1, "endDate": "2020-09-30", "cash": 1322800000, "shortTermInvestments": 20700000, "netReceivables": 2621100000, "inventory": 6637600000, "otherCurrentAssets": 1588700000, "totalCurrentAssets": 12190900000, "longTermInvestments": 11700000, "propertyPlantEquipment": 41545700000, "intangibleAssets": 422200000, "otherAssets": 397200000, "totalAssets": 54567700000, "accountsPayable": 1275600000, "otherCurrentLiab": 38934600000, "longTermDebt": 20043800000, "otherLiab": 4200000, "totalCurrentLiabilities": 48431300000, "totalLiab": 68479300000, "commonStock": 6386300000, "treasuryStock": -20297900000, "otherStockholderEquity": -20297900000, "totalStockholderEquity": -13911600000, "netTangibleAssets": -14333800000}, {"maxAge": 1, "endDate": "2020-06-30", "totalStockholderEquity": -8063800000, "netTangibleAssets": -8480200000}, {"maxAge": 1, "endDate": "2020-03-31", "cash": 699691000, "shortTermInvestments": 1358000, "netReceivables": 3625459000, "inventory": 8538584000, "otherCurrentAssets": 1117093000, "totalCurrentAssets": 14004377000, "propertyPlantEquipment": 42818466000, "intangibleAssets": 413395000, "otherAssets": 384300000, "totalAssets": 57620538000, "accountsPayable": 2810308000, "shortLongTermDebt": 9393903000, "otherCurrentLiab": 1986560000, "longTermDebt": 21287137000, "otherLiab": 4039000, "deferredLongTermLiab": 3067000, "totalCurrentLiabilities": 44348713000, "totalLiab": 65684374000, "commonStock": 6386258000, "retainedEarnings": -25568778000, "treasuryStock": 1484103000, "capitalSurplus": 9634581000, "otherStockholderEquity": 1484103000, "totalStockholderEquity": -8063836000, "netTangibleAssets": -8477231000}, {"maxAge": 1, "endDate": "2019-12-31", "totalStockholderEquity": 2570000000, "netTangibleAssets": 2127600000}], "maxAge": 86400}, "indexTrend": {"maxAge": 1, "symbol": "SP5", "peRatio": 19.7411, "pegRatio": 1.34172, "estimates": [{"period": "0q", "growth": 0.549}, {"period": "+1q", "growth": 0.431}, {"period": "0y", "growth": 0.305}, {"period": "+1y", "growth": 0.109}, {"period": "+5y", "growth": 0.120865}, {"period": "-5y"}]}, "defaultKeyStatistics": {"maxAge": 1, "priceHint": 2, "enterpriseValue": 35948269568, "profitMargins": -0.56762004, "floatShares": 72482876, "sharesOutstanding": 638633024, "heldPercentInsiders": 0.86285, "heldPercentInstitutions": 0.0, "beta": 1.692096, "category": null, "bookValue": -21.807, "fundFamily": null, "legalType": null, "lastFiscalYearEnd": "2020-03-31 05:30:00", "nextFiscalYearEnd": "2022-03-31 05:30:00", "mostRecentQuarter": "2020-09-30 05:30:00", "netIncomeToCommon": -16453199872, "trailingEps": -25.757, "lastSplitFactor": null, "enterpriseToRevenue": 1.24, "enterpriseToEbitda": 51.23, "52WeekChange": 3.265625, "SandP52WeekChange": 0.48148263}, "summaryProfile": {"address1": "F-8, MIDC Industrial Area", "address2": "Hingna Road", "city": "Nagpur", "zip": "440016", "country": "India", "phone": "91 71 0423 7276", "fax": "91 71 0423 7583", "website": "http://www.necoindia.com", "industry": "Steel", "sector": "Basic Materials", "longBusinessSummary": "Jayaswal Neco Industries Limited manufactures and sells steel products, and iron and steel castings primarily in India. It operates through Steel, Iron and Steel Castings, and Other segments. The company offers pig iron, billets, round and square hot rolled bars, sponge iron, pellets, coiled wire rods, and leaf spring flats; automotive products, such as cast iron and spheroidal graphite/ductile iron products; and construction casting products, such as pipes and fittings, and cast iron and ductile iron manhole covers. It also provides engineering products, such as steel plant products, valves, pumps; rolling, sugar, and wind mill products; and earth moving equipment. In addition, the company provides fabrication products, such as hot coke quenching car, scrap charging car, coke pusher beam, pallet car assembly, combustion chamber, elliptical ladle, EOT crane, cupola, heat exchanger, cooler shell, isolation gate for coke oven, and ducting chambers; gate, globe, check, ball, and plug valves in cast steel, stainless steel and alloy steel materials; refractory products, such as castables, bricks, and mortars; and defense equipment. Further, it trades in coal, coke, and PVC pipes. Jayaswal Neco Industries Limited was founded in 1902 and is based in Nagpur, India.", "fullTimeEmployees": 3566, "companyOfficers": [], "maxAge": 86400}, "netSharePurchaseActivity": {"maxAge": 1, "period": "6m", "buyInfoCount": 0, "buyInfoShares": 0, "sellInfoCount": 0, "netInfoCount": 0, "netInfoShares": 0, "netPercentInsiderShares": 0.0, "totalInsiderShares": 550447552}, "quoteType": {"exchange": "NSI", "quoteType": "EQUITY", "symbol": "JAYNECOIND.NS", "underlyingSymbol": "JAYNECOIND.NS", "shortName": "JAYASWAL NECO IND", "longName": "Jayaswal Neco Industries Limited", "firstTradeDateEpochUtc": "2002-07-01 09:15:00", "timeZoneFullName": "Asia/Kolkata", "timeZoneShortName": "IST", "uuid": "94e46bd9-cb52-3882-9bec-efc2535cb703", "messageBoardId": "finmb_12704552", "gmtOffSetMilliseconds": 19800000, "maxAge": 1}, "incomeStatementHistory": {"incomeStatementHistory": [{"maxAge": 1, "endDate": "2020-03-31", "totalRevenue": 36325794000, "costOfRevenue": 23361303000, "grossProfit": 12964491000, "researchDevelopment": {}, "sellingGeneralAdministrative": 2379161000, "nonRecurring": {}, "otherOperatingExpenses": 8544535000, "totalOperatingExpenses": 37046186000, "operatingIncome": -720392000, "totalOtherIncomeExpenseNet": -14318474000, "ebit": -720392000, "interestExpense": -8540874000, "incomeBeforeTax": -15038866000, "incomeTaxExpense": 5788000, "minorityInterest": {}, "netIncomeFromContinuingOps": -15044654000, "discontinuedOperations": {}, "extraordinaryItems": {}, "effectOfAccountingCharges": {}, "otherItems": {}, "netIncome": -15044654000, "netIncomeApplicableToCommonShares": -15044654000}, {"maxAge": 1, "endDate": "2019-03-31", "totalRevenue": 42268155000, "costOfRevenue": 23348951000, "grossProfit": 18919204000, "researchDevelopment": {}, "sellingGeneralAdministrative": 2312945000, "nonRecurring": {}, "otherOperatingExpenses": 11280053000, "totalOperatingExpenses": 39666602000, "operatingIncome": 2601553000, "totalOtherIncomeExpenseNet": -7041882000, "ebit": 2601553000, "interestExpense": -6984143000, "incomeBeforeTax": -4440329000, "incomeTaxExpense": -1604000, "minorityInterest": {}, "netIncomeFromContinuingOps": -4438725000, "discontinuedOperations": {}, "extraordinaryItems": {}, "effectOfAccountingCharges": {}, "otherItems": {}, "netIncome": -4438725000, "netIncomeApplicableToCommonShares": -4438725000}, {"maxAge": 1, "endDate": "2018-03-31", "totalRevenue": 35776667000, "costOfRevenue": 20934837000, "grossProfit": 14841830000, "researchDevelopment": {}, "sellingGeneralAdministrative": 2103858000, "nonRecurring": {}, "otherOperatingExpenses": 9524266000, "totalOperatingExpenses": 35290730000, "operatingIncome": 485937000, "totalOtherIncomeExpenseNet": -6406395000, "ebit": 485937000, "interestExpense": -6330728000, "incomeBeforeTax": -5920458000, "incomeTaxExpense": -1006814000, "minorityInterest": {}, "netIncomeFromContinuingOps": -4913644000, "discontinuedOperations": {}, "extraordinaryItems": {}, "effectOfAccountingCharges": {}, "otherItems": {}, "netIncome": -4913644000, "netIncomeApplicableToCommonShares": -4913644000}, {"maxAge": 1, "endDate": "2017-03-31", "totalRevenue": 28335364000, "costOfRevenue": 17069744000, "grossProfit": 11265620000, "researchDevelopment": {}, "sellingGeneralAdministrative": 1855323000, "nonRecurring": {}, "otherOperatingExpenses": 6602179000, "totalOperatingExpenses": 28075762000, "operatingIncome": 259602000, "totalOtherIncomeExpenseNet": -5211232000, "ebit": 259602000, "interestExpense": -5267821000, "incomeBeforeTax": -4951630000, "incomeTaxExpense": -358558000, "minorityInterest": {}, "netIncomeFromContinuingOps": -4593072000, "discontinuedOperations": {}, "extraordinaryItems": {}, "effectOfAccountingCharges": {}, "otherItems": {}, "netIncome": -4593072000, "netIncomeApplicableToCommonShares": -4593072000}], "maxAge": 86400}, "fundOwnership": {"maxAge": 1, "ownershipList": []}, "summaryDetail": {"maxAge": 1, "priceHint": 2, "previousClose": 14.15, "open": 14.5, "dayLow": 13.6, "dayHigh": 14.7, "regularMarketPreviousClose": 14.15, "regularMarketOpen": 14.5, "regularMarketDayLow": 13.6, "regularMarketDayHigh": 14.7, "payoutRatio": 0.0, "beta": 1.692096, "volume": 514141, "regularMarketVolume": 514141, "averageVolume": 354342, "averageVolume10days": 504474, "averageDailyVolume10Day": 504474, "bid": 0.0, "ask": 0.0, "bidSize": 0, "askSize": 0, "marketCap": 8772786176, "fiftyTwoWeekLow": 2.5, "fiftyTwoWeekHigh": 14.75, "priceToSalesTrailing12Months": 0.30265388, "fiftyDayAverage": 12.2, "twoHundredDayAverage": 6.9151406, "currency": "INR", "fromCurrency": null, "toCurrency": null, "lastMarket": null, "algorithm": null, "tradeable": false}, "incomeStatementHistoryQuarterly": {"incomeStatementHistory": [{"maxAge": 1, "endDate": "2020-09-30", "totalRevenue": 9058200000, "costOfRevenue": 5806400000, "grossProfit": 3251800000, "researchDevelopment": {}, "sellingGeneralAdministrative": 510200000, "nonRecurring": {}, "otherOperatingExpenses": 1776800000, "totalOperatingExpenses": 8765600000, "operatingIncome": 292600000, "totalOtherIncomeExpenseNet": -2242500000, "ebit": 292600000, "interestExpense": -2242500000, "incomeBeforeTax": -1949900000, "incomeTaxExpense": 2200000, "minorityInterest": {}, "netIncomeFromContinuingOps": -1952100000, "discontinuedOperations": {}, "extraordinaryItems": {}, "effectOfAccountingCharges": {}, "otherItems": {}, "netIncome": -1952100000, "netIncomeApplicableToCommonShares": -1952100000}, {"maxAge": 1, "endDate": "2020-06-30", "totalRevenue": 3118900000, "costOfRevenue": 2708300000, "grossProfit": 410600000, "researchDevelopment": {}, "sellingGeneralAdministrative": 433600000, "nonRecurring": {}, "otherOperatingExpenses": 1035600000, "totalOperatingExpenses": 4842000000, "operatingIncome": -1723100000, "totalOtherIncomeExpenseNet": -2162800000, "ebit": -1723100000, "interestExpense": -2162800000, "incomeBeforeTax": -3885900000, "incomeTaxExpense": 1100000, "minorityInterest": {}, "netIncomeFromContinuingOps": -3887000000, "discontinuedOperations": {}, "extraordinaryItems": {}, "effectOfAccountingCharges": {}, "otherItems": {}, "netIncome": -3887000000, "netIncomeApplicableToCommonShares": -3887000000}, {"maxAge": 1, "endDate": "2020-03-31", "totalRevenue": 7996894000, "costOfRevenue": 3447103000, "grossProfit": 4549791000, "researchDevelopment": {}, "sellingGeneralAdministrative": 678961000, "nonRecurring": {}, "otherOperatingExpenses": 3487435000, "totalOperatingExpenses": 8291686000, "operatingIncome": -294792000, "totalOtherIncomeExpenseNet": -7832874000, "ebit": -294792000, "interestExpense": -2055274000, "incomeBeforeTax": -8127666000, "incomeTaxExpense": 7788000, "minorityInterest": {}, "netIncomeFromContinuingOps": -8135454000, "discontinuedOperations": {}, "extraordinaryItems": {}, "effectOfAccountingCharges": {}, "otherItems": {}, "netIncome": -8135454000, "netIncomeApplicableToCommonShares": -8135454000}, {"maxAge": 1, "endDate": "2019-12-31", "totalRevenue": 8816200000, "costOfRevenue": 6295600000, "grossProfit": 2520600000, "researchDevelopment": {}, "sellingGeneralAdministrative": 640700000, "nonRecurring": {}, "otherOperatingExpenses": 1506900000, "totalOperatingExpenses": 9159500000, "operatingIncome": -343300000, "totalOtherIncomeExpenseNet": -2136000000, "ebit": -343300000, "interestExpense": -2136000000, "incomeBeforeTax": -2479300000, "incomeTaxExpense": -700000, "minorityInterest": {}, "netIncomeFromContinuingOps": -2478600000, "discontinuedOperations": {}, "extraordinaryItems": {}, "effectOfAccountingCharges": {}, "otherItems": {}, "netIncome": -2478600000, "netIncomeApplicableToCommonShares": -2478600000}], "maxAge": 86400}, "cashflowStatementHistoryQuarterly": {"cashflowStatements": [{"maxAge": 1, "endDate": "2020-09-30", "netIncome": -1952100000, "changeToLiabilities": 0}, {"maxAge": 1, "endDate": "2020-06-30", "netIncome": -3887000000, "changeToLiabilities": 0}, {"maxAge": 1, "endDate": "2020-03-31", "netIncome": -8135454000, "changeToLiabilities": 0}, {"maxAge": 1, "endDate": "2019-12-31", "netIncome": -2478600000, "changeToLiabilities": 0}], "maxAge": 86400}, "insiderHolders": {"holders": [], "maxAge": 1}, "calendarEvents": {"maxAge": 1, "earnings": {"earningsDate": []}}, "price": {"maxAge": 1, "regularMarketChangePercent": -0.03533569, "regularMarketChange": -0.5, "regularMarketTime": "2021-04-30 15:29:52", "priceHint": 2, "regularMarketPrice": 13.65, "regularMarketDayHigh": 14.7, "regularMarketDayLow": 13.6, "regularMarketVolume": 514141, "averageDailyVolume10Day": 504474, "averageDailyVolume3Month": 354342, "regularMarketPreviousClose": 14.15, "regularMarketSource": "FREE_REALTIME", "regularMarketOpen": 14.5, "exchange": "NSI", "exchangeName": "NSE", "exchangeDataDelayedBy": 15, "marketState": "CLOSED", "quoteType": "EQUITY", "symbol": "JAYNECOIND.NS", "underlyingSymbol": null, "shortName": "JAYASWAL NECO IND", "longName": "Jayaswal Neco Industries Limited", "currency": "INR", "quoteSourceName": "Delayed Quote", "currencySymbol": "\u20b9", "fromCurrency": null, "toCurrency": null, "lastMarket": null, "marketCap": 8772786176}, "balanceSheetHistory": {"balanceSheetStatements": [{"maxAge": 1, "endDate": "2020-03-31", "cash": 699691000, "shortTermInvestments": 1358000, "netReceivables": 3625459000, "inventory": 8538584000, "otherCurrentAssets": 1117093000, "totalCurrentAssets": 14004377000, "propertyPlantEquipment": 42818466000, "intangibleAssets": 413395000, "otherAssets": 384300000, "totalAssets": 57620538000, "accountsPayable": 2810308000, "shortLongTermDebt": 9393903000, "otherCurrentLiab": 1986560000, "longTermDebt": 21287137000, "otherLiab": 4039000, "deferredLongTermLiab": 3067000, "totalCurrentLiabilities": 44348713000, "totalLiab": 65684374000, "commonStock": 6386258000, "retainedEarnings": -25568778000, "treasuryStock": 1484103000, "capitalSurplus": 9634581000, "otherStockholderEquity": 1484103000, "totalStockholderEquity": -8063836000, "netTangibleAssets": -8477231000}, {"maxAge": 1, "endDate": "2019-03-31", "cash": 692302000, "shortTermInvestments": 493000, "netReceivables": 4977478000, "inventory": 8341742000, "otherCurrentAssets": 1408829000, "totalCurrentAssets": 15453326000, "longTermInvestments": 200000, "propertyPlantEquipment": 51022958000, "intangibleAssets": 314223000, "otherAssets": 365095000, "totalAssets": 67155602000, "accountsPayable": 3328781000, "shortLongTermDebt": 7068181000, "otherCurrentLiab": 1828321000, "longTermDebt": 23628050000, "otherLiab": 3767000, "deferredLongTermLiab": 3067000, "totalCurrentLiabilities": 36481745000, "totalLiab": 60157574000, "commonStock": 6386258000, "retainedEarnings": -10524124000, "treasuryStock": 1501313000, "capitalSurplus": 9634581000, "otherStockholderEquity": 1501313000, "totalStockholderEquity": 6998028000, "netTangibleAssets": 6683805000}, {"maxAge": 1, "endDate": "2018-03-31", "cash": 798474000, "shortTermInvestments": 119408000, "netReceivables": 5742667000, "inventory": 5428407000, "otherCurrentAssets": 1239402000, "totalCurrentAssets": 13360043000, "propertyPlantEquipment": 53585221000, "intangibleAssets": 337944000, "otherAssets": 369619000, "totalAssets": 67652827000, "accountsPayable": 2798994000, "shortLongTermDebt": 5140990000, "otherCurrentLiab": 1934163000, "longTermDebt": 25980929000, "otherLiab": 4557000, "deferredLongTermLiab": 4017000, "totalCurrentLiabilities": 30124888000, "totalLiab": 56153958000, "commonStock": 6386258000, "retainedEarnings": -6018298000, "treasuryStock": 1496328000, "capitalSurplus": 9634581000, "otherStockholderEquity": 1496328000, "totalStockholderEquity": 11498869000, "netTangibleAssets": 11160925000}, {"maxAge": 1, "endDate": "2017-03-31", "cash": 206204000, "shortTermInvestments": 1033975000, "netReceivables": 4728884000, "inventory": 6813520000, "otherCurrentAssets": 1807652000, "totalCurrentAssets": 14629981000, "propertyPlantEquipment": 52058670000, "intangibleAssets": 358124000, "otherAssets": 2602274000, "totalAssets": 69649049000, "accountsPayable": 2864761000, "shortLongTermDebt": 3247481000, "otherCurrentLiab": 1327579000, "longTermDebt": 28009824000, "otherLiab": 993238000, "deferredLongTermLiab": 4017000, "totalCurrentLiabilities": 24206330000, "totalLiab": 53274270000, "commonStock": 6386258000, "retainedEarnings": -1104654000, "treasuryStock": 1458594000, "capitalSurplus": 9634581000, "otherStockholderEquity": 1458594000, "totalStockholderEquity": 16374779000, "netTangibleAssets": 16016655000}], "maxAge": 86400}, "financialData": {"maxAge": 86400, "currentPrice": 13.65, "recommendationKey": "none", "totalCash": 1343500032, "totalCashPerShare": 2.106, "ebitda": 701699968, "totalDebt": 28264900608, "quickRatio": 0.082, "currentRatio": 0.252, "totalRevenue": 28986200064, "revenuePerShare": 45.377, "returnOnAssets": -0.02132, "grossProfits": 12964491000, "freeCashflow": 7462212608, "operatingCashflow": 2206200064, "revenueGrowth": 0.076, "grossMargins": 0.3049, "ebitdaMargins": 0.02421, "operatingMargins": -0.0701, "profitMargins": -0.56762004, "financialCurrency": "INR"}}}