{"JAYSYN.BO": {"cashflowStatementHistory": {"cashflowStatements": [{"maxAge": 1, "endDate": "2020-03-31", "netIncome": 25688663, "depreciation": 18390976, "changeToNetincome": -4761611, "changeToAccountReceivables": 10349016, "changeToLiabilities": 38619141, "changeToInventory": -55062150, "totalCashFromOperatingActivities": 33856572, "capitalExpenditures": -5215098, "investments": -98914711, "otherCashflowsFromInvestingActivities": 126705, "totalCashflowsFromInvestingActivities": -103735108, "dividendsPaid": -1303455, "netBorrowings": -114458, "otherCashflowsFromFinancingActivities": -3984428, "totalCashFromFinancingActivities": -5402341, "changeInCash": -75280877}, {"maxAge": 1, "endDate": "2019-03-31", "netIncome": 40232729, "depreciation": 19552719, "changeToNetincome": -4430753, "changeToAccountReceivables": 129571645, "changeToLiabilities": -73811296, "changeToInventory": -15341288, "totalCashFromOperatingActivities": 96375757, "capitalExpenditures": -3290300, "investments": 7633250, "otherCashflowsFromInvestingActivities": 126705, "totalCashflowsFromInvestingActivities": 4342950, "dividendsPaid": -1303455, "netBorrowings": -114458, "otherCashflowsFromFinancingActivities": -3330863, "totalCashFromFinancingActivities": -4634318, "changeInCash": 96084389}, {"maxAge": 1, "endDate": "2018-03-31", "netIncome": 16958209, "depreciation": 19389967, "changeToNetincome": 9833309, "changeToAccountReceivables": -153719997, "changeToLiabilities": 48162685, "changeToInventory": 27414033, "totalCashFromOperatingActivities": -31377153, "capitalExpenditures": -7260950, "investments": 12562781, "otherCashflowsFromInvestingActivities": 126705, "totalCashflowsFromInvestingActivities": 5351980, "dividendsPaid": -2606910, "netBorrowings": -114458, "otherCashflowsFromFinancingActivities": -3330863, "totalCashFromFinancingActivities": -2606910, "changeInCash": -28632083}, {"maxAge": 1, "endDate": "2017-03-31", "netIncome": 50301000, "depreciation": 18311055, "changeToNetincome": -27335986, "changeToAccountReceivables": 31155161, "changeToLiabilities": -62633214, "changeToInventory": 12831145, "totalCashFromOperatingActivities": 23187213, "capitalExpenditures": -23866206, "investments": 10387061, "otherCashflowsFromInvestingActivities": 668280, "totalCashflowsFromInvestingActivities": -11332864, "dividendsPaid": -2606910, "netBorrowings": -114458, "otherCashflowsFromFinancingActivities": -3330863, "totalCashFromFinancingActivities": -2606910, "changeInCash": 9247439}], "maxAge": 86400}, "institutionOwnership": {"maxAge": 1, "ownershipList": []}, "balanceSheetHistoryQuarterly": {"balanceSheetStatements": [{"maxAge": 1, "endDate": "2020-06-30", "totalStockholderEquity": 808606305, "netTangibleAssets": 763964497}, {"maxAge": 1, "endDate": "2020-03-31", "cash": 54206936, "shortTermInvestments": 124587995, "netReceivables": 430727508, "inventory": 300223392, "otherCurrentAssets": 11232268, "totalCurrentAssets": 925316507, "propertyPlantEquipment": 101425477, "intangibleAssets": 44641808, "otherAssets": 3085093, "totalAssets": 1074468885, "accountsPayable": 197177126, "otherCurrentLiab": 6681814, "otherLiab": 24589095, "totalCurrentLiabilities": 240203331, "totalLiab": 265862580, "commonStock": 8689700, "retainedEarnings": 760862236, "treasuryStock": 39054369, "otherStockholderEquity": 39054369, "totalStockholderEquity": 808606305, "netTangibleAssets": 763964497}, {"maxAge": 1, "endDate": "2019-12-31", "totalStockholderEquity": 797600000, "netTangibleAssets": 752700000}, {"maxAge": 1, "endDate": "2019-09-30", "cash": 134400000, "shortTermInvestments": 85300000, "netReceivables": 349400000, "inventory": 280700000, "otherCurrentAssets": 92200000, "totalCurrentAssets": 942000000, "propertyPlantEquipment": 104000000, "intangibleAssets": 44900000, "otherAssets": 6300000, "totalAssets": 1097200000, "accountsPayable": 211600000, "otherCurrentLiab": 60900000, "otherLiab": 27100000, "totalCurrentLiabilities": 272500000, "totalLiab": 299600000, "commonStock": 8700000, "treasuryStock": 788900000, "otherStockholderEquity": 788900000, "totalStockholderEquity": 797600000, "netTangibleAssets": 752700000}], "maxAge": 86400}, "indexTrend": {"maxAge": 1, "symbol": "SP5", "peRatio": 19.7411, "pegRatio": 1.34172, "estimates": [{"period": "0q", "growth": 0.549}, {"period": "+1q", "growth": 0.431}, {"period": "0y", "growth": 0.305}, {"period": "+1y", "growth": 0.109}, {"period": "+5y", "growth": 0.120859005}, {"period": "-5y"}]}, "insiderTransactions": {"transactions": [{"maxAge": 1, "shares": 204385, "filerUrl": "", "transactionText": "Other at price 0.00 per share.", "filerName": "Akaroa Finvest Solutions Private Limited", "filerRelation": "Promoter", "moneyText": "", "startDate": "2020-09-29", "ownership": "D"}, {"maxAge": 1, "shares": 400641, "filerUrl": "", "transactionText": "Other at price 0.00 per share.", "filerName": "Jaysynth Impex Ltd", "filerRelation": "Promoter", "moneyText": "", "startDate": "2020-09-29", "ownership": "D"}, {"maxAge": 1, "shares": 196256, "filerUrl": "", "transactionText": "Other at price 0.00 per share.", "filerName": "JSSK Trading & Investments Pvt Ltd", "filerRelation": "Promoter", "moneyText": "", "startDate": "2020-09-29", "ownership": "D"}, {"maxAge": 1, "shares": 115000, "filerUrl": "", "transactionText": "", "filerName": "Jaysynth Impex Ltd", "filerRelation": "Promoter", "moneyText": "", "startDate": "2019-03-11", "ownership": "D"}, {"maxAge": 1, "shares": 124414, "filerUrl": "", "transactionText": "", "filerName": "Kothari (Priti S)", "filerRelation": "Promoter", "moneyText": "", "startDate": "2019-03-11", "ownership": "D"}, {"maxAge": 1, "shares": 115466, "filerUrl": "", "transactionText": "", "filerName": "Kothari (Nalini R)", "filerRelation": "Promoter", "moneyText": "", "startDate": "2019-03-07", "ownership": "D"}, {"maxAge": 1, "shares": 230000, "filerUrl": "", "transactionText": "", "filerName": "Jaysynth Impex Ltd", "filerRelation": "Promoter", "moneyText": "", "startDate": "2019-03-07", "ownership": "D"}, {"maxAge": 1, "shares": 115594, "filerUrl": "", "transactionText": "", "filerName": "Kothari (Meena M)", "filerRelation": "Promoter", "moneyText": "", "startDate": "2019-03-07", "ownership": "D"}], "maxAge": 1}, "quoteType": {"exchange": "BSE", "quoteType": "EQUITY", "symbol": "JAYSYN.BO", "underlyingSymbol": "JAYSYN.BO", "shortName": "JAYSYNTH DYESTUFF (INDIA) LTD.", "longName": "Jaysynth Dyestuff (India) Limited", "firstTradeDateEpochUtc": "2002-07-01 09:15:00", "timeZoneFullName": "Asia/Kolkata", "timeZoneShortName": "IST", "uuid": "f0aa90ca-8a00-3a64-99f6-985e046102f1", "messageBoardId": null, "gmtOffSetMilliseconds": 19800000, "maxAge": 1}, "incomeStatementHistory": {"incomeStatementHistory": [{"maxAge": 1, "endDate": "2020-03-31", "totalRevenue": 1168800853, "costOfRevenue": 879600507, "grossProfit": 289200346, "researchDevelopment": {}, "sellingGeneralAdministrative": 102061136, "nonRecurring": {}, "otherOperatingExpenses": 136677429, "totalOperatingExpenses": 1137362585, "operatingIncome": 31438268, "totalOtherIncomeExpenseNet": 2346499, "ebit": 31438268, "interestExpense": -886269, "incomeBeforeTax": 33784767, "incomeTaxExpense": 8096104, "minorityInterest": {}, "netIncomeFromContinuingOps": 25688663, "discontinuedOperations": {}, "extraordinaryItems": {}, "effectOfAccountingCharges": {}, "otherItems": {}, "netIncome": 25688663, "netIncomeApplicableToCommonShares": 25688663}, {"maxAge": 1, "endDate": "2019-03-31", "totalRevenue": 1210431703, "costOfRevenue": 929602185, "grossProfit": 280829518, "researchDevelopment": {}, "sellingGeneralAdministrative": 97797003, "nonRecurring": {}, "otherOperatingExpenses": 121733929, "totalOperatingExpenses": 1169287837, "operatingIncome": 41143866, "totalOtherIncomeExpenseNet": 12129553, "ebit": 41143866, "interestExpense": -392959, "incomeBeforeTax": 53273419, "incomeTaxExpense": 13040690, "minorityInterest": {}, "netIncomeFromContinuingOps": 40232729, "discontinuedOperations": {}, "extraordinaryItems": {}, "effectOfAccountingCharges": {}, "otherItems": {}, "netIncome": 40232729, "netIncomeApplicableToCommonShares": 40232729}, {"maxAge": 1, "endDate": "2018-03-31", "totalRevenue": 1180257957, "costOfRevenue": 890877847, "grossProfit": 289380110, "researchDevelopment": {}, "sellingGeneralAdministrative": 96133971, "nonRecurring": {}, "otherOperatingExpenses": 148668486, "totalOperatingExpenses": 1155654912, "operatingIncome": 24603045, "totalOtherIncomeExpenseNet": 1043595, "ebit": 24603045, "interestExpense": -24026, "incomeBeforeTax": 25646640, "incomeTaxExpense": 8688431, "minorityInterest": {}, "netIncomeFromContinuingOps": 16958209, "discontinuedOperations": {}, "extraordinaryItems": {}, "effectOfAccountingCharges": {}, "otherItems": {}, "netIncome": 16958209, "netIncomeApplicableToCommonShares": 16958209}, {"maxAge": 1, "endDate": "2017-03-31", "totalRevenue": 1221503091, "costOfRevenue": 888639838, "grossProfit": 332863253, "researchDevelopment": {}, "sellingGeneralAdministrative": 97401719, "nonRecurring": {}, "otherOperatingExpenses": 168679394, "totalOperatingExpenses": 1173590058, "operatingIncome": 47913033, "totalOtherIncomeExpenseNet": 21679529, "ebit": 47913033, "interestExpense": -204427, "incomeBeforeTax": 69592562, "incomeTaxExpense": 19291562, "minorityInterest": {}, "netIncomeFromContinuingOps": 50301000, "discontinuedOperations": {}, "extraordinaryItems": {}, "effectOfAccountingCharges": {}, "otherItems": {}, "netIncome": 50301000, "netIncomeApplicableToCommonShares": 50301000}], "maxAge": 86400}, "fundOwnership": {"maxAge": 1, "ownershipList": []}, "summaryDetail": {"maxAge": 1, "priceHint": 2, "previousClose": 61.1, "open": 61.0, "dayLow": 59.0, "dayHigh": 62.0, "regularMarketPreviousClose": 61.1, "regularMarketOpen": 61.0, "regularMarketDayLow": 59.0, "regularMarketDayHigh": 62.0, "trailingPE": 23.70168, "volume": 632, "regularMarketVolume": 632, "averageVolume": 2252, "averageVolume10days": 1577, "averageDailyVolume10Day": 1577, "bid": 60.25, "ask": 62.0, "bidSize": 0, "askSize": 0, "marketCap": 527464800, "fiftyTwoWeekLow": 23.0, "fiftyTwoWeekHigh": 62.0, "fiftyDayAverage": 51.267143, "twoHundredDayAverage": 44.28978, "trailingAnnualDividendRate": 0.15, "trailingAnnualDividendYield": 0.002454992, "currency": "INR", "fromCurrency": null, "toCurrency": null, "lastMarket": null, "algorithm": null, "tradeable": false}, "incomeStatementHistoryQuarterly": {"incomeStatementHistory": [{"maxAge": 1, "endDate": "2020-06-30", "totalRevenue": 208500000, "costOfRevenue": 162000000, "grossProfit": 46500000, "researchDevelopment": {}, "sellingGeneralAdministrative": 12700000, "nonRecurring": {}, "otherOperatingExpenses": 21000000, "totalOperatingExpenses": 200100000, "operatingIncome": 8400000, "totalOtherIncomeExpenseNet": 3000000, "ebit": 8400000, "interestExpense": -1100000, "incomeBeforeTax": 11400000, "incomeTaxExpense": 2600000, "minorityInterest": {}, "netIncomeFromContinuingOps": 8800000, "discontinuedOperations": {}, "extraordinaryItems": {}, "effectOfAccountingCharges": {}, "otherItems": {}, "netIncome": 8800000, "netIncomeApplicableToCommonShares": 8800000}, {"maxAge": 1, "endDate": "2020-03-31", "totalRevenue": 329500853, "costOfRevenue": 270200507, "grossProfit": 59300346, "researchDevelopment": {}, "sellingGeneralAdministrative": 40261136, "nonRecurring": {}, "otherOperatingExpenses": 14677429, "totalOperatingExpenses": 329862585, "operatingIncome": -361732, "totalOtherIncomeExpenseNet": -2853501, "ebit": -361732, "interestExpense": -1100000, "incomeBeforeTax": -3215233, "incomeTaxExpense": -403896, "minorityInterest": {}, "netIncomeFromContinuingOps": -2811337, "discontinuedOperations": {}, "extraordinaryItems": {}, "effectOfAccountingCharges": {}, "otherItems": {}, "netIncome": -2811337, "netIncomeApplicableToCommonShares": -2811337}, {"maxAge": 1, "endDate": "2019-12-31", "totalRevenue": 272300000, "costOfRevenue": 191400000, "grossProfit": 80900000, "researchDevelopment": {}, "sellingGeneralAdministrative": 20300000, "nonRecurring": {}, "otherOperatingExpenses": 45600000, "totalOperatingExpenses": 262200000, "operatingIncome": 10100000, "totalOtherIncomeExpenseNet": 1400000, "ebit": 10100000, "interestExpense": -1000000, "incomeBeforeTax": 11500000, "incomeTaxExpense": 2500000, "minorityInterest": {}, "netIncomeFromContinuingOps": 9000000, "discontinuedOperations": {}, "extraordinaryItems": {}, "effectOfAccountingCharges": {}, "otherItems": {}, "netIncome": 9000000, "netIncomeApplicableToCommonShares": 9000000}, {"maxAge": 1, "endDate": "2019-09-30", "totalRevenue": 298700000, "costOfRevenue": 223800000, "grossProfit": 74900000, "researchDevelopment": {}, "sellingGeneralAdministrative": 22300000, "nonRecurring": {}, "otherOperatingExpenses": 38200000, "totalOperatingExpenses": 289000000, "operatingIncome": 9700000, "totalOtherIncomeExpenseNet": 700000, "ebit": 9700000, "interestExpense": -1200000, "incomeBeforeTax": 10400000, "incomeTaxExpense": 2800000, "minorityInterest": {}, "netIncomeFromContinuingOps": 7600000, "discontinuedOperations": {}, "extraordinaryItems": {}, "effectOfAccountingCharges": {}, "otherItems": {}, "netIncome": 7600000, "netIncomeApplicableToCommonShares": 7600000}], "maxAge": 86400}, "cashflowStatementHistoryQuarterly": {"cashflowStatements": [{"maxAge": 1, "endDate": "2020-06-30", "netIncome": 8800000, "changeToLiabilities": 0}, {"maxAge": 1, "endDate": "2020-03-31", "netIncome": -2811337, "changeToLiabilities": 0}, {"maxAge": 1, "endDate": "2019-12-31", "netIncome": 9000000, "changeToLiabilities": 0}, {"maxAge": 1, "endDate": "2019-09-30", "netIncome": 7600000, "changeToLiabilities": 0}], "maxAge": 86400}, "insiderHolders": {"holders": [{"maxAge": 1, "name": "Akaroa Finvest Solutions Private Limited", "relation": "Promoter", "url": "", "transactionDescription": "Other", "latestTransDate": "2020-09-29", "positionDirect": 204385, "positionDirectDate": "2020-09-29"}, {"maxAge": 1, "name": "JSSK Trading & Investments Pvt Ltd", "relation": "Promoter", "url": "", "transactionDescription": "Other", "latestTransDate": "2020-09-29", "positionDirect": 196256, "positionDirectDate": "2020-09-29"}, {"maxAge": 1, "name": "Jaysynth Impex Ltd", "relation": "Promoter", "url": "", "transactionDescription": "Other", "latestTransDate": "2020-09-29", "positionDirect": 345000, "positionDirectDate": "2020-09-29"}, {"maxAge": 1, "name": "Kothari (Meena M)", "relation": "Promoter", "url": "", "transactionDescription": "Sale", "latestTransDate": "2019-03-07", "positionDirect": 105210, "positionDirectDate": "2019-03-07"}, {"maxAge": 1, "name": "Kothari (Nalini R)", "relation": "Promoter", "url": "", "transactionDescription": "Sale", "latestTransDate": "2019-03-07", "positionDirect": 105679, "positionDirectDate": "2019-03-07"}, {"maxAge": 1, "name": "Kothari (Priti S)", "relation": "Promoter", "url": "", "transactionDescription": "Sale", "latestTransDate": "2019-03-11", "positionDirect": 95130, "positionDirectDate": "2019-03-11"}], "maxAge": 1}, "calendarEvents": {"maxAge": 1, "earnings": {"earningsDate": ["2020-07-15 05:30:S"]}}, "price": {"maxAge": 1, "regularMarketChangePercent": -0.0065466077, "regularMarketChange": -0.3999977, "regularMarketTime": "2021-04-30 15:20:10", "priceHint": 2, "regularMarketPrice": 60.7, "regularMarketDayHigh": 62.0, "regularMarketDayLow": 59.0, "regularMarketVolume": 632, "averageDailyVolume10Day": 1577, "averageDailyVolume3Month": 2252, "regularMarketPreviousClose": 61.1, "regularMarketSource": "FREE_REALTIME", "regularMarketOpen": 61.0, "exchange": "BSE", "exchangeName": "BSE", "exchangeDataDelayedBy": 0, "marketState": "CLOSED", "quoteType": "EQUITY", "symbol": "JAYSYN.BO", "underlyingSymbol": null, "shortName": "JAYSYNTH DYESTUFF (INDIA) LTD.", "longName": "Jaysynth Dyestuff (India) Limited", "currency": "INR", "quoteSourceName": "Delayed Quote", "currencySymbol": "\u20b9", "fromCurrency": null, "toCurrency": null, "lastMarket": null, "marketCap": 527464800}, "balanceSheetHistory": {"balanceSheetStatements": [{"maxAge": 1, "endDate": "2020-03-31", "cash": 54206936, "shortTermInvestments": 124587995, "netReceivables": 430727508, "inventory": 300223392, "otherCurrentAssets": 11232268, "totalCurrentAssets": 925316507, "propertyPlantEquipment": 101425477, "intangibleAssets": 44641808, "otherAssets": 3085093, "totalAssets": 1074468885, "accountsPayable": 197177126, "otherCurrentLiab": 6681814, "otherLiab": 24589095, "totalCurrentLiabilities": 240203331, "totalLiab": 265862580, "commonStock": 8689700, "retainedEarnings": 760862236, "treasuryStock": 39054369, "otherStockholderEquity": 39054369, "totalStockholderEquity": 808606305, "netTangibleAssets": 763964497}, {"maxAge": 1, "endDate": "2019-03-31", "cash": 52246586, "shortTermInvestments": 102468636, "netReceivables": 438855898, "inventory": 245161245, "otherCurrentAssets": 8337423, "totalCurrentAssets": 850943064, "longTermInvestments": 2600000, "propertyPlantEquipment": 110710346, "intangibleAssets": 45223617, "otherAssets": 3110611, "totalAssets": 1009987638, "accountsPayable": 164194809, "otherCurrentLiab": 2856434, "otherLiab": 24692404, "totalCurrentLiabilities": 202151359, "totalLiab": 226843763, "commonStock": 8689700, "retainedEarnings": 736846098, "treasuryStock": 37608077, "otherStockholderEquity": 37608077, "totalStockholderEquity": 783143875, "netTangibleAssets": 737920258}, {"maxAge": 1, "endDate": "2018-03-31", "cash": 39804296, "shortTermInvestments": 26269035, "netReceivables": 568201191, "inventory": 229819956, "otherCurrentAssets": 6779082, "totalCurrentAssets": 872930697, "longTermInvestments": 10000, "propertyPlantEquipment": 127113049, "intangibleAssets": 45687623, "otherAssets": 6916274, "totalAssets": 1052657643, "accountsPayable": 216458804, "otherCurrentLiab": 29100061, "otherLiab": 28487009, "totalCurrentLiabilities": 276154957, "totalLiab": 304641966, "commonStock": 8689700, "retainedEarnings": 698184753, "treasuryStock": 41141224, "otherStockholderEquity": 41141224, "totalStockholderEquity": 748015677, "netTangibleAssets": 702328054}, {"maxAge": 1, "endDate": "2017-03-31", "cash": 64070894, "shortTermInvestments": 38643706, "netReceivables": 375099858, "inventory": 257233989, "otherCurrentAssets": 36912478, "totalCurrentAssets": 774482694, "longTermInvestments": 6510000, "propertyPlantEquipment": 128373164, "intangibleAssets": 46033939, "otherAssets": 20470029, "totalAssets": 975869826, "accountsPayable": 161001902, "otherCurrentLiab": 32989449, "otherLiab": 27955345, "totalCurrentLiabilities": 231548867, "totalLiab": 259504212, "commonStock": 8689700, "retainedEarnings": 684364160, "treasuryStock": 23311754, "otherStockholderEquity": 23311754, "totalStockholderEquity": 716365614, "netTangibleAssets": 670331675}], "maxAge": 86400}, "financialData": {"maxAge": 86400, "currentPrice": 60.7, "recommendationKey": "none", "grossProfits": 289200346, "financialCurrency": "INR"}}}