{"JBMA.BO": {"recommendationTrend": {"trend": [{"period": "0m", "strongBuy": 0, "buy": 0, "hold": 0, "sell": 0, "strongSell": 0}, {"period": "-1m", "strongBuy": 0, "buy": 0, "hold": 0, "sell": 0, "strongSell": 0}, {"period": "-2m", "strongBuy": 0, "buy": 0, "hold": 0, "sell": 0, "strongSell": 0}, {"period": "-3m", "strongBuy": 0, "buy": 0, "hold": 0, "sell": 0, "strongSell": 0}], "maxAge": 86400}, "cashflowStatementHistory": {"cashflowStatements": [{"maxAge": 1, "endDate": "2020-03-31", "netIncome": 692200000, "depreciation": 738500000, "changeToNetincome": 735600000, "changeToAccountReceivables": 720400000, "changeToLiabilities": 868500000, "changeToInventory": -57100000, "totalCashFromOperatingActivities": 3698100000, "capitalExpenditures": -1262400000, "investments": -69500000, "otherCashflowsFromInvestingActivities": 25300000, "totalCashflowsFromInvestingActivities": -1229900000, "dividendsPaid": -110700000, "netBorrowings": -1636100000, "otherCashflowsFromFinancingActivities": -610000000, "totalCashFromFinancingActivities": -2356800000, "changeInCash": 111500000}, {"maxAge": 1, "endDate": "2019-03-31", "netIncome": 822919000, "depreciation": 574607000, "changeToNetincome": 533712000, "changeToAccountReceivables": -1068738000, "changeToLiabilities": 480589000, "changeToInventory": -161623000, "totalCashFromOperatingActivities": 1189373000, "capitalExpenditures": -895731000, "investments": -84562000, "otherCashflowsFromInvestingActivities": 14765000, "totalCashflowsFromInvestingActivities": -1039031000, "dividendsPaid": -98362000, "netBorrowings": 475732000, "otherCashflowsFromFinancingActivities": -440810000, "totalCashFromFinancingActivities": -63440000, "changeInCash": 86902000}, {"maxAge": 1, "endDate": "2018-03-31", "netIncome": 704661000, "depreciation": 546577000, "changeToNetincome": 559927000, "changeToAccountReceivables": -523020000, "changeToLiabilities": -409734000, "changeToInventory": -195123000, "totalCashFromOperatingActivities": 692400000, "capitalExpenditures": -548034000, "investments": -75547000, "otherCashflowsFromInvestingActivities": 2033000, "totalCashflowsFromInvestingActivities": -614803000, "dividendsPaid": -98201000, "netBorrowings": 466003000, "otherCashflowsFromFinancingActivities": -446989000, "totalCashFromFinancingActivities": -79187000, "changeInCash": -1590000}, {"maxAge": 1, "endDate": "2017-03-31", "netIncome": 653685000, "depreciation": 497279000, "changeToNetincome": 509160000, "changeToAccountReceivables": -357213000, "changeToLiabilities": -366407000, "changeToInventory": 249325000, "totalCashFromOperatingActivities": 1189044000, "capitalExpenditures": -659055000, "investments": -2029000, "otherCashflowsFromInvestingActivities": 1454000, "totalCashflowsFromInvestingActivities": -652502000, "dividendsPaid": -88489000, "netBorrowings": 1771000, "otherCashflowsFromFinancingActivities": -487350000, "totalCashFromFinancingActivities": -574068000, "changeInCash": -37526000}], "maxAge": 86400}, "institutionOwnership": {"ownershipList": [], "maxAge": 1}, "balanceSheetHistoryQuarterly": {"balanceSheetStatements": [{"maxAge": 1, "endDate": "2020-06-30", "totalStockholderEquity": 7035100000, "netTangibleAssets": 5651100000}, {"maxAge": 1, "endDate": "2020-03-31", "cash": 224800000, "shortTermInvestments": 135800000, "netReceivables": 4945900000, "inventory": 2955500000, "otherCurrentAssets": 1354500000, "totalCurrentAssets": 9616500000, "longTermInvestments": 538100000, "propertyPlantEquipment": 8127000000, "intangibleAssets": 1384000000, "otherAssets": 424200000, "totalAssets": 20089800000, "accountsPayable": 4006200000, "shortLongTermDebt": 986600000, "otherCurrentLiab": 1484200000, "longTermDebt": 1967200000, "otherLiab": 1092000000, "totalCurrentLiabilities": 9995500000, "totalLiab": 13054700000, "commonStock": 236500000, "treasuryStock": 6798600000, "otherStockholderEquity": 6798600000, "totalStockholderEquity": 7035100000, "netTangibleAssets": 5651100000}, {"maxAge": 1, "endDate": "2019-12-31", "totalStockholderEquity": 5175000000, "netTangibleAssets": 3986800000}, {"maxAge": 1, "endDate": "2019-09-30", "cash": 78600000, "shortTermInvestments": 133000000, "netReceivables": 3894000000, "inventory": 2095500000, "otherCurrentAssets": 1342900000, "totalCurrentAssets": 7544000000, "longTermInvestments": 1201000000, "propertyPlantEquipment": 5568500000, "intangibleAssets": 1188200000, "otherAssets": 178600000, "totalAssets": 15680300000, "accountsPayable": 2734100000, "shortLongTermDebt": 963800000, "otherCurrentLiab": 707800000, "longTermDebt": 1600800000, "otherLiab": 675800000, "minorityInterest": 856100000, "totalCurrentLiabilities": 7372600000, "totalLiab": 9649200000, "commonStock": 204000000, "treasuryStock": 4971000000, "otherStockholderEquity": 4971000000, "totalStockholderEquity": 5175000000, "netTangibleAssets": 3986800000}], "maxAge": 86400}, "earningsHistory": {"history": [{"maxAge": 1, "epsActual": {}, "epsEstimate": {}, "epsDifference": {}, "surprisePercent": {}, "quarter": {}, "period": "-4q"}, {"maxAge": 1, "epsActual": {}, "epsEstimate": {}, "epsDifference": {}, "surprisePercent": {}, "quarter": {}, "period": "-3q"}, {"maxAge": 1, "epsActual": 4.94, "epsEstimate": 3.7, "epsDifference": 1.24, "surprisePercent": 0.335, "quarter": "2018-03-31", "period": "-2q"}, {"maxAge": 1, "epsActual": 5.12, "epsEstimate": 4.67, "epsDifference": 0.45, "surprisePercent": 0.096, "quarter": "2018-09-30", "period": "-1q"}], "maxAge": 86400}, "indexTrend": {"maxAge": 1, "symbol": "SP5", "peRatio": 19.7411, "pegRatio": 1.34172, "estimates": [{"period": "0q", "growth": 0.549}, {"period": "+1q", "growth": 0.431}, {"period": "0y", "growth": 0.305}, {"period": "+1y", "growth": 0.109}, {"period": "+5y", "growth": 0.120865}, {"period": "-5y"}]}, "industryTrend": {"maxAge": 1, "symbol": null, "estimates": []}, "insiderTransactions": {"transactions": [{"maxAge": 1, "shares": 9238, "filerUrl": "", "transactionText": "", "filerName": "SMC Credits Ltd", "filerRelation": "Promoter", "moneyText": "", "startDate": "2020-03-31", "ownership": "D"}, {"maxAge": 1, "shares": 28564, "filerUrl": "", "transactionText": "", "filerName": "SMC Credits Ltd", "filerRelation": "Promoter", "moneyText": "", "startDate": "2020-03-30", "ownership": "D"}, {"maxAge": 1, "shares": 4186, "filerUrl": "", "transactionText": "", "filerName": "SMC Credits Ltd", "filerRelation": "Promoter", "moneyText": "", "startDate": "2020-03-27", "ownership": "D"}, {"maxAge": 1, "shares": 11, "filerUrl": "", "transactionText": "", "filerName": "SMC Credits Ltd", "filerRelation": "Promoter", "moneyText": "", "startDate": "2020-03-26", "ownership": "D"}, {"maxAge": 1, "shares": 81000, "filerUrl": "", "transactionText": "", "filerName": "SMC Credits Ltd", "filerRelation": "Promoter", "moneyText": "", "startDate": "2020-03-25", "ownership": "D"}, {"maxAge": 1, "shares": 41842, "filerUrl": "", "transactionText": "", "filerName": "SMC Credits Ltd", "filerRelation": "Promoter", "moneyText": "", "startDate": "2020-03-23", "ownership": "D"}, {"maxAge": 1, "shares": 60028, "filerUrl": "", "transactionText": "", "filerName": "Arya (Esha)", "filerRelation": "Promoter", "moneyText": "", "startDate": "2016-12-14", "ownership": "D"}, {"maxAge": 1, "shares": 60028, "filerUrl": "", "transactionText": "", "filerName": "Arya (Neelam)", "filerRelation": "Promoter", "moneyText": "", "startDate": "2016-12-14", "ownership": "D"}], "maxAge": 1}, "quoteType": {"exchange": "BSE", "quoteType": "EQUITY", "symbol": "JBMA.BO", "underlyingSymbol": "JBMA.BO", "shortName": "JBM AUTO LTD.", "longName": "JBM Auto Limited", "firstTradeDateEpochUtc": "2004-12-17 09:15:00", "timeZoneFullName": "Asia/Kolkata", "timeZoneShortName": "IST", "uuid": "42a0f68b-a721-3e49-ac46-4dc6a5293975", "gmtOffSetMilliseconds": 19800000, "maxAge": 1}, "incomeStatementHistory": {"incomeStatementHistory": [{"maxAge": 1, "endDate": "2020-03-31", "totalRevenue": 19467300000, "costOfRevenue": 13556800000, "grossProfit": 5910500000, "researchDevelopment": {}, "sellingGeneralAdministrative": 2039900000, "nonRecurring": {}, "otherOperatingExpenses": 1414700000, "totalOperatingExpenses": 17749900000, "operatingIncome": 1717400000, "totalOtherIncomeExpenseNet": -640800000, "ebit": 1717400000, "interestExpense": -642700000, "incomeBeforeTax": 1076600000, "incomeTaxExpense": 384400000, "minorityInterest": {}, "netIncomeFromContinuingOps": 692200000, "discontinuedOperations": {}, "extraordinaryItems": {}, "effectOfAccountingCharges": {}, "otherItems": {}, "netIncome": 692200000, "netIncomeApplicableToCommonShares": 692200000}, {"maxAge": 1, "endDate": "2019-03-31", "totalRevenue": 17876176000, "costOfRevenue": 12902057000, "grossProfit": 4974119000, "researchDevelopment": {}, "sellingGeneralAdministrative": 1733583000, "nonRecurring": {}, "otherOperatingExpenses": 936216000, "totalOperatingExpenses": 16154370000, "operatingIncome": 1721806000, "totalOtherIncomeExpenseNet": -323273000, "ebit": 1721806000, "interestExpense": -483993000, "incomeBeforeTax": 1398533000, "incomeTaxExpense": 488641000, "minorityInterest": 820112000, "netIncomeFromContinuingOps": 909892000, "discontinuedOperations": {}, "extraordinaryItems": {}, "effectOfAccountingCharges": {}, "otherItems": {}, "netIncome": 822919000, "netIncomeApplicableToCommonShares": 822919000}, {"maxAge": 1, "endDate": "2018-03-31", "totalRevenue": 16340708000, "costOfRevenue": 11591206000, "grossProfit": 4749502000, "researchDevelopment": {}, "sellingGeneralAdministrative": 1671166000, "nonRecurring": {}, "otherOperatingExpenses": 975270000, "totalOperatingExpenses": 14793331000, "operatingIncome": 1547377000, "totalOtherIncomeExpenseNet": -308593000, "ebit": 1547377000, "interestExpense": -480043000, "incomeBeforeTax": 1238784000, "incomeTaxExpense": 427453000, "minorityInterest": 733655000, "netIncomeFromContinuingOps": 811331000, "discontinuedOperations": {}, "extraordinaryItems": {}, "effectOfAccountingCharges": {}, "otherItems": {}, "netIncome": 704661000, "netIncomeApplicableToCommonShares": 704661000}, {"maxAge": 1, "endDate": "2017-03-31", "totalRevenue": 15019172000, "costOfRevenue": 10712811000, "grossProfit": 4306361000, "researchDevelopment": {}, "sellingGeneralAdministrative": 1662329000, "nonRecurring": {}, "otherOperatingExpenses": 897709000, "totalOperatingExpenses": 13775978000, "operatingIncome": 1243194000, "totalOtherIncomeExpenseNet": -269353000, "ebit": 1243194000, "interestExpense": -524786000, "incomeBeforeTax": 973841000, "incomeTaxExpense": 254595000, "minorityInterest": 627043000, "netIncomeFromContinuingOps": 719246000, "discontinuedOperations": {}, "extraordinaryItems": {}, "effectOfAccountingCharges": {}, "otherItems": {}, "netIncome": 653685000, "netIncomeApplicableToCommonShares": 653685000}], "maxAge": 86400}, "fundOwnership": {"ownershipList": [], "maxAge": 1}, "summaryDetail": {"maxAge": 1, "priceHint": 2, "previousClose": 376.2, "open": 385.0, "dayLow": 381.9, "dayHigh": 414.4, "regularMarketPreviousClose": 376.2, "regularMarketOpen": 385.0, "regularMarketDayLow": 381.9, "regularMarketDayHigh": 414.4, "trailingPE": 71.289444, "forwardPE": 14.453382, "volume": 3886, "regularMarketVolume": 3886, "averageVolume": 6986, "averageVolume10days": 5876, "averageDailyVolume10Day": 5876, "bid": 392.0, "ask": 403.5, "bidSize": 0, "askSize": 0, "marketCap": 16126420992, "fiftyTwoWeekLow": 97.6, "fiftyTwoWeekHigh": 414.4, "fiftyDayAverage": 311.18787, "twoHundredDayAverage": 254.05992, "trailingAnnualDividendRate": 1.75, "trailingAnnualDividendYield": 0.0046517807, "currency": "INR", "fromCurrency": null, "lastMarket": null, "algorithm": null, "tradeable": false}, "sectorTrend": {"maxAge": 1, "symbol": null, "estimates": []}, "incomeStatementHistoryQuarterly": {"incomeStatementHistory": [{"maxAge": 1, "endDate": "2020-06-30", "totalRevenue": 1290800000, "costOfRevenue": 910500000, "grossProfit": 380300000, "researchDevelopment": {}, "sellingGeneralAdministrative": 320300000, "nonRecurring": {}, "otherOperatingExpenses": 125100000, "totalOperatingExpenses": 1517000000, "operatingIncome": -226200000, "totalOtherIncomeExpenseNet": -157300000, "ebit": -226200000, "interestExpense": -125300000, "incomeBeforeTax": -383500000, "incomeTaxExpense": -124800000, "minorityInterest": {}, "netIncomeFromContinuingOps": -258700000, "discontinuedOperations": {}, "extraordinaryItems": {}, "effectOfAccountingCharges": {}, "otherItems": {}, "netIncome": -258700000, "netIncomeApplicableToCommonShares": -258700000}, {"maxAge": 1, "endDate": "2020-03-31", "totalRevenue": 4752100000, "costOfRevenue": 3323000000, "grossProfit": 1429100000, "researchDevelopment": {}, "sellingGeneralAdministrative": 488000000, "nonRecurring": {}, "otherOperatingExpenses": 354400000, "totalOperatingExpenses": 4342800000, "operatingIncome": 409300000, "totalOtherIncomeExpenseNet": -164900000, "ebit": 409300000, "interestExpense": -156200000, "incomeBeforeTax": 244400000, "incomeTaxExpense": 88300000, "minorityInterest": {}, "netIncomeFromContinuingOps": 156100000, "discontinuedOperations": {}, "extraordinaryItems": {}, "effectOfAccountingCharges": {}, "otherItems": {}, "netIncome": 156100000, "netIncomeApplicableToCommonShares": 156100000}, {"maxAge": 1, "endDate": "2019-12-31", "totalRevenue": 3843300000, "costOfRevenue": 2728900000, "grossProfit": 1114400000, "researchDevelopment": {}, "sellingGeneralAdministrative": 368500000, "nonRecurring": {}, "otherOperatingExpenses": 242800000, "totalOperatingExpenses": 3482500000, "operatingIncome": 360800000, "totalOtherIncomeExpenseNet": -109900000, "ebit": 360800000, "interestExpense": -119300000, "incomeBeforeTax": 250900000, "incomeTaxExpense": 87000000, "minorityInterest": {}, "netIncomeFromContinuingOps": 163900000, "discontinuedOperations": {}, "extraordinaryItems": {}, "effectOfAccountingCharges": {}, "otherItems": {}, "netIncome": 155700000, "netIncomeApplicableToCommonShares": 155700000}, {"maxAge": 1, "endDate": "2019-09-30", "totalRevenue": 3881300000, "costOfRevenue": 2734700000, "grossProfit": 1146600000, "researchDevelopment": {}, "sellingGeneralAdministrative": 401400000, "nonRecurring": {}, "otherOperatingExpenses": 232700000, "totalOperatingExpenses": 3511500000, "operatingIncome": 369800000, "totalOtherIncomeExpenseNet": -89800000, "ebit": 369800000, "interestExpense": -127400000, "incomeBeforeTax": 280000000, "incomeTaxExpense": 95800000, "minorityInterest": 856100000, "netIncomeFromContinuingOps": 184200000, "discontinuedOperations": {}, "extraordinaryItems": {}, "effectOfAccountingCharges": {}, "otherItems": {}, "netIncome": 162700000, "netIncomeApplicableToCommonShares": 162700000}], "maxAge": 86400}, "cashflowStatementHistoryQuarterly": {"cashflowStatements": [{"maxAge": 1, "endDate": "2020-06-30", "netIncome": -258700000, "changeToLiabilities": 0}, {"maxAge": 1, "endDate": "2020-03-31", "netIncome": 156100000, "changeToLiabilities": 0}, {"maxAge": 1, "endDate": "2019-12-31", "netIncome": 155700000, "changeToLiabilities": 0}, {"maxAge": 1, "endDate": "2019-09-30", "netIncome": 162700000, "changeToLiabilities": 0}], "maxAge": 86400}, "insiderHolders": {"holders": [{"maxAge": 1, "name": "Arya (Esha)", "relation": "Promoter", "url": "", "transactionDescription": "Other", "latestTransDate": "2016-12-14", "positionDirect": 0, "positionDirectDate": "2016-12-14"}, {"maxAge": 1, "name": "Arya (Neelam)", "relation": "Promoter", "url": "", "transactionDescription": "Other", "latestTransDate": "2016-12-14", "positionDirect": 396188, "positionDirectDate": "2016-12-14"}, {"maxAge": 1, "name": "SMC Credits Ltd", "relation": "Promoter", "url": "", "transactionDescription": "Acquisition", "latestTransDate": "2020-03-31", "positionDirect": 7735101, "positionDirectDate": "2020-03-31"}], "maxAge": 1}, "earnings": {"maxAge": 86400, "earningsChart": {"quarterly": [{"date": "1Q2018", "actual": 4.94, "estimate": 3.7}, {"date": "3Q2018", "actual": 5.12, "estimate": 4.67}], "currentQuarterEstimateDate": "4Q", "currentQuarterEstimateYear": 2018, "earningsDate": ["2020-09-12 05:30:S"]}, "financialsChart": {"yearly": [{"date": 2017, "revenue": 15019172000, "earnings": 653685000}, {"date": 2018, "revenue": 16340708000, "earnings": 704661000}, {"date": 2019, "revenue": 17876176000, "earnings": 822919000}, {"date": 2020, "revenue": 19467300000, "earnings": 692200000}], "quarterly": [{"date": "3Q2019", "revenue": 3881300000, "earnings": 162700000}, {"date": "4Q2019", "revenue": 3843300000, "earnings": 155700000}, {"date": "1Q2020", "revenue": 4752100000, "earnings": 156100000}, {"date": "2Q2020", "revenue": 1290800000, "earnings": -258700000}]}, "financialCurrency": "INR"}, "calendarEvents": {"maxAge": 1, "earnings": {"earningsDate": ["2020-09-12 05:30:S"]}}, "upgradeDowngradeHistory": {"history": [], "maxAge": 86400}, "price": {"maxAge": 1, "regularMarketChangePercent": 0.050770804, "regularMarketChange": 19.099976, "regularMarketTime": "2021-04-30 15:29:51", "priceHint": 2, "regularMarketPrice": 395.3, "regularMarketDayHigh": 414.4, "regularMarketDayLow": 381.9, "regularMarketVolume": 3886, "averageDailyVolume10Day": 5876, "averageDailyVolume3Month": 6986, "regularMarketPreviousClose": 376.2, "regularMarketSource": "FREE_REALTIME", "regularMarketOpen": 385.0, "exchange": "BSE", "exchangeName": "BSE", "exchangeDataDelayedBy": 0, "marketState": "CLOSED", "quoteType": "EQUITY", "symbol": "JBMA.BO", "underlyingSymbol": null, "shortName": "JBM AUTO LTD.", "longName": "JBM Auto Limited", "currency": "INR", "quoteSourceName": "Delayed Quote", "currencySymbol": "\u20b9", "fromCurrency": null, "lastMarket": null, "marketCap": 16126420992}, "balanceSheetHistory": {"balanceSheetStatements": [{"maxAge": 1, "endDate": "2020-03-31", "cash": 224800000, "shortTermInvestments": 135800000, "netReceivables": 4945900000, "inventory": 2955500000, "otherCurrentAssets": 1354500000, "totalCurrentAssets": 9616500000, "longTermInvestments": 538100000, "propertyPlantEquipment": 8127000000, "intangibleAssets": 1384000000, "otherAssets": 424200000, "totalAssets": 20089800000, "accountsPayable": 4006200000, "shortLongTermDebt": 986600000, "otherCurrentLiab": 1484200000, "longTermDebt": 1967200000, "otherLiab": 1092000000, "totalCurrentLiabilities": 9995500000, "totalLiab": 13054700000, "commonStock": 236500000, "treasuryStock": 6798600000, "otherStockholderEquity": 6798600000, "totalStockholderEquity": 7035100000, "netTangibleAssets": 5651100000}, {"maxAge": 1, "endDate": "2019-03-31", "cash": 106145000, "shortTermInvestments": 27887000, "netReceivables": 5616869000, "inventory": 2311067000, "otherCurrentAssets": 353641000, "totalCurrentAssets": 8415609000, "longTermInvestments": 1100163000, "propertyPlantEquipment": 5491115000, "intangibleAssets": 1079756000, "otherAssets": 248934000, "totalAssets": 16335577000, "accountsPayable": 3219935000, "shortLongTermDebt": 873901000, "otherCurrentLiab": 235814000, "longTermDebt": 1783936000, "otherLiab": 613986000, "minorityInterest": 820112000, "totalCurrentLiabilities": 8135124000, "totalLiab": 10542202000, "commonStock": 203977000, "retainedEarnings": 4653180000, "treasuryStock": 116106000, "otherStockholderEquity": 116106000, "totalStockholderEquity": 4973263000, "netTangibleAssets": 3893507000}, {"maxAge": 1, "endDate": "2018-03-31", "cash": 19243000, "shortTermInvestments": 11173000, "netReceivables": 3773827000, "inventory": 2351819000, "otherCurrentAssets": 843470000, "totalCurrentAssets": 6999532000, "longTermInvestments": 906997000, "propertyPlantEquipment": 5289031000, "intangibleAssets": 922382000, "otherAssets": 229937000, "totalAssets": 14347879000, "accountsPayable": 2568886000, "shortLongTermDebt": 716780000, "otherCurrentLiab": 371918000, "longTermDebt": 2243932000, "otherLiab": 480288000, "minorityInterest": 733655000, "totalCurrentLiabilities": 6707436000, "totalLiab": 9440664000, "commonStock": 203977000, "retainedEarnings": 3853477000, "treasuryStock": 116106000, "otherStockholderEquity": 116106000, "totalStockholderEquity": 4173560000, "netTangibleAssets": 3251178000}, {"maxAge": 1, "endDate": "2017-03-31", "cash": 20834000, "shortTermInvestments": 9567000, "netReceivables": 3285113000, "inventory": 2163553000, "otherCurrentAssets": 828902000, "totalCurrentAssets": 6307969000, "longTermInvestments": 760532000, "propertyPlantEquipment": 5335749000, "intangibleAssets": 839217000, "otherAssets": 254122000, "totalAssets": 13497589000, "accountsPayable": 3199873000, "shortLongTermDebt": 683720000, "otherCurrentLiab": 254342000, "longTermDebt": 1791202000, "otherLiab": 440936000, "minorityInterest": 627043000, "totalCurrentLiabilities": 7063521000, "totalLiab": 9304323000, "commonStock": 203977000, "retainedEarnings": 3246140000, "treasuryStock": 116106000, "otherStockholderEquity": 116106000, "totalStockholderEquity": 3566223000, "netTangibleAssets": 2727006000}], "maxAge": 86400}, "earningsTrend": {"trend": [{"maxAge": 1, "period": "0q", "endDate": "2018-12-31", "growth": {}, "earningsEstimate": {"avg": 0.0, "low": 0.0, "high": 0.0, "yearAgoEps": {}, "numberOfAnalysts": 0, "growth": {}}, "revenueEstimate": {"avg": 0, "low": 0, "high": 0, "numberOfAnalysts": 0, "yearAgoRevenue": {}, "growth": {}}, "epsTrend": {"current": 0.0, "7daysAgo": 0.0, "30daysAgo": 0.0, "60daysAgo": 0.0, "90daysAgo": 0.0}, "epsRevisions": {"upLast7days": 0, "upLast30days": 0, "downLast30days": 0, "downLast90days": {}}}, {"maxAge": 1, "period": "+1q", "endDate": "2019-03-31", "growth": {}, "earningsEstimate": {"avg": 0.0, "low": 0.0, "high": 0.0, "yearAgoEps": {}, "numberOfAnalysts": 0, "growth": {}}, "revenueEstimate": {"avg": 0, "low": 0, "high": 0, "numberOfAnalysts": 0, "yearAgoRevenue": {}, "growth": {}}, "epsTrend": {"current": 0.0, "7daysAgo": 0.0, "30daysAgo": 0.0, "60daysAgo": 0.0, "90daysAgo": 0.0}, "epsRevisions": {"upLast7days": 0, "upLast30days": 0, "downLast30days": 0, "downLast90days": {}}}, {"maxAge": 1, "period": "0y", "endDate": "2019-03-31", "growth": {}, "earningsEstimate": {"avg": 0.0, "low": 0.0, "high": 0.0, "yearAgoEps": {}, "numberOfAnalysts": 0, "growth": {}}, "revenueEstimate": {"avg": 20296800000, "low": 17713600000, "high": 22880000000, "numberOfAnalysts": 2, "yearAgoRevenue": 16328800000, "growth": 0.24299999}, "epsTrend": {"current": 0.0, "7daysAgo": 22.52, "30daysAgo": 22.52, "60daysAgo": 22.52, "90daysAgo": 22.52}, "epsRevisions": {"upLast7days": 0, "upLast30days": 0, "downLast30days": 0, "downLast90days": {}}}, {"maxAge": 1, "period": "+1y", "endDate": "2020-03-31", "growth": {}, "earningsEstimate": {"avg": 0.0, "low": 0.0, "high": 0.0, "yearAgoEps": {}, "numberOfAnalysts": 0, "growth": {}}, "revenueEstimate": {"avg": 22291800000, "low": 19130700000, "high": 25453000000, "numberOfAnalysts": 2, "yearAgoRevenue": 20296800000, "growth": 0.098000005}, "epsTrend": {"current": 0.0, "7daysAgo": 27.35, "30daysAgo": 27.35, "60daysAgo": 27.35, "90daysAgo": 27.35}, "epsRevisions": {"upLast7days": 0, "upLast30days": 0, "downLast30days": 0, "downLast90days": {}}}, {"maxAge": 1, "period": "+5y", "endDate": null, "growth": {}, "earningsEstimate": {"avg": {}, "low": {}, "high": {}, "yearAgoEps": {}, "numberOfAnalysts": {}, "growth": {}}, "revenueEstimate": {"avg": {}, "low": {}, "high": {}, "numberOfAnalysts": {}, "yearAgoRevenue": {}, "growth": {}}, "epsTrend": {"current": {}, "7daysAgo": {}, "30daysAgo": {}, "60daysAgo": {}, "90daysAgo": {}}, "epsRevisions": {"upLast7days": {}, "upLast30days": {}, "downLast30days": {}, "downLast90days": {}}}, {"maxAge": 1, "period": "-5y", "endDate": null, "growth": {}, "earningsEstimate": {"avg": {}, "low": {}, "high": {}, "yearAgoEps": {}, "numberOfAnalysts": {}, "growth": {}}, "revenueEstimate": {"avg": {}, "low": {}, "high": {}, "numberOfAnalysts": {}, "yearAgoRevenue": {}, "growth": {}}, "epsTrend": {"current": {}, "7daysAgo": {}, "30daysAgo": {}, "60daysAgo": {}, "90daysAgo": {}}, "epsRevisions": {"upLast7days": {}, "upLast30days": {}, "downLast30days": {}, "downLast90days": {}}}], "maxAge": 1}, "financialData": {"maxAge": 86400, "currentPrice": 395.3, "targetHighPrice": 560.0, "targetLowPrice": 560.0, "targetMeanPrice": 560.0, "targetMedianPrice": 560.0, "recommendationKey": "none", "numberOfAnalystOpinions": 1, "grossProfits": 5910500000, "financialCurrency": "INR"}}}