{"JBMA.NS": {"assetProfile": {"address1": "Plot No. 9", "address2": "Institutional Area Sector 44", "city": "Gurugram", "zip": "122003", "country": "India", "phone": "91 12 4467 4500", "fax": "91 12 4467 4599", "website": "http://www.jbm-group.com/JBM-Auto-Ltd.php", "industry": "Auto Parts", "sector": "Consumer Cyclical", "longBusinessSummary": "JBM Auto Limited manufactures and sells auto components, tools, and buses in India and internationally. It operates through three segments: Sheet Metal Components, Assemblies & Sub-assemblies; Tool, Dies & Moulds; and OEM Division. The company offers chassis and suspension systems, such as axles, twist beams, lower control arms, sub-frames, exhaust systems, air and fuel tanks, complete cowl assemblies, and pedal boxes; skin panels, including doors, roofs, rear and front panels, and bumpers; and BIW parts and assemblies comprising floor and upper body parts, roof headers, cross car and truck beams, oil pan assemblies, and others, as well as tools and dies for turnkey projects. It also designs, develops, manufactures, assembles, and sells CNG, diesel, and electric buses, as well as related parts, accessories, and maintenance contracts. The company was incorporated in 1996 and is based in Gurugram, India.", "fullTimeEmployees": 7000, "companyOfficers": [{"maxAge": 1, "name": "Mr. Sandip  Sanyal", "age": 69, "title": "Whole-Time Exec. Director", "yearBorn": 1951, "fiscalYear": 2020, "totalPay": 0, "exercisedValue": 0, "unexercisedValue": 0}, {"maxAge": 1, "name": "Mr. Vivek  Gupta", "age": 50, "title": "CFO, Compliance Officer & Company Sec.", "yearBorn": 1970, "fiscalYear": 2020, "totalPay": 4208400, "exercisedValue": 0, "unexercisedValue": 0}], "compensationAsOfEpochDate": "2020-12-31 05:30:00", "maxAge": 86400}, "recommendationTrend": {"trend": [{"period": "0m", "strongBuy": 0, "buy": 0, "hold": 0, "sell": 0, "strongSell": 0}, {"period": "-1m", "strongBuy": 0, "buy": 1, "hold": 0, "sell": 0, "strongSell": 0}, {"period": "-2m", "strongBuy": 0, "buy": 1, "hold": 0, "sell": 0, "strongSell": 0}, {"period": "-3m", "strongBuy": 0, "buy": 1, "hold": 0, "sell": 0, "strongSell": 0}], "maxAge": 86400}, "cashflowStatementHistory": {"cashflowStatements": [{"maxAge": 1, "endDate": "2020-03-31", "netIncome": 692209000, "depreciation": 729416000, "changeToNetincome": 735737000, "changeToAccountReceivables": 720360000, "changeToLiabilities": 868466000, "changeToInventory": -57136000, "totalCashFromOperatingActivities": 3698141000, "capitalExpenditures": -1262374000, "investments": -69471000, "otherCashflowsFromInvestingActivities": 25234000, "totalCashflowsFromInvestingActivities": -1229877000, "dividendsPaid": -110657000, "netBorrowings": -1336084000, "otherCashflowsFromFinancingActivities": -610057000, "totalCashFromFinancingActivities": -2356798000, "changeInCash": 111466000}, {"maxAge": 1, "endDate": "2019-03-31", "netIncome": 980911000, "depreciation": 739872000, "changeToNetincome": 658114000, "changeToAccountReceivables": -1473624000, "changeToLiabilities": 875689000, "changeToInventory": -269226000, "totalCashFromOperatingActivities": 1520200000, "capitalExpenditures": -1759228000, "investments": -84604000, "otherCashflowsFromInvestingActivities": 15563000, "totalCashflowsFromInvestingActivities": -1898653000, "dividendsPaid": -98362000, "netBorrowings": 1109161000, "otherCashflowsFromFinancingActivities": -546209000, "totalCashFromFinancingActivities": 464590000, "changeInCash": 86137000}, {"maxAge": 1, "endDate": "2018-03-31", "netIncome": 704661000, "depreciation": 546577000, "changeToNetincome": 559927000, "changeToAccountReceivables": -523020000, "changeToLiabilities": -409734000, "changeToInventory": -195123000, "totalCashFromOperatingActivities": 692400000, "capitalExpenditures": -548034000, "investments": -75547000, "otherCashflowsFromInvestingActivities": 2033000, "totalCashflowsFromInvestingActivities": -614803000, "dividendsPaid": -98201000, "netBorrowings": 466003000, "otherCashflowsFromFinancingActivities": -446989000, "totalCashFromFinancingActivities": -79187000, "changeInCash": -1590000}, {"maxAge": 1, "endDate": "2017-03-31", "netIncome": 653685000, "depreciation": 497279000, "changeToNetincome": 509160000, "changeToAccountReceivables": -357213000, "changeToLiabilities": -366407000, "changeToInventory": 249325000, "totalCashFromOperatingActivities": 1189044000, "capitalExpenditures": -659055000, "investments": -2029000, "otherCashflowsFromInvestingActivities": 1454000, "totalCashflowsFromInvestingActivities": -652502000, "dividendsPaid": -88489000, "netBorrowings": 1771000, "otherCashflowsFromFinancingActivities": -487350000, "totalCashFromFinancingActivities": -574068000, "changeInCash": -37526000}], "maxAge": 86400}, "indexTrend": {"maxAge": 1, "symbol": "SP5", "peRatio": 19.7411, "pegRatio": 1.34172, "estimates": [{"period": "0q", "growth": 0.549}, {"period": "+1q", "growth": 0.431}, {"period": "0y", "growth": 0.305}, {"period": "+1y", "growth": 0.109}, {"period": "+5y", "growth": 0.120865}, {"period": "-5y"}]}, "defaultKeyStatistics": {"maxAge": 1, "priceHint": 2, "enterpriseValue": 25085902848, "profitMargins": 0.018860001, "floatShares": 6187135, "sharesOutstanding": 47298900, "heldPercentInsiders": 0.84672, "heldPercentInstitutions": 0.0, "beta": 1.60804, "category": null, "bookValue": 147.537, "priceToBook": 2.6708553, "fundFamily": null, "legalType": null, "lastFiscalYearEnd": "2020-03-31 05:30:00", "nextFiscalYearEnd": "2022-03-31 05:30:00", "mostRecentQuarter": "2020-12-31 05:30:00", "earningsQuarterlyGrowth": 0.41, "netIncomeToCommon": 323008992, "trailingEps": 6.801, "forwardEps": 19.82, "lastSplitFactor": "2:1", "lastSplitDate": "2014-10-08 05:30:00", "enterpriseToRevenue": 1.464, "enterpriseToEbitda": 14.009, "52WeekChange": 1.4316568, "SandP52WeekChange": 0.48148263, "lastDividendValue": 1.75, "lastDividendDate": 1606953600}, "industryTrend": {"maxAge": 1, "symbol": null, "estimates": []}, "quoteType": {"exchange": "NSI", "quoteType": "EQUITY", "symbol": "JBMA.NS", "underlyingSymbol": "JBMA.NS", "shortName": "JBM AUTO LTD", "longName": "JBM Auto Limited", "firstTradeDateEpochUtc": "2004-12-17 09:15:00", "timeZoneFullName": "Asia/Kolkata", "timeZoneShortName": "IST", "uuid": "79b46ff4-7dc7-3201-8cfe-8a747efe8f52", "messageBoardId": "finmb_20345769", "gmtOffSetMilliseconds": 19800000, "maxAge": 1}, "incomeStatementHistory": {"incomeStatementHistory": [{"maxAge": 1, "endDate": "2020-03-31", "totalRevenue": 19473876000, "costOfRevenue": 13787881000, "grossProfit": 5685995000, "researchDevelopment": {}, "sellingGeneralAdministrative": 2059881000, "nonRecurring": {}, "otherOperatingExpenses": 1219924000, "totalOperatingExpenses": 17806191000, "operatingIncome": 1667685000, "totalOtherIncomeExpenseNet": -591173000, "ebit": 1667685000, "interestExpense": -629032000, "incomeBeforeTax": 1076512000, "incomeTaxExpense": 384303000, "minorityInterest": {}, "netIncomeFromContinuingOps": 692209000, "discontinuedOperations": {}, "extraordinaryItems": {}, "effectOfAccountingCharges": {}, "otherItems": {}, "netIncome": 692209000, "netIncomeApplicableToCommonShares": 692209000}, {"maxAge": 1, "endDate": "2019-03-31", "totalRevenue": 22081437000, "costOfRevenue": 15755801000, "grossProfit": 6325636000, "researchDevelopment": {}, "sellingGeneralAdministrative": 2192146000, "nonRecurring": {}, "otherOperatingExpenses": 1349589000, "totalOperatingExpenses": 20045872000, "operatingIncome": 2035565000, "totalOtherIncomeExpenseNet": -533068000, "ebit": 2035565000, "interestExpense": -590384000, "incomeBeforeTax": 1502497000, "incomeTaxExpense": 521586000, "minorityInterest": {}, "netIncomeFromContinuingOps": 980911000, "discontinuedOperations": {}, "extraordinaryItems": {}, "effectOfAccountingCharges": {}, "otherItems": {}, "netIncome": 980911000, "netIncomeApplicableToCommonShares": 980911000}, {"maxAge": 1, "endDate": "2018-03-31", "totalRevenue": 16340708000, "costOfRevenue": 11591206000, "grossProfit": 4749502000, "researchDevelopment": {}, "sellingGeneralAdministrative": 1671166000, "nonRecurring": {}, "otherOperatingExpenses": 975270000, "totalOperatingExpenses": 14793331000, "operatingIncome": 1547377000, "totalOtherIncomeExpenseNet": -308593000, "ebit": 1547377000, "interestExpense": -480043000, "incomeBeforeTax": 1238784000, "incomeTaxExpense": 427453000, "minorityInterest": 733655000, "netIncomeFromContinuingOps": 811331000, "discontinuedOperations": {}, "extraordinaryItems": {}, "effectOfAccountingCharges": {}, "otherItems": {}, "netIncome": 704661000, "netIncomeApplicableToCommonShares": 704661000}, {"maxAge": 1, "endDate": "2017-03-31", "totalRevenue": 15019172000, "costOfRevenue": 10712811000, "grossProfit": 4306361000, "researchDevelopment": {}, "sellingGeneralAdministrative": 1662329000, "nonRecurring": {}, "otherOperatingExpenses": 897709000, "totalOperatingExpenses": 13775978000, "operatingIncome": 1243194000, "totalOtherIncomeExpenseNet": -269353000, "ebit": 1243194000, "interestExpense": -524786000, "incomeBeforeTax": 973841000, "incomeTaxExpense": 254595000, "minorityInterest": 627043000, "netIncomeFromContinuingOps": 719246000, "discontinuedOperations": {}, "extraordinaryItems": {}, "effectOfAccountingCharges": {}, "otherItems": {}, "netIncome": 653685000, "netIncomeApplicableToCommonShares": 653685000}], "maxAge": 86400}, "fundOwnership": {"maxAge": 1, "ownershipList": []}, "summaryDetail": {"maxAge": 1, "priceHint": 2, "previousClose": 376.55, "open": 378.0, "dayLow": 378.0, "dayHigh": 414.0, "regularMarketPreviousClose": 376.55, "regularMarketOpen": 378.0, "regularMarketDayLow": 378.0, "regularMarketDayHigh": 414.0, "dividendRate": 1.75, "dividendYield": 0.0046, "exDividendDate": "2020-12-03 05:30:00", "payoutRatio": 0.257, "beta": 1.60804, "trailingPE": 57.940006, "forwardPE": 19.881433, "volume": 69783, "regularMarketVolume": 69783, "averageVolume": 52036, "averageVolume10days": 30049, "averageDailyVolume10Day": 30049, "bid": 0.0, "ask": 0.0, "bidSize": 0, "askSize": 0, "marketCap": 18620792832, "fiftyTwoWeekLow": 145.9, "fiftyTwoWeekHigh": 474.8, "priceToSalesTrailing12Months": 1.0870107, "fiftyDayAverage": 401.6857, "twoHundredDayAverage": 335.39307, "trailingAnnualDividendRate": 1.75, "trailingAnnualDividendYield": 0.0046474575, "currency": "INR", "fromCurrency": null, "toCurrency": null, "lastMarket": null, "algorithm": null, "tradeable": false}, "insiderHolders": {"holders": [{"maxAge": 1, "name": "Arya (Esha)", "relation": "Promoter", "url": "", "transactionDescription": "Other", "latestTransDate": "2016-12-14", "positionDirect": 0, "positionDirectDate": "2016-12-14"}, {"maxAge": 1, "name": "Arya (Neelam)", "relation": "Promoter", "url": "", "transactionDescription": "Other", "latestTransDate": "2016-12-14", "positionDirect": 396188, "positionDirectDate": "2016-12-14"}, {"maxAge": 1, "name": "SMC Credits Ltd", "relation": "Promoter", "url": "", "transactionDescription": "Acquisition", "latestTransDate": "2020-03-31", "positionDirect": 7735101, "positionDirectDate": "2020-03-31"}], "maxAge": 1}, "calendarEvents": {"maxAge": 1, "earnings": {"earningsDate": []}, "exDividendDate": "2020-12-03 05:30:00"}, "price": {"maxAge": 1, "regularMarketChangePercent": 0.046474572, "regularMarketChange": 17.5, "regularMarketTime": "2021-04-30 15:29:53", "priceHint": 2, "regularMarketPrice": 394.05, "regularMarketDayHigh": 414.0, "regularMarketDayLow": 378.0, "regularMarketVolume": 69783, "averageDailyVolume10Day": 30049, "averageDailyVolume3Month": 52036, "regularMarketPreviousClose": 376.55, "regularMarketSource": "FREE_REALTIME", "regularMarketOpen": 378.0, "exchange": "NSI", "exchangeName": "NSE", "exchangeDataDelayedBy": 15, "marketState": "CLOSED", "quoteType": "EQUITY", "symbol": "JBMA.NS", "underlyingSymbol": null, "shortName": "JBM AUTO LTD", "longName": "JBM Auto Limited", "currency": "INR", "quoteSourceName": "Delayed Quote", "currencySymbol": "\u20b9", "fromCurrency": null, "toCurrency": null, "lastMarket": null, "marketCap": 18620792832}, "balanceSheetHistory": {"balanceSheetStatements": [{"maxAge": 1, "endDate": "2020-03-31", "cash": 219296000, "shortTermInvestments": 24593000, "netReceivables": 5996586000, "inventory": 2955469000, "otherCurrentAssets": 420566000, "totalCurrentAssets": 9616510000, "longTermInvestments": 538144000, "propertyPlantEquipment": 8127062000, "intangibleAssets": 1384082000, "otherAssets": 424016000, "totalAssets": 20089814000, "accountsPayable": 4006255000, "shortLongTermDebt": 806425000, "otherCurrentLiab": 1416616000, "longTermDebt": 1908727000, "otherLiab": 1091974000, "totalCurrentLiabilities": 9995497000, "totalLiab": 13054641000, "commonStock": 236494000, "retainedEarnings": 6287128000, "treasuryStock": 48554000, "capitalSurplus": 462997000, "otherStockholderEquity": 48554000, "totalStockholderEquity": 7035173000, "netTangibleAssets": 5651091000}, {"maxAge": 1, "endDate": "2019-03-31", "cash": 107830000, "shortTermInvestments": 20388000, "netReceivables": 6700907000, "inventory": 2898333000, "otherCurrentAssets": 428325000, "totalCurrentAssets": 10155783000, "longTermInvestments": 480568000, "propertyPlantEquipment": 7959734000, "intangibleAssets": 1081247000, "otherAssets": 381927000, "totalAssets": 20059259000, "accountsPayable": 4090176000, "shortLongTermDebt": 1171324000, "otherCurrentLiab": 528039000, "longTermDebt": 2358436000, "otherLiab": 908010000, "totalCurrentLiabilities": 10329786000, "totalLiab": 13605388000, "commonStock": 203977000, "retainedEarnings": 5755827000, "treasuryStock": 31070000, "capitalSurplus": 462997000, "otherStockholderEquity": 31070000, "totalStockholderEquity": 6453871000, "netTangibleAssets": 5372624000}, {"maxAge": 1, "endDate": "2018-03-31", "cash": 19243000, "shortTermInvestments": 11173000, "netReceivables": 3773827000, "inventory": 2351819000, "otherCurrentAssets": 843470000, "totalCurrentAssets": 6999532000, "longTermInvestments": 906997000, "propertyPlantEquipment": 5289031000, "intangibleAssets": 922382000, "otherAssets": 229937000, "totalAssets": 14347879000, "accountsPayable": 2568886000, "shortLongTermDebt": 716780000, "otherCurrentLiab": 371918000, "longTermDebt": 2243932000, "otherLiab": 480288000, "minorityInterest": 733655000, "totalCurrentLiabilities": 6707436000, "totalLiab": 9440664000, "commonStock": 203977000, "retainedEarnings": 3853477000, "treasuryStock": 116106000, "otherStockholderEquity": 116106000, "totalStockholderEquity": 4173560000, "netTangibleAssets": 3251178000}, {"maxAge": 1, "endDate": "2017-03-31", "cash": 20834000, "shortTermInvestments": 9567000, "netReceivables": 3285113000, "inventory": 2163553000, "otherCurrentAssets": 828902000, "totalCurrentAssets": 6307969000, "longTermInvestments": 760532000, "propertyPlantEquipment": 5335749000, "intangibleAssets": 839217000, "otherAssets": 254122000, "totalAssets": 13497589000, "accountsPayable": 3199873000, "shortLongTermDebt": 683720000, "otherCurrentLiab": 254342000, "longTermDebt": 1791202000, "otherLiab": 440936000, "minorityInterest": 627043000, "totalCurrentLiabilities": 7063521000, "totalLiab": 9304323000, "commonStock": 203977000, "retainedEarnings": 3246140000, "treasuryStock": 116106000, "otherStockholderEquity": 116106000, "totalStockholderEquity": 3566223000, "netTangibleAssets": 2727006000}], "maxAge": 86400}, "earningsTrend": {"trend": [{"maxAge": 1, "period": "0q", "endDate": null, "growth": {}, "earningsEstimate": {"avg": 0.0, "low": 0.0, "high": 0.0, "yearAgoEps": {}, "numberOfAnalysts": 0, "growth": {}}, "revenueEstimate": {"avg": 0, "low": 0, "high": 0, "numberOfAnalysts": 0, "yearAgoRevenue": {}, "growth": {}}, "epsTrend": {"current": 0.0, "7daysAgo": 0.0, "30daysAgo": 0.0, "60daysAgo": 0.0, "90daysAgo": 0.0}, "epsRevisions": {"upLast7days": 0, "upLast30days": 0, "downLast30days": 0, "downLast90days": {}}}, {"maxAge": 1, "period": "+1q", "endDate": null, "growth": {}, "earningsEstimate": {"avg": 0.0, "low": 0.0, "high": 0.0, "yearAgoEps": {}, "numberOfAnalysts": 0, "growth": {}}, "revenueEstimate": {"avg": 0, "low": 0, "high": 0, "numberOfAnalysts": 0, "yearAgoRevenue": {}, "growth": {}}, "epsTrend": {"current": 0.0, "7daysAgo": 0.0, "30daysAgo": 0.0, "60daysAgo": 0.0, "90daysAgo": 0.0}, "epsRevisions": {"upLast7days": 0, "upLast30days": 0, "downLast30days": 0, "downLast90days": {}}}, {"maxAge": 1, "period": "0y", "endDate": null, "growth": {}, "earningsEstimate": {"avg": 0.0, "low": 0.0, "high": 0.0, "yearAgoEps": {}, "numberOfAnalysts": 0, "growth": {}}, "revenueEstimate": {"avg": 0, "low": 0, "high": 0, "numberOfAnalysts": 0, "yearAgoRevenue": {}, "growth": {}}, "epsTrend": {"current": 0.0, "7daysAgo": 0.0, "30daysAgo": 0.0, "60daysAgo": 0.0, "90daysAgo": 0.0}, "epsRevisions": {"upLast7days": 0, "upLast30days": 0, "downLast30days": 0, "downLast90days": {}}}, {"maxAge": 1, "period": "+1y", "endDate": null, "growth": {}, "earningsEstimate": {"avg": 0.0, "low": 0.0, "high": 0.0, "yearAgoEps": {}, "numberOfAnalysts": 0, "growth": {}}, "revenueEstimate": {"avg": 0, "low": 0, "high": 0, "numberOfAnalysts": 0, "yearAgoRevenue": {}, "growth": {}}, "epsTrend": {"current": 0.0, "7daysAgo": 0.0, "30daysAgo": 0.0, "60daysAgo": 0.0, "90daysAgo": 0.0}, "epsRevisions": {"upLast7days": 0, "upLast30days": 0, "downLast30days": 0, "downLast90days": {}}}, {"maxAge": 1, "period": "+5y", "endDate": null, "growth": {}, "earningsEstimate": {"avg": {}, "low": {}, "high": {}, "yearAgoEps": {}, "numberOfAnalysts": {}, "growth": {}}, "revenueEstimate": {"avg": {}, "low": {}, "high": {}, "numberOfAnalysts": {}, "yearAgoRevenue": {}, "growth": {}}, "epsTrend": {"current": {}, "7daysAgo": {}, "30daysAgo": {}, "60daysAgo": {}, "90daysAgo": {}}, "epsRevisions": {"upLast7days": {}, "upLast30days": {}, "downLast30days": {}, "downLast90days": {}}}, {"maxAge": 1, "period": "-5y", "endDate": null, "growth": {}, "earningsEstimate": {"avg": {}, "low": {}, "high": {}, "yearAgoEps": {}, "numberOfAnalysts": {}, "growth": {}}, "revenueEstimate": {"avg": {}, "low": {}, "high": {}, "numberOfAnalysts": {}, "yearAgoRevenue": {}, "growth": {}}, "epsTrend": {"current": {}, "7daysAgo": {}, "30daysAgo": {}, "60daysAgo": {}, "90daysAgo": {}}, "epsRevisions": {"upLast7days": {}, "upLast30days": {}, "downLast30days": {}, "downLast90days": {}}}], "maxAge": 1}, "institutionOwnership": {"maxAge": 1, "ownershipList": []}, "majorHoldersBreakdown": {"maxAge": 1, "insidersPercentHeld": 0.84672, "institutionsPercentHeld": 0.0, "institutionsFloatPercentHeld": 0.0, "institutionsCount": 0}, "balanceSheetHistoryQuarterly": {"balanceSheetStatements": [{"maxAge": 1, "endDate": "2020-12-31", "totalStockholderEquity": 6981600000, "netTangibleAssets": 5634600000}, {"maxAge": 1, "endDate": "2020-09-30", "cash": 130000000, "shortTermInvestments": 137300000, "netReceivables": 3697200000, "inventory": 2677600000, "otherCurrentAssets": 3791000000, "totalCurrentAssets": 10433100000, "longTermInvestments": 506500000, "propertyPlantEquipment": 8492200000, "intangibleAssets": 1347000000, "otherAssets": 537000000, "totalAssets": 21315800000, "accountsPayable": 3882400000, "shortLongTermDebt": 1266500000, "otherCurrentLiab": 1863200000, "longTermDebt": 2373500000, "otherLiab": 1029600000, "totalCurrentLiabilities": 10931100000, "totalLiab": 14334200000, "commonStock": 236500000, "treasuryStock": 6745100000, "otherStockholderEquity": 6745100000, "totalStockholderEquity": 6981600000, "netTangibleAssets": 5634600000}, {"maxAge": 1, "endDate": "2020-06-30", "totalStockholderEquity": 7035100000, "netTangibleAssets": 5651100000}, {"maxAge": 1, "endDate": "2020-03-31", "cash": 219296000, "shortTermInvestments": 24593000, "netReceivables": 5996586000, "inventory": 2955469000, "otherCurrentAssets": 420566000, "totalCurrentAssets": 9616510000, "longTermInvestments": 538144000, "propertyPlantEquipment": 8127062000, "intangibleAssets": 1384082000, "otherAssets": 424016000, "totalAssets": 20089814000, "accountsPayable": 4006255000, "shortLongTermDebt": 806425000, "otherCurrentLiab": 1416616000, "longTermDebt": 1908727000, "otherLiab": 1091974000, "totalCurrentLiabilities": 9995497000, "totalLiab": 13054641000, "commonStock": 236494000, "retainedEarnings": 6287128000, "treasuryStock": 48554000, "capitalSurplus": 462997000, "otherStockholderEquity": 48554000, "totalStockholderEquity": 7035173000, "netTangibleAssets": 5651091000}], "maxAge": 86400}, "earningsHistory": {"history": [{"maxAge": 1, "epsActual": {}, "epsEstimate": {}, "epsDifference": {}, "surprisePercent": {}, "quarter": {}, "period": "-4q"}, {"maxAge": 1, "epsActual": {}, "epsEstimate": {}, "epsDifference": {}, "surprisePercent": {}, "quarter": {}, "period": "-3q"}, {"maxAge": 1, "epsActual": {}, "epsEstimate": {}, "epsDifference": {}, "surprisePercent": {}, "quarter": {}, "period": "-2q"}, {"maxAge": 1, "epsActual": {}, "epsEstimate": {}, "epsDifference": {}, "surprisePercent": {}, "quarter": {}, "period": "-1q"}], "maxAge": 86400}, "summaryProfile": {"address1": "Plot No. 9", "address2": "Institutional Area Sector 44", "city": "Gurugram", "zip": "122003", "country": "India", "phone": "91 12 4467 4500", "fax": "91 12 4467 4599", "website": "http://www.jbm-group.com/JBM-Auto-Ltd.php", "industry": "Auto Parts", "sector": "Consumer Cyclical", "longBusinessSummary": "JBM Auto Limited manufactures and sells auto components, tools, and buses in India and internationally. It operates through three segments: Sheet Metal Components, Assemblies & Sub-assemblies; Tool, Dies & Moulds; and OEM Division. The company offers chassis and suspension systems, such as axles, twist beams, lower control arms, sub-frames, exhaust systems, air and fuel tanks, complete cowl assemblies, and pedal boxes; skin panels, including doors, roofs, rear and front panels, and bumpers; and BIW parts and assemblies comprising floor and upper body parts, roof headers, cross car and truck beams, oil pan assemblies, and others, as well as tools and dies for turnkey projects. It also designs, develops, manufactures, assembles, and sells CNG, diesel, and electric buses, as well as related parts, accessories, and maintenance contracts. The company was incorporated in 1996 and is based in Gurugram, India.", "fullTimeEmployees": 7000, "companyOfficers": [], "maxAge": 86400}, "netSharePurchaseActivity": {"maxAge": 1, "period": "6m", "buyInfoCount": 0, "buyInfoShares": 0, "sellInfoCount": 0, "netInfoCount": 0, "netInfoShares": 0, "netPercentInsiderShares": 0.0, "totalInsiderShares": 40073212}, "insiderTransactions": {"transactions": [{"maxAge": 1, "shares": 9238, "filerUrl": "", "transactionText": "", "filerName": "SMC Credits Ltd", "filerRelation": "Promoter", "moneyText": "", "startDate": "2020-03-31", "ownership": "D"}, {"maxAge": 1, "shares": 28564, "filerUrl": "", "transactionText": "", "filerName": "SMC Credits Ltd", "filerRelation": "Promoter", "moneyText": "", "startDate": "2020-03-30", "ownership": "D"}, {"maxAge": 1, "shares": 4186, "filerUrl": "", "transactionText": "", "filerName": "SMC Credits Ltd", "filerRelation": "Promoter", "moneyText": "", "startDate": "2020-03-27", "ownership": "D"}, {"maxAge": 1, "shares": 11, "filerUrl": "", "transactionText": "", "filerName": "SMC Credits Ltd", "filerRelation": "Promoter", "moneyText": "", "startDate": "2020-03-26", "ownership": "D"}, {"maxAge": 1, "shares": 81000, "filerUrl": "", "transactionText": "", "filerName": "SMC Credits Ltd", "filerRelation": "Promoter", "moneyText": "", "startDate": "2020-03-25", "ownership": "D"}, {"maxAge": 1, "shares": 41842, "filerUrl": "", "transactionText": "", "filerName": "SMC Credits Ltd", "filerRelation": "Promoter", "moneyText": "", "startDate": "2020-03-23", "ownership": "D"}, {"maxAge": 1, "shares": 60028, "filerUrl": "", "transactionText": "", "filerName": "Arya (Esha)", "filerRelation": "Promoter", "moneyText": "", "startDate": "2016-12-14", "ownership": "D"}, {"maxAge": 1, "shares": 60028, "filerUrl": "", "transactionText": "", "filerName": "Arya (Neelam)", "filerRelation": "Promoter", "moneyText": "", "startDate": "2016-12-14", "ownership": "D"}], "maxAge": 1}, "sectorTrend": {"maxAge": 1, "symbol": null, "estimates": []}, "incomeStatementHistoryQuarterly": {"incomeStatementHistory": [{"maxAge": 1, "endDate": "2020-12-31", "totalRevenue": 5907400000, "costOfRevenue": 4050300000, "grossProfit": 1857100000, "researchDevelopment": {}, "sellingGeneralAdministrative": 604300000, "nonRecurring": {}, "otherOperatingExpenses": 552300000, "totalOperatingExpenses": 5415500000, "operatingIncome": 491900000, "totalOtherIncomeExpenseNet": -156100000, "ebit": 491900000, "interestExpense": -143900000, "incomeBeforeTax": 335800000, "incomeTaxExpense": 116200000, "minorityInterest": {}, "netIncomeFromContinuingOps": 219600000, "discontinuedOperations": {}, "extraordinaryItems": {}, "effectOfAccountingCharges": {}, "otherItems": {}, "netIncome": 219600000, "netIncomeApplicableToCommonShares": 219600000}, {"maxAge": 1, "endDate": "2020-09-30", "totalRevenue": 5173600000, "costOfRevenue": 3661600000, "grossProfit": 1512000000, "researchDevelopment": {}, "sellingGeneralAdministrative": 488700000, "nonRecurring": {}, "otherOperatingExpenses": 381100000, "totalOperatingExpenses": 4706500000, "operatingIncome": 467100000, "totalOtherIncomeExpenseNet": -152000000, "ebit": 467100000, "interestExpense": -134600000, "incomeBeforeTax": 315100000, "incomeTaxExpense": 110200000, "minorityInterest": {}, "netIncomeFromContinuingOps": 204900000, "discontinuedOperations": {}, "extraordinaryItems": {}, "effectOfAccountingCharges": {}, "otherItems": {}, "netIncome": 204900000, "netIncomeApplicableToCommonShares": 204900000}, {"maxAge": 1, "endDate": "2020-06-30", "totalRevenue": 1290800000, "costOfRevenue": 910500000, "grossProfit": 380300000, "researchDevelopment": {}, "sellingGeneralAdministrative": 320300000, "nonRecurring": {}, "otherOperatingExpenses": 125100000, "totalOperatingExpenses": 1517000000, "operatingIncome": -226200000, "totalOtherIncomeExpenseNet": -157300000, "ebit": -226200000, "interestExpense": -125300000, "incomeBeforeTax": -383500000, "incomeTaxExpense": -124800000, "minorityInterest": {}, "netIncomeFromContinuingOps": -258700000, "discontinuedOperations": {}, "extraordinaryItems": {}, "effectOfAccountingCharges": {}, "otherItems": {}, "netIncome": -258700000, "netIncomeApplicableToCommonShares": -258700000}, {"maxAge": 1, "endDate": "2020-03-31", "totalRevenue": 7773576000, "costOfRevenue": 5548681000, "grossProfit": 2224895000, "researchDevelopment": {}, "sellingGeneralAdministrative": 864081000, "nonRecurring": {}, "otherOperatingExpenses": 484824000, "totalOperatingExpenses": 7207391000, "operatingIncome": 566185000, "totalOtherIncomeExpenseNet": -276873000, "ebit": 566185000, "interestExpense": -254332000, "incomeBeforeTax": 289312000, "incomeTaxExpense": 110603000, "minorityInterest": {}, "netIncomeFromContinuingOps": 178709000, "discontinuedOperations": {}, "extraordinaryItems": {}, "effectOfAccountingCharges": {}, "otherItems": {}, "netIncome": 223009000, "netIncomeApplicableToCommonShares": 223009000}], "maxAge": 86400}, "cashflowStatementHistoryQuarterly": {"cashflowStatements": [{"maxAge": 1, "endDate": "2020-12-31", "netIncome": 219600000, "changeToLiabilities": 0}, {"maxAge": 1, "endDate": "2020-09-30", "netIncome": 204900000, "changeToLiabilities": 0}, {"maxAge": 1, "endDate": "2020-06-30", "netIncome": -258700000, "changeToLiabilities": 0}, {"maxAge": 1, "endDate": "2020-03-31", "netIncome": 223009000, "changeToLiabilities": 0}], "maxAge": 86400}, "earnings": {"maxAge": 86400, "earningsChart": {"quarterly": [], "earningsDate": []}, "financialsChart": {"yearly": [{"date": 2017, "revenue": 15019172000, "earnings": 653685000}, {"date": 2018, "revenue": 16340708000, "earnings": 704661000}, {"date": 2019, "revenue": 22081437000, "earnings": 980911000}, {"date": 2020, "revenue": 19473876000, "earnings": 692209000}], "quarterly": [{"date": "1Q2020", "revenue": 7773576000, "earnings": 223009000}, {"date": "2Q2020", "revenue": 1290800000, "earnings": -258700000}, {"date": "3Q2020", "revenue": 5173600000, "earnings": 204900000}, {"date": "4Q2020", "revenue": 5907400000, "earnings": 219600000}]}, "financialCurrency": "INR"}, "financialData": {"maxAge": 86400, "currentPrice": 394.05, "targetHighPrice": 240.0, "targetLowPrice": 240.0, "targetMeanPrice": 240.0, "targetMedianPrice": 240.0, "recommendationMean": 2.0, "recommendationKey": "buy", "numberOfAnalystOpinions": 1, "totalCash": 267300000, "totalCashPerShare": 5.648, "ebitda": 1790712960, "totalDebt": 7532000256, "totalRevenue": 17130275840, "debtToEquity": 107.883, "revenuePerShare": 360.95, "grossProfits": 5685995000, "earningsGrowth": 0.215, "revenueGrowth": 0.537, "grossMargins": 0.28917998, "ebitdaMargins": 0.10453, "operatingMargins": 0.06375, "profitMargins": 0.018860001, "financialCurrency": "INR"}}}