{"JCHAC.BO": {"recommendationTrend": {"trend": [{"period": "0m", "strongBuy": 0, "buy": 0, "hold": 0, "sell": 0, "strongSell": 0}, {"period": "-1m", "strongBuy": 0, "buy": 0, "hold": 0, "sell": 0, "strongSell": 0}, {"period": "-2m", "strongBuy": 0, "buy": 0, "hold": 0, "sell": 0, "strongSell": 0}, {"period": "-3m", "strongBuy": 0, "buy": 0, "hold": 0, "sell": 0, "strongSell": 0}], "maxAge": 86400}, "cashflowStatementHistory": {"cashflowStatements": [{"maxAge": 1, "endDate": "2020-03-31", "netIncome": 835300000, "depreciation": 527900000, "changeToNetincome": -43500000, "changeToAccountReceivables": 2178500000, "changeToLiabilities": 0, "changeToInventory": -1937600000, "changeToOperatingActivities": -196700000, "totalCashFromOperatingActivities": 1398900000, "capitalExpenditures": -1141000000, "otherCashflowsFromInvestingActivities": 46400000, "totalCashflowsFromInvestingActivities": -1071700000, "dividendsPaid": -40900000, "netBorrowings": -353100000, "otherCashflowsFromFinancingActivities": -52300000, "totalCashFromFinancingActivities": -446300000, "changeInCash": -119100000}, {"maxAge": 1, "endDate": "2019-03-31", "netIncome": 859400000, "depreciation": 427200000, "changeToNetincome": -103900000, "changeToAccountReceivables": -484200000, "changeToLiabilities": 0, "changeToInventory": -1133700000, "changeToOperatingActivities": -389300000, "totalCashFromOperatingActivities": -810100000, "capitalExpenditures": -1079600000, "otherCashflowsFromInvestingActivities": 71800000, "totalCashflowsFromInvestingActivities": -950300000, "dividendsPaid": -41000000, "netBorrowings": 1769600000, "otherCashflowsFromFinancingActivities": -27600000, "totalCashFromFinancingActivities": 1701000000, "changeInCash": -59400000}, {"maxAge": 1, "endDate": "2018-03-31", "netIncome": 1001500000, "depreciation": 508800000, "changeToNetincome": 33100000, "changeToAccountReceivables": -1345300000, "changeToLiabilities": 0, "changeToInventory": 178600000, "changeToOperatingActivities": 575000000, "totalCashFromOperatingActivities": 972100000, "capitalExpenditures": -372700000, "otherCashflowsFromInvestingActivities": 29500000, "totalCashflowsFromInvestingActivities": -319700000, "dividendsPaid": -40800000, "netBorrowings": -473400000, "otherCashflowsFromFinancingActivities": -16300000, "totalCashFromFinancingActivities": -530500000, "changeInCash": 121900000}, {"maxAge": 1, "endDate": "2017-03-31", "netIncome": 813300000, "depreciation": 504300000, "changeToNetincome": 23600000, "changeToAccountReceivables": -39800000, "changeToLiabilities": 0, "changeToInventory": 344100000, "changeToOperatingActivities": 55800000, "totalCashFromOperatingActivities": 1715500000, "capitalExpenditures": -449500000, "otherCashflowsFromInvestingActivities": 18600000, "totalCashflowsFromInvestingActivities": -414200000, "dividendsPaid": -40300000, "netBorrowings": -1004000000, "otherCashflowsFromFinancingActivities": -57800000, "totalCashFromFinancingActivities": -1102100000, "changeInCash": 199200000}], "maxAge": 86400}, "institutionOwnership": {"ownershipList": [], "maxAge": 1}, "balanceSheetHistoryQuarterly": {"balanceSheetStatements": [{"maxAge": 1, "endDate": "2020-06-30", "totalStockholderEquity": 6885200000, "netTangibleAssets": 6687800000}, {"maxAge": 1, "endDate": "2020-03-31", "cash": 176400000, "netReceivables": 3512000000, "inventory": 7274500000, "otherCurrentAssets": 94900000, "totalCurrentAssets": 11104600000, "propertyPlantEquipment": 3863800000, "intangibleAssets": 197400000, "otherAssets": 674900000, "deferredLongTermAssetCharges": 142200000, "totalAssets": 15840700000, "accountsPayable": 5499600000, "otherCurrentLiab": 549900000, "otherLiab": 736400000, "totalCurrentLiabilities": 7985300000, "totalLiab": 8955500000, "commonStock": 271900000, "retainedEarnings": 5717200000, "treasuryStock": 700000, "capitalSurplus": 895400000, "otherStockholderEquity": 700000, "totalStockholderEquity": 6885200000, "netTangibleAssets": 6687800000}, {"maxAge": 1, "endDate": "2019-12-31", "totalStockholderEquity": 6708500000, "netTangibleAssets": 6574400000}, {"maxAge": 1, "endDate": "2019-09-30", "cash": 1322200000, "shortTermInvestments": 289800000, "netReceivables": 2159100000, "inventory": 3160400000, "otherCurrentAssets": 565700000, "totalCurrentAssets": 7497200000, "propertyPlantEquipment": 4088600000, "intangibleAssets": 134100000, "otherAssets": 534400000, "deferredLongTermAssetCharges": 115300000, "totalAssets": 12254300000, "accountsPayable": 3365600000, "otherCurrentLiab": 1167100000, "otherLiab": 711200000, "totalCurrentLiabilities": 4579000000, "totalLiab": 5545800000, "commonStock": 271900000, "treasuryStock": 6436600000, "otherStockholderEquity": 6436600000, "totalStockholderEquity": 6708500000, "netTangibleAssets": 6574400000}], "maxAge": 86400}, "earningsHistory": {"history": [{"maxAge": 1, "epsActual": {}, "epsEstimate": {}, "epsDifference": {}, "surprisePercent": {}, "quarter": {}, "period": "-4q"}, {"maxAge": 1, "epsActual": {}, "epsEstimate": {}, "epsDifference": {}, "surprisePercent": {}, "quarter": {}, "period": "-3q"}, {"maxAge": 1, "epsActual": {}, "epsEstimate": {}, "epsDifference": {}, "surprisePercent": {}, "quarter": {}, "period": "-2q"}, {"maxAge": 1, "epsActual": {}, "epsEstimate": {}, "epsDifference": {}, "surprisePercent": {}, "quarter": {}, "period": "-1q"}], "maxAge": 86400}, "indexTrend": {"maxAge": 1, "symbol": "SP5", "peRatio": 19.7411, "pegRatio": 1.34172, "estimates": [{"period": "0q", "growth": 0.549}, {"period": "+1q", "growth": 0.431}, {"period": "0y", "growth": 0.305}, {"period": "+1y", "growth": 0.109}, {"period": "+5y", "growth": 0.120865}, {"period": "-5y"}]}, "industryTrend": {"maxAge": 1, "symbol": null, "estimates": []}, "insiderTransactions": {"transactions": [{"maxAge": 1, "shares": 4139894, "filerUrl": "", "transactionText": "", "filerName": "Hitachi Global Life Solutions, Inc.", "filerRelation": "Promoter", "moneyText": "", "startDate": "2013-04-10", "ownership": "D"}], "maxAge": 1}, "quoteType": {"exchange": "BSE", "quoteType": "EQUITY", "symbol": "JCHAC.BO", "underlyingSymbol": "JCHAC.BO", "shortName": "Johnson Controls-Hitachi Air C", "longName": "Johnson Controls - Hitachi Air Conditioning India Limited", "firstTradeDateEpochUtc": "2000-01-03 09:15:00", "timeZoneFullName": "Asia/Kolkata", "timeZoneShortName": "IST", "uuid": "3998b9b0-3a18-3950-aade-d91b0e160965", "gmtOffSetMilliseconds": 19800000, "maxAge": 1}, "incomeStatementHistory": {"incomeStatementHistory": [{"maxAge": 1, "endDate": "2020-03-31", "totalRevenue": 21973700000, "costOfRevenue": 13973600000, "grossProfit": 8000100000, "researchDevelopment": {}, "sellingGeneralAdministrative": 2521600000, "nonRecurring": {}, "otherOperatingExpenses": 3588000000, "totalOperatingExpenses": 20654000000, "operatingIncome": 1319700000, "totalOtherIncomeExpenseNet": -136600000, "ebit": 1319700000, "interestExpense": -50200000, "incomeBeforeTax": 1183100000, "incomeTaxExpense": 347800000, "minorityInterest": {}, "netIncomeFromContinuingOps": 835300000, "discontinuedOperations": {}, "extraordinaryItems": {}, "effectOfAccountingCharges": {}, "otherItems": {}, "netIncome": 835300000, "netIncomeApplicableToCommonShares": 835300000}, {"maxAge": 1, "endDate": "2019-03-31", "totalRevenue": 22413000000, "costOfRevenue": 14438900000, "grossProfit": 7974100000, "researchDevelopment": {}, "sellingGeneralAdministrative": 2728900000, "nonRecurring": {}, "otherOperatingExpenses": 3512100000, "totalOperatingExpenses": 21133200000, "operatingIncome": 1279800000, "totalOtherIncomeExpenseNet": 43900000, "ebit": 1279800000, "interestExpense": -26900000, "incomeBeforeTax": 1323700000, "incomeTaxExpense": 464300000, "minorityInterest": {}, "netIncomeFromContinuingOps": 859400000, "discontinuedOperations": {}, "extraordinaryItems": {}, "effectOfAccountingCharges": {}, "otherItems": {}, "netIncome": 859400000, "netIncomeApplicableToCommonShares": 859400000}, {"maxAge": 1, "endDate": "2018-03-31", "totalRevenue": 21853900000, "costOfRevenue": 14297300000, "grossProfit": 7556600000, "researchDevelopment": {}, "sellingGeneralAdministrative": 2506100000, "nonRecurring": {}, "otherOperatingExpenses": 2981600000, "totalOperatingExpenses": 20314200000, "operatingIncome": 1539700000, "totalOtherIncomeExpenseNet": -26100000, "ebit": 1539700000, "interestExpense": -19800000, "incomeBeforeTax": 1513600000, "incomeTaxExpense": 512100000, "minorityInterest": {}, "netIncomeFromContinuingOps": 1001500000, "discontinuedOperations": {}, "extraordinaryItems": {}, "effectOfAccountingCharges": {}, "otherItems": {}, "netIncome": 1001500000, "netIncomeApplicableToCommonShares": 1001500000}, {"maxAge": 1, "endDate": "2017-03-31", "totalRevenue": 19173000000, "costOfRevenue": 12537700000, "grossProfit": 6635300000, "researchDevelopment": {}, "sellingGeneralAdministrative": 2129300000, "nonRecurring": {}, "otherOperatingExpenses": 2771400000, "totalOperatingExpenses": 17956900000, "operatingIncome": 1216100000, "totalOtherIncomeExpenseNet": -33100000, "ebit": 1216100000, "interestExpense": -43900000, "incomeBeforeTax": 1183000000, "incomeTaxExpense": 369700000, "minorityInterest": {}, "netIncomeFromContinuingOps": 813300000, "discontinuedOperations": {}, "extraordinaryItems": {}, "effectOfAccountingCharges": {}, "otherItems": {}, "netIncome": 813300000, "netIncomeApplicableToCommonShares": 813300000}], "maxAge": 86400}, "fundOwnership": {"ownershipList": [{"maxAge": 1, "reportDate": "2020-07-31", "organization": "DFA Emerging Markets Small Cap Series", "pctHeld": 0.0022, "position": 59202, "value": 122204768}, {"maxAge": 1, "reportDate": "2020-07-31", "organization": "DFA Emerging Markets Core Equity Portfolio", "pctHeld": 0.0021, "position": 56309, "value": 116233037}, {"maxAge": 1, "reportDate": "2020-08-31", "organization": "iShares MSCI India Small Cap ETF", "pctHeld": 0.0005, "position": 14400, "value": 30654720}, {"maxAge": 1, "reportDate": "2020-08-31", "organization": "SPDR (R) Idx Shares-SPDR (R) Emerging Markets Small Cap ETF", "pctHeld": 0.00029999999, "position": 7398, "value": 15748862}, {"maxAge": 1, "reportDate": "2020-07-31", "organization": "DFA Investment Dimensions-Emerging Markets Social Core Equity", "pctHeld": 0.0001, "position": 3653, "value": 7540522}, {"maxAge": 1, "reportDate": "2020-08-31", "organization": "SPDR Portfolio Emerging Markets ETF", "pctHeld": 0.0001, "position": 3208, "value": 6829190}, {"maxAge": 1, "reportDate": "2020-09-30", "organization": "SPDR (R) Idx Shares-SPDR (R) S&P (R) Emerging Asia Pacific ETF", "pctHeld": 0.0001, "position": 3041, "value": 6766072}, {"maxAge": 1, "reportDate": "2020-07-31", "organization": "DFA Investment Dimensions-World Ex U.S. Core Equity Port", "pctHeld": 0.0001, "position": 1702, "value": 3513268}, {"maxAge": 1, "reportDate": "2020-07-31", "organization": "DFA T.A. World Ex U.S. Core Equity Portfolio", "pctHeld": 0.0001, "position": 1603, "value": 3308912}, {"maxAge": 1, "reportDate": "2020-06-30", "organization": "College Retirement Equities Fund-Stock Account", "pctHeld": 0.0001, "position": 1487, "value": 3346642}], "maxAge": 1}, "summaryDetail": {"maxAge": 1, "priceHint": 2, "previousClose": 2377.15, "open": 2425.0, "dayLow": 2326.2, "dayHigh": 2425.0, "regularMarketPreviousClose": 2377.15, "regularMarketOpen": 2425.0, "regularMarketDayLow": 2326.2, "regularMarketDayHigh": 2425.0, "forwardPE": 49.734043, "volume": 1724, "regularMarketVolume": 1724, "averageVolume": 2816, "averageVolume10days": 7007, "averageDailyVolume10Day": 7007, "bid": 2337.5, "ask": 0.0, "bidSize": 0, "askSize": 0, "marketCap": 63558729728, "fiftyTwoWeekLow": 1660.0, "fiftyTwoWeekHigh": 3375.0, "fiftyDayAverage": 2487.068, "twoHundredDayAverage": 2249.5674, "trailingAnnualDividendRate": 1.5, "trailingAnnualDividendYield": 0.0006310078, "currency": "INR", "fromCurrency": null, "lastMarket": null, "algorithm": null, "tradeable": false}, "sectorTrend": {"maxAge": 1, "symbol": null, "estimates": []}, "incomeStatementHistoryQuarterly": {"incomeStatementHistory": [{"maxAge": 1, "endDate": "2020-06-30", "totalRevenue": 2695800000, "costOfRevenue": 1749500000, "grossProfit": 946300000, "researchDevelopment": {}, "sellingGeneralAdministrative": 440100000, "nonRecurring": {}, "otherOperatingExpenses": 727400000, "totalOperatingExpenses": 3047800000, "operatingIncome": -352000000, "totalOtherIncomeExpenseNet": 43300000, "ebit": -352000000, "interestExpense": -37700000, "incomeBeforeTax": -308700000, "incomeTaxExpense": -77400000, "minorityInterest": {}, "netIncomeFromContinuingOps": -231300000, "discontinuedOperations": {}, "extraordinaryItems": {}, "effectOfAccountingCharges": {}, "otherItems": {}, "netIncome": -231300000, "netIncomeApplicableToCommonShares": -231300000}, {"maxAge": 1, "endDate": "2020-03-31", "totalRevenue": 4329100000, "costOfRevenue": 2606500000, "grossProfit": 1722600000, "researchDevelopment": {}, "sellingGeneralAdministrative": 1254300000, "nonRecurring": {}, "otherOperatingExpenses": 28200000, "totalOperatingExpenses": 4064100000, "operatingIncome": 265000000, "totalOtherIncomeExpenseNet": -169600000, "ebit": 265000000, "interestExpense": -14000000, "incomeBeforeTax": 95400000, "incomeTaxExpense": 23800000, "minorityInterest": {}, "netIncomeFromContinuingOps": 71600000, "discontinuedOperations": {}, "extraordinaryItems": {}, "effectOfAccountingCharges": {}, "otherItems": {}, "netIncome": 71600000, "netIncomeApplicableToCommonShares": 71600000}, {"maxAge": 1, "endDate": "2019-12-31", "totalRevenue": 4359600000, "costOfRevenue": 2646100000, "grossProfit": 1713500000, "researchDevelopment": {}, "sellingGeneralAdministrative": 460000000, "nonRecurring": {}, "otherOperatingExpenses": 929700000, "totalOperatingExpenses": 4184700000, "operatingIncome": 174900000, "totalOtherIncomeExpenseNet": 6800000, "ebit": 174900000, "interestExpense": -10100000, "incomeBeforeTax": 181700000, "incomeTaxExpense": 47600000, "minorityInterest": {}, "netIncomeFromContinuingOps": 134100000, "discontinuedOperations": {}, "extraordinaryItems": {}, "effectOfAccountingCharges": {}, "otherItems": {}, "netIncome": 134100000, "netIncomeApplicableToCommonShares": 134100000}, {"maxAge": 1, "endDate": "2019-09-30", "totalRevenue": 3765900000, "costOfRevenue": 2423700000, "grossProfit": 1342200000, "researchDevelopment": {}, "sellingGeneralAdministrative": 362800000, "nonRecurring": {}, "otherOperatingExpenses": 959700000, "totalOperatingExpenses": 3865800000, "operatingIncome": -99900000, "totalOtherIncomeExpenseNet": 20600000, "ebit": -99900000, "interestExpense": -8800000, "incomeBeforeTax": -79300000, "incomeTaxExpense": -72900000, "minorityInterest": {}, "netIncomeFromContinuingOps": -6400000, "discontinuedOperations": {}, "extraordinaryItems": {}, "effectOfAccountingCharges": {}, "otherItems": {}, "netIncome": -6400000, "netIncomeApplicableToCommonShares": -6400000}], "maxAge": 86400}, "cashflowStatementHistoryQuarterly": {"cashflowStatements": [{"maxAge": 1, "endDate": "2020-06-30", "netIncome": -231300000, "changeToLiabilities": 0}, {"maxAge": 1, "endDate": "2020-03-31", "netIncome": 71600000, "changeToLiabilities": 0}, {"maxAge": 1, "endDate": "2019-12-31", "netIncome": 134100000, "changeToLiabilities": 0}, {"maxAge": 1, "endDate": "2019-09-30", "netIncome": -6400000, "changeToLiabilities": 0}], "maxAge": 86400}, "insiderHolders": {"holders": [{"maxAge": 1, "name": "Hitachi Global Life Solutions, Inc.", "relation": "Promoter", "url": "", "transactionDescription": "Acquisition", "latestTransDate": "2013-04-10", "positionDirect": 19689894, "positionDirectDate": "2013-04-10"}], "maxAge": 1}, "earnings": {"maxAge": 86400, "earningsChart": {"quarterly": [], "earningsDate": ["2020-08-07 05:30:S"]}, "financialsChart": {"yearly": [{"date": 2017, "revenue": 19173000000, "earnings": 813300000}, {"date": 2018, "revenue": 21853900000, "earnings": 1001500000}, {"date": 2019, "revenue": 22413000000, "earnings": 859400000}, {"date": 2020, "revenue": 21973700000, "earnings": 835300000}], "quarterly": [{"date": "3Q2019", "revenue": 3765900000, "earnings": -6400000}, {"date": "4Q2019", "revenue": 4359600000, "earnings": 134100000}, {"date": "1Q2020", "revenue": 4329100000, "earnings": 71600000}, {"date": "2Q2020", "revenue": 2695800000, "earnings": -231300000}]}, "financialCurrency": "INR"}, "calendarEvents": {"maxAge": 1, "earnings": {"earningsDate": ["2020-08-07 05:30:S"]}}, "upgradeDowngradeHistory": {"history": [], "maxAge": 86400}, "price": {"maxAge": 1, "regularMarketChangePercent": -0.016679596, "regularMarketChange": -39.649902, "regularMarketTime": "2021-04-30 15:43:43", "priceHint": 2, "regularMarketPrice": 2337.5, "regularMarketDayHigh": 2425.0, "regularMarketDayLow": 2326.2, "regularMarketVolume": 1724, "averageDailyVolume10Day": 7007, "averageDailyVolume3Month": 2816, "regularMarketPreviousClose": 2377.15, "regularMarketSource": "FREE_REALTIME", "regularMarketOpen": 2425.0, "exchange": "BSE", "exchangeName": "BSE", "exchangeDataDelayedBy": 0, "marketState": "CLOSED", "quoteType": "EQUITY", "symbol": "JCHAC.BO", "underlyingSymbol": null, "shortName": "Johnson Controls-Hitachi Air C", "longName": "Johnson Controls - Hitachi Air Conditioning India Limited", "currency": "INR", "quoteSourceName": "Delayed Quote", "currencySymbol": "\u20b9", "fromCurrency": null, "lastMarket": null, "marketCap": 63558729728}, "balanceSheetHistory": {"balanceSheetStatements": [{"maxAge": 1, "endDate": "2020-03-31", "cash": 176400000, "netReceivables": 3512000000, "inventory": 7274500000, "otherCurrentAssets": 94900000, "totalCurrentAssets": 11104600000, "propertyPlantEquipment": 3863800000, "intangibleAssets": 197400000, "otherAssets": 674900000, "deferredLongTermAssetCharges": 142200000, "totalAssets": 15840700000, "accountsPayable": 5499600000, "otherCurrentLiab": 549900000, "otherLiab": 736400000, "totalCurrentLiabilities": 7985300000, "totalLiab": 8955500000, "commonStock": 271900000, "retainedEarnings": 5717200000, "treasuryStock": 700000, "capitalSurplus": 895400000, "otherStockholderEquity": 700000, "totalStockholderEquity": 6885200000, "netTangibleAssets": 6687800000}, {"maxAge": 1, "endDate": "2019-03-31", "cash": 295500000, "netReceivables": 5566700000, "inventory": 5554700000, "otherCurrentAssets": 102100000, "totalCurrentAssets": 11556300000, "propertyPlantEquipment": 3097900000, "intangibleAssets": 153300000, "otherAssets": 582700000, "deferredLongTermAssetCharges": 166000000, "totalAssets": 15390200000, "accountsPayable": 5408200000, "otherCurrentLiab": 693200000, "otherLiab": 623400000, "totalCurrentLiabilities": 8636900000, "totalLiab": 9260300000, "commonStock": 271900000, "retainedEarnings": 4961900000, "treasuryStock": 700000, "capitalSurplus": 895400000, "otherStockholderEquity": 700000, "totalStockholderEquity": 6129900000, "netTangibleAssets": 5976600000}, {"maxAge": 1, "endDate": "2018-03-31", "cash": 354900000, "netReceivables": 4636000000, "inventory": 4421000000, "otherCurrentAssets": 187400000, "totalCurrentAssets": 9643700000, "propertyPlantEquipment": 2237600000, "intangibleAssets": 208200000, "otherAssets": 471500000, "deferredLongTermAssetCharges": 138800000, "totalAssets": 12561000000, "accountsPayable": 4958100000, "otherCurrentLiab": 576100000, "otherLiab": 489500000, "totalCurrentLiabilities": 6719500000, "totalLiab": 7209000000, "commonStock": 271900000, "retainedEarnings": 4184000000, "treasuryStock": 700000, "capitalSurplus": 895400000, "otherStockholderEquity": 700000, "totalStockholderEquity": 5352000000, "netTangibleAssets": 5143800000}, {"maxAge": 1, "endDate": "2017-03-31", "cash": 233000000, "netReceivables": 3099800000, "inventory": 4599600000, "otherCurrentAssets": 169900000, "totalCurrentAssets": 8145700000, "propertyPlantEquipment": 2357900000, "intangibleAssets": 245000000, "otherAssets": 456600000, "deferredLongTermAssetCharges": 81200000, "totalAssets": 11205200000, "accountsPayable": 4437900000, "otherCurrentLiab": 588000000, "otherLiab": 434700000, "totalCurrentLiabilities": 6368200000, "totalLiab": 6802900000, "commonStock": 271900000, "retainedEarnings": 3234300000, "treasuryStock": 700000, "capitalSurplus": 895400000, "otherStockholderEquity": 700000, "totalStockholderEquity": 4402300000, "netTangibleAssets": 4157300000}], "maxAge": 86400}, "earningsTrend": {"trend": [{"maxAge": 1, "period": "0q", "endDate": null, "growth": {}, "earningsEstimate": {"avg": 0.0, "low": 0.0, "high": 0.0, "yearAgoEps": {}, "numberOfAnalysts": 0, "growth": {}}, "revenueEstimate": {"avg": 0, "low": 0, "high": 0, "numberOfAnalysts": 0, "yearAgoRevenue": {}, "growth": {}}, "epsTrend": {"current": 0.0, "7daysAgo": 0.0, "30daysAgo": 0.0, "60daysAgo": 0.0, "90daysAgo": 0.0}, "epsRevisions": {"upLast7days": 0, "upLast30days": 0, "downLast30days": 0, "downLast90days": {}}}, {"maxAge": 1, "period": "+1q", "endDate": null, "growth": {}, "earningsEstimate": {"avg": 0.0, "low": 0.0, "high": 0.0, "yearAgoEps": {}, "numberOfAnalysts": 0, "growth": {}}, "revenueEstimate": {"avg": 0, "low": 0, "high": 0, "numberOfAnalysts": 0, "yearAgoRevenue": {}, "growth": {}}, "epsTrend": {"current": 0.0, "7daysAgo": 0.0, "30daysAgo": 0.0, "60daysAgo": 0.0, "90daysAgo": 0.0}, "epsRevisions": {"upLast7days": 0, "upLast30days": 0, "downLast30days": 0, "downLast90days": {}}}, {"maxAge": 1, "period": "0y", "endDate": null, "growth": {}, "earningsEstimate": {"avg": 0.0, "low": 0.0, "high": 0.0, "yearAgoEps": {}, "numberOfAnalysts": 0, "growth": {}}, "revenueEstimate": {"avg": 0, "low": 0, "high": 0, "numberOfAnalysts": 0, "yearAgoRevenue": {}, "growth": {}}, "epsTrend": {"current": 0.0, "7daysAgo": 0.0, "30daysAgo": 0.0, "60daysAgo": 0.0, "90daysAgo": 0.0}, "epsRevisions": {"upLast7days": 0, "upLast30days": 0, "downLast30days": 0, "downLast90days": {}}}, {"maxAge": 1, "period": "+1y", "endDate": null, "growth": {}, "earningsEstimate": {"avg": 0.0, "low": 0.0, "high": 0.0, "yearAgoEps": {}, "numberOfAnalysts": 0, "growth": {}}, "revenueEstimate": {"avg": 0, "low": 0, "high": 0, "numberOfAnalysts": 0, "yearAgoRevenue": {}, "growth": {}}, "epsTrend": {"current": 0.0, "7daysAgo": 0.0, "30daysAgo": 0.0, "60daysAgo": 0.0, "90daysAgo": 0.0}, "epsRevisions": {"upLast7days": 0, "upLast30days": 0, "downLast30days": 0, "downLast90days": {}}}, {"maxAge": 1, "period": "+5y", "endDate": null, "growth": 0.22620001, "earningsEstimate": {"avg": {}, "low": {}, "high": {}, "yearAgoEps": {}, "numberOfAnalysts": {}, "growth": {}}, "revenueEstimate": {"avg": {}, "low": {}, "high": {}, "numberOfAnalysts": {}, "yearAgoRevenue": {}, "growth": {}}, "epsTrend": {"current": {}, "7daysAgo": {}, "30daysAgo": {}, "60daysAgo": {}, "90daysAgo": {}}, "epsRevisions": {"upLast7days": {}, "upLast30days": {}, "downLast30days": {}, "downLast90days": {}}}, {"maxAge": 1, "period": "-5y", "endDate": null, "growth": {}, "earningsEstimate": {"avg": {}, "low": {}, "high": {}, "yearAgoEps": {}, "numberOfAnalysts": {}, "growth": {}}, "revenueEstimate": {"avg": {}, "low": {}, "high": {}, "numberOfAnalysts": {}, "yearAgoRevenue": {}, "growth": {}}, "epsTrend": {"current": {}, "7daysAgo": {}, "30daysAgo": {}, "60daysAgo": {}, "90daysAgo": {}}, "epsRevisions": {"upLast7days": {}, "upLast30days": {}, "downLast30days": {}, "downLast90days": {}}}], "maxAge": 1}, "financialData": {"maxAge": 86400, "currentPrice": 2337.5, "targetHighPrice": 2141.0, "targetLowPrice": 1570.0, "targetMeanPrice": 1920.33, "targetMedianPrice": 2050.0, "recommendationKey": "none", "numberOfAnalystOpinions": 3, "grossProfits": 8000100000, "financialCurrency": "INR"}}}