{"JCHAC.NS": {"assetProfile": {"address1": "Hitachi Complex", "address2": "Karan Nagar Mehsana District", "city": "Kadi", "zip": "382727", "country": "India", "phone": "91 27 6427 7571", "website": "http://www.hitachiaircon.in", "industry": "Consumer Electronics", "sector": "Technology", "longBusinessSummary": "Johnson Controls-Hitachi Air Conditioning India Limited manufactures and trades in various window and split air conditioners, chillers, refrigerators, air purifiers, and variable refrigerant flow systems in India. It offers inverter and fixed speed split, packaged, and window air conditioners; ducted and ductless air conditioners; water and air cooled screw chillers, and centrifugal chillers; space makers; and side by side and slim line refrigerators. The company also provides accessories and spare parts for its products, as well as undertakes after sales services, including repair and maintenance. It offers its products under the Hitachi brand. The company's distribution network consists of 5 regional offices, 21 branch offices, and approximately 10,000 sales points and 1,400 after sales service providing partners. It also exports its products to Nepal, Bhutan, Sri Lanka, Maldives, Indonesia, Vietnam, the United Arab Emirates, Qatar, Oman, Bahrain, Iraq, Kuwait, and Saudi Arabia. The company was formerly known as Hitachi Home & Life Solutions (India) Limited and changed its name to Johnson Controls-Hitachi Air Conditioning India Limited in September 2016. The company was founded in 1984 and is headquartered in Kadi, India. Johnson Controls-Hitachi Air Conditioning India Limited is a subsidiary of JCHAC India Holdco Limited.", "fullTimeEmployees": 1494, "companyOfficers": [{"maxAge": 1, "name": "Mr. Gurmeet  Singh", "age": 55, "title": "Chairman & MD", "yearBorn": 1965, "fiscalYear": 2020, "totalPay": 18900000, "exercisedValue": 0, "unexercisedValue": 0}, {"maxAge": 1, "name": "Mr. Rishi  Mehta", "age": 40, "title": "Chief Financial Officer", "yearBorn": 1980, "fiscalYear": 2020, "totalPay": 8000000, "exercisedValue": 0, "unexercisedValue": 0}, {"maxAge": 1, "name": "Mr. Parag  Dave", "title": "Compliance Officer & Company Sec.", "fiscalYear": 2020, "totalPay": 2700000, "exercisedValue": 0, "unexercisedValue": 0}, {"maxAge": 1, "name": "Mr. Sanjeev  Agarwal", "age": 57, "title": "Director of Sales", "yearBorn": 1963, "exercisedValue": 0, "unexercisedValue": 0}, {"maxAge": 1, "name": "Mr. Vikas  Verma", "age": 50, "title": "Sr. VP", "yearBorn": 1970, "exercisedValue": 0, "unexercisedValue": 0}, {"maxAge": 1, "name": "Mr. G. S. Jitendhar", "age": 56, "title": "Sr. VP", "yearBorn": 1964, "exercisedValue": 0, "unexercisedValue": 0}, {"maxAge": 1, "name": "Mr. Shiv Shankar Maurya", "age": 43, "title": "Technical Mang.", "yearBorn": 1977, "exercisedValue": 0, "unexercisedValue": 0}, {"maxAge": 1, "name": "Dr. Sanjay  Kumar", "age": 50, "title": "BR Head & VP of HR", "yearBorn": 1970, "fiscalYear": 2019, "exercisedValue": 0, "unexercisedValue": 0}, {"maxAge": 1, "name": "Mr. Ichio  Iwai", "age": 58, "title": "Assistant VP", "yearBorn": 1962, "exercisedValue": 0, "unexercisedValue": 0}, {"maxAge": 1, "name": "Mr. Masahiko  Watanabe", "age": 51, "title": "Assistant VP", "yearBorn": 1969, "exercisedValue": 0, "unexercisedValue": 0}], "compensationAsOfEpochDate": "2020-12-31 05:30:00", "maxAge": 86400}, "recommendationTrend": {"trend": [{"period": "0m", "strongBuy": 0, "buy": 0, "hold": 0, "sell": 0, "strongSell": 0}, {"period": "-1m", "strongBuy": 1, "buy": 0, "hold": 0, "sell": 2, "strongSell": 0}, {"period": "-2m", "strongBuy": 1, "buy": 0, "hold": 0, "sell": 2, "strongSell": 0}, {"period": "-3m", "strongBuy": 1, "buy": 0, "hold": 0, "sell": 2, "strongSell": 0}], "maxAge": 86400}, "cashflowStatementHistory": {"cashflowStatements": [{"maxAge": 1, "endDate": "2020-03-31", "netIncome": 835300000, "depreciation": 527900000, "changeToNetincome": -43500000, "changeToAccountReceivables": 2178500000, "changeToLiabilities": 0, "changeToInventory": -1937600000, "changeToOperatingActivities": -196700000, "totalCashFromOperatingActivities": 1398900000, "capitalExpenditures": -1141000000, "otherCashflowsFromInvestingActivities": 46400000, "totalCashflowsFromInvestingActivities": -1071700000, "dividendsPaid": -40900000, "netBorrowings": -353100000, "otherCashflowsFromFinancingActivities": -52300000, "totalCashFromFinancingActivities": -446300000, "changeInCash": -119100000}, {"maxAge": 1, "endDate": "2019-03-31", "netIncome": 859400000, "depreciation": 427200000, "changeToNetincome": -103900000, "changeToAccountReceivables": -484200000, "changeToLiabilities": 0, "changeToInventory": -1133700000, "changeToOperatingActivities": -389300000, "totalCashFromOperatingActivities": -810100000, "capitalExpenditures": -1079600000, "otherCashflowsFromInvestingActivities": 71800000, "totalCashflowsFromInvestingActivities": -950300000, "dividendsPaid": -41000000, "netBorrowings": 1769600000, "otherCashflowsFromFinancingActivities": -27600000, "totalCashFromFinancingActivities": 1701000000, "changeInCash": -59400000}, {"maxAge": 1, "endDate": "2018-03-31", "netIncome": 1001500000, "depreciation": 508800000, "changeToNetincome": 33100000, "changeToAccountReceivables": -1345300000, "changeToLiabilities": 0, "changeToInventory": 178600000, "changeToOperatingActivities": 575000000, "totalCashFromOperatingActivities": 972100000, "capitalExpenditures": -372700000, "otherCashflowsFromInvestingActivities": 29500000, "totalCashflowsFromInvestingActivities": -319700000, "dividendsPaid": -40800000, "netBorrowings": -473400000, "otherCashflowsFromFinancingActivities": -16300000, "totalCashFromFinancingActivities": -530500000, "changeInCash": 121900000}, {"maxAge": 1, "endDate": "2017-03-31", "netIncome": 813300000, "depreciation": 504300000, "changeToNetincome": 23600000, "changeToAccountReceivables": -39800000, "changeToLiabilities": 0, "changeToInventory": 344100000, "changeToOperatingActivities": 55800000, "totalCashFromOperatingActivities": 1715500000, "capitalExpenditures": -449500000, "otherCashflowsFromInvestingActivities": 18600000, "totalCashflowsFromInvestingActivities": -414200000, "dividendsPaid": -40300000, "netBorrowings": -1004000000, "otherCashflowsFromFinancingActivities": -57800000, "totalCashFromFinancingActivities": -1102100000, "changeInCash": 199200000}], "maxAge": 86400}, "indexTrend": {"maxAge": 1, "symbol": "SP5", "peRatio": 19.7411, "pegRatio": 1.34172, "estimates": [{"period": "0q", "growth": 0.549}, {"period": "+1q", "growth": 0.431}, {"period": "0y", "growth": 0.305}, {"period": "+1y", "growth": 0.109}, {"period": "+5y", "growth": 0.120865}, {"period": "-5y"}]}, "defaultKeyStatistics": {"maxAge": 1, "priceHint": 2, "enterpriseValue": 66348843008, "forwardPE": 51.88514, "profitMargins": -0.00278, "floatShares": 6699386, "sharesOutstanding": 27190900, "heldPercentInsiders": 0.74778, "heldPercentInstitutions": 0.13968, "beta": 0.492462, "category": null, "bookValue": 237.724, "priceToBook": 9.823788, "fundFamily": null, "legalType": null, "lastFiscalYearEnd": "2020-03-31 05:30:00", "nextFiscalYearEnd": "2022-03-31 05:30:00", "mostRecentQuarter": "2020-12-31 05:30:00", "earningsQuarterlyGrowth": 1.299, "netIncomeToCommon": -41700000, "trailingEps": -1.542, "forwardEps": 45.01, "pegRatio": 2.46, "lastSplitFactor": null, "enterpriseToRevenue": 4.423, "enterpriseToEbitda": 107.884, "52WeekChange": 0.01378274, "SandP52WeekChange": 0.48148263, "lastDividendValue": 1.5, "lastDividendDate": 1565222400}, "industryTrend": {"maxAge": 1, "symbol": null, "estimates": []}, "quoteType": {"exchange": "NSI", "quoteType": "EQUITY", "symbol": "JCHAC.NS", "underlyingSymbol": "JCHAC.NS", "shortName": "JOHNSON CONTROLS-H", "longName": "Johnson Controls-Hitachi Air Conditioning India Limited", "firstTradeDateEpochUtc": "2002-07-01 09:15:00", "timeZoneFullName": "Asia/Kolkata", "timeZoneShortName": "IST", "uuid": "58791277-08ee-3905-892f-bfc3340bcbf8", "messageBoardId": "finmb_12032909", "gmtOffSetMilliseconds": 19800000, "maxAge": 1}, "incomeStatementHistory": {"incomeStatementHistory": [{"maxAge": 1, "endDate": "2020-03-31", "totalRevenue": 21973700000, "costOfRevenue": 13973600000, "grossProfit": 8000100000, "researchDevelopment": {}, "sellingGeneralAdministrative": 2521600000, "nonRecurring": {}, "otherOperatingExpenses": 3588000000, "totalOperatingExpenses": 20654000000, "operatingIncome": 1319700000, "totalOtherIncomeExpenseNet": -136600000, "ebit": 1319700000, "interestExpense": -50200000, "incomeBeforeTax": 1183100000, "incomeTaxExpense": 347800000, "minorityInterest": {}, "netIncomeFromContinuingOps": 835300000, "discontinuedOperations": {}, "extraordinaryItems": {}, "effectOfAccountingCharges": {}, "otherItems": {}, "netIncome": 835300000, "netIncomeApplicableToCommonShares": 835300000}, {"maxAge": 1, "endDate": "2019-03-31", "totalRevenue": 22413000000, "costOfRevenue": 14438900000, "grossProfit": 7974100000, "researchDevelopment": {}, "sellingGeneralAdministrative": 2728900000, "nonRecurring": {}, "otherOperatingExpenses": 3512100000, "totalOperatingExpenses": 21133200000, "operatingIncome": 1279800000, "totalOtherIncomeExpenseNet": 43900000, "ebit": 1279800000, "interestExpense": -26900000, "incomeBeforeTax": 1323700000, "incomeTaxExpense": 464300000, "minorityInterest": {}, "netIncomeFromContinuingOps": 859400000, "discontinuedOperations": {}, "extraordinaryItems": {}, "effectOfAccountingCharges": {}, "otherItems": {}, "netIncome": 859400000, "netIncomeApplicableToCommonShares": 859400000}, {"maxAge": 1, "endDate": "2018-03-31", "totalRevenue": 21853900000, "costOfRevenue": 14297300000, "grossProfit": 7556600000, "researchDevelopment": {}, "sellingGeneralAdministrative": 2506100000, "nonRecurring": {}, "otherOperatingExpenses": 2981600000, "totalOperatingExpenses": 20314200000, "operatingIncome": 1539700000, "totalOtherIncomeExpenseNet": -26100000, "ebit": 1539700000, "interestExpense": -19800000, "incomeBeforeTax": 1513600000, "incomeTaxExpense": 512100000, "minorityInterest": {}, "netIncomeFromContinuingOps": 1001500000, "discontinuedOperations": {}, "extraordinaryItems": {}, "effectOfAccountingCharges": {}, "otherItems": {}, "netIncome": 1001500000, "netIncomeApplicableToCommonShares": 1001500000}, {"maxAge": 1, "endDate": "2017-03-31", "totalRevenue": 19173000000, "costOfRevenue": 12537700000, "grossProfit": 6635300000, "researchDevelopment": {}, "sellingGeneralAdministrative": 2129300000, "nonRecurring": {}, "otherOperatingExpenses": 2771400000, "totalOperatingExpenses": 17956900000, "operatingIncome": 1216100000, "totalOtherIncomeExpenseNet": -33100000, "ebit": 1216100000, "interestExpense": -43900000, "incomeBeforeTax": 1183000000, "incomeTaxExpense": 369700000, "minorityInterest": {}, "netIncomeFromContinuingOps": 813300000, "discontinuedOperations": {}, "extraordinaryItems": {}, "effectOfAccountingCharges": {}, "otherItems": {}, "netIncome": 813300000, "netIncomeApplicableToCommonShares": 813300000}], "maxAge": 86400}, "fundOwnership": {"maxAge": 1, "ownershipList": [{"maxAge": 1, "reportDate": "2021-01-31", "organization": "DFA Emerging Markets Small Cap Series", "pctHeld": 0.0019, "position": 52595, "value": 126822323}, {"maxAge": 1, "reportDate": "2021-01-31", "organization": "DFA Emerging Markets Core Equity Portfolio", "pctHeld": 0.0017, "position": 45867, "value": 110599097}, {"maxAge": 1, "reportDate": "2021-03-31", "organization": "iShares MSCI India Small Cap ETF", "pctHeld": 0.0005, "position": 12791, "value": 33929406}, {"maxAge": 1, "reportDate": "2021-03-31", "organization": "SPDR (R) Idx Shares-SPDR (R) Emerging Markets Small Cap ETF", "pctHeld": 0.00029999999, "position": 7068, "value": 18748576}, {"maxAge": 1, "reportDate": "2020-12-31", "organization": "College Retirement Equities Fund-Stock Account", "pctHeld": 0.0002, "position": 5461, "value": 14532813}, {"maxAge": 1, "reportDate": "2021-03-31", "organization": "SPDR (R) Idx Shares-SPDR (R) S&P (R) Emerging Asia Pacific ETF", "pctHeld": 0.0001, "position": 3728, "value": 9888892}, {"maxAge": 1, "reportDate": "2021-03-31", "organization": "SPDR Portfolio Emerging Markets ETF", "pctHeld": 0.0001, "position": 3697, "value": 9806662}, {"maxAge": 1, "reportDate": "2021-03-31", "organization": "iShares MSCI Emerging Markets Small Cap ETF", "pctHeld": 0.0001, "position": 3410, "value": 9045366}, {"maxAge": 1, "reportDate": "2021-01-31", "organization": "DFA Investment Dimensions-Emerging Markets Social Core Equity", "pctHeld": 0.0001, "position": 2565, "value": 6184984}, {"maxAge": 1, "reportDate": "2021-01-31", "organization": "DFA Investment Dimensions-World Ex U.S. Core Equity Port", "pctHeld": 0.0001, "position": 1702, "value": 4104032}]}, "summaryDetail": {"maxAge": 1, "priceHint": 2, "previousClose": 2372.8, "open": 2373.65, "dayLow": 2325.35, "dayHigh": 2385.3, "regularMarketPreviousClose": 2372.8, "regularMarketOpen": 2373.65, "regularMarketDayLow": 2325.35, "regularMarketDayHigh": 2385.3, "exDividendDate": "2019-08-08 05:30:00", "payoutRatio": 0.0, "beta": 0.492462, "forwardPE": 51.88514, "volume": 14133, "regularMarketVolume": 14133, "averageVolume": 17707, "averageVolume10days": 15915, "averageDailyVolume10Day": 15915, "bid": 0.0, "ask": 0.0, "bidSize": 0, "askSize": 0, "marketCap": 63616573440, "fiftyTwoWeekLow": 1980.05, "fiftyTwoWeekHigh": 2940.0, "priceToSalesTrailing12Months": 4.2408223, "fiftyDayAverage": 2546.2124, "twoHundredDayAverage": 2431.805, "trailingAnnualDividendRate": 1.5, "trailingAnnualDividendYield": 0.00063216453, "currency": "INR", "fromCurrency": null, "toCurrency": null, "lastMarket": null, "algorithm": null, "tradeable": false}, "insiderHolders": {"holders": [{"maxAge": 1, "name": "Hitachi Global Life Solutions, Inc.", "relation": "Promoter", "url": "", "transactionDescription": "Acquisition", "latestTransDate": "2013-04-10", "positionDirect": 19689894, "positionDirectDate": "2013-04-10"}], "maxAge": 1}, "calendarEvents": {"maxAge": 1, "earnings": {"earningsDate": [], "revenueAverage": 8628030000, "revenueLow": 9514000000, "revenueHigh": 9514000000}, "exDividendDate": "2019-08-08 05:30:00"}, "price": {"maxAge": 1, "regularMarketChangePercent": -0.01578302, "regularMarketChange": -37.44995, "regularMarketTime": "2021-04-30 15:29:41", "priceHint": 2, "regularMarketPrice": 2335.35, "regularMarketDayHigh": 2385.3, "regularMarketDayLow": 2325.35, "regularMarketVolume": 14133, "averageDailyVolume10Day": 15915, "averageDailyVolume3Month": 17707, "regularMarketPreviousClose": 2372.8, "regularMarketSource": "FREE_REALTIME", "regularMarketOpen": 2373.65, "exchange": "NSI", "exchangeName": "NSE", "exchangeDataDelayedBy": 15, "marketState": "CLOSED", "quoteType": "EQUITY", "symbol": "JCHAC.NS", "underlyingSymbol": null, "shortName": "JOHNSON CONTROLS-H", "longName": "Johnson Controls-Hitachi Air Conditioning India Limited", "currency": "INR", "quoteSourceName": "Delayed Quote", "currencySymbol": "\u20b9", "fromCurrency": null, "toCurrency": null, "lastMarket": null, "marketCap": 63616573440}, "balanceSheetHistory": {"balanceSheetStatements": [{"maxAge": 1, "endDate": "2020-03-31", "cash": 176400000, "netReceivables": 3512000000, "inventory": 7274500000, "otherCurrentAssets": 94900000, "totalCurrentAssets": 11104600000, "propertyPlantEquipment": 3863800000, "intangibleAssets": 197400000, "otherAssets": 674900000, "deferredLongTermAssetCharges": 142200000, "totalAssets": 15840700000, "accountsPayable": 5499600000, "otherCurrentLiab": 549900000, "otherLiab": 736400000, "totalCurrentLiabilities": 7985300000, "totalLiab": 8955500000, "commonStock": 271900000, "retainedEarnings": 5717200000, "treasuryStock": 700000, "capitalSurplus": 895400000, "otherStockholderEquity": 700000, "totalStockholderEquity": 6885200000, "netTangibleAssets": 6687800000}, {"maxAge": 1, "endDate": "2019-03-31", "cash": 295500000, "netReceivables": 5566700000, "inventory": 5554700000, "otherCurrentAssets": 102100000, "totalCurrentAssets": 11556300000, "propertyPlantEquipment": 3097900000, "intangibleAssets": 153300000, "otherAssets": 582700000, "deferredLongTermAssetCharges": 166000000, "totalAssets": 15390200000, "accountsPayable": 5408200000, "otherCurrentLiab": 693200000, "otherLiab": 623400000, "totalCurrentLiabilities": 8636900000, "totalLiab": 9260300000, "commonStock": 271900000, "retainedEarnings": 4961900000, "treasuryStock": 700000, "capitalSurplus": 895400000, "otherStockholderEquity": 700000, "totalStockholderEquity": 6129900000, "netTangibleAssets": 5976600000}, {"maxAge": 1, "endDate": "2018-03-31", "cash": 354900000, "netReceivables": 4636000000, "inventory": 4421000000, "otherCurrentAssets": 187400000, "totalCurrentAssets": 9643700000, "propertyPlantEquipment": 2237600000, "intangibleAssets": 208200000, "otherAssets": 471500000, "deferredLongTermAssetCharges": 138800000, "totalAssets": 12561000000, "accountsPayable": 4958100000, "otherCurrentLiab": 576100000, "otherLiab": 489500000, "totalCurrentLiabilities": 6719500000, "totalLiab": 7209000000, "commonStock": 271900000, "retainedEarnings": 4184000000, "treasuryStock": 700000, "capitalSurplus": 895400000, "otherStockholderEquity": 700000, "totalStockholderEquity": 5352000000, "netTangibleAssets": 5143800000}, {"maxAge": 1, "endDate": "2017-03-31", "cash": 233000000, "netReceivables": 3099800000, "inventory": 4599600000, "otherCurrentAssets": 169900000, "totalCurrentAssets": 8145700000, "propertyPlantEquipment": 2357900000, "intangibleAssets": 245000000, "otherAssets": 456600000, "deferredLongTermAssetCharges": 81200000, "totalAssets": 11205200000, "accountsPayable": 4437900000, "otherCurrentLiab": 588000000, "otherLiab": 434700000, "totalCurrentLiabilities": 6368200000, "totalLiab": 6802900000, "commonStock": 271900000, "retainedEarnings": 3234300000, "treasuryStock": 700000, "capitalSurplus": 895400000, "otherStockholderEquity": 700000, "totalStockholderEquity": 4402300000, "netTangibleAssets": 4157300000}], "maxAge": 86400}, "earningsTrend": {"trend": [{"maxAge": 1, "period": "0q", "endDate": "2017-06-30", "growth": {}, "earningsEstimate": {"avg": 0.0, "low": 0.0, "high": 0.0, "yearAgoEps": 25.38, "numberOfAnalysts": 0, "growth": {}}, "revenueEstimate": {"avg": 8628030000, "low": 9514000000, "high": 9514000000, "numberOfAnalysts": 1, "yearAgoRevenue": 8494390000, "growth": 0.016}, "epsTrend": {"current": 0.0, "7daysAgo": 21.2, "30daysAgo": 21.2, "60daysAgo": 21.2, "90daysAgo": 21.2}, "epsRevisions": {"upLast7days": 0, "upLast30days": 0, "downLast30days": 0, "downLast90days": {}}}, {"maxAge": 1, "period": "+1q", "endDate": "2017-09-30", "growth": {}, "earningsEstimate": {"avg": 0.0, "low": 0.0, "high": 0.0, "yearAgoEps": -1.97, "numberOfAnalysts": 0, "growth": {}}, "revenueEstimate": {"avg": 3174490000, "low": 3105000000, "high": 3105000000, "numberOfAnalysts": 1, "yearAgoRevenue": 2874990000, "growth": 0.103999995}, "epsTrend": {"current": 0.0, "7daysAgo": 0.0, "30daysAgo": 0.0, "60daysAgo": 0.0, "90daysAgo": 0.0}, "epsRevisions": {"upLast7days": 0, "upLast30days": 0, "downLast30days": 0, "downLast90days": {}}}, {"maxAge": 1, "period": "0y", "endDate": "2018-03-31", "growth": 0.107, "earningsEstimate": {"avg": 33.0, "low": 33.0, "high": 33.0, "yearAgoEps": 29.81, "numberOfAnalysts": 1, "growth": 0.107}, "revenueEstimate": {"avg": 22654000000, "low": 22654000000, "high": 22654000000, "numberOfAnalysts": 1, "yearAgoRevenue": 19715800000, "growth": 0.14899999}, "epsTrend": {"current": 33.0, "7daysAgo": 33.0, "30daysAgo": 35.79, "60daysAgo": 35.79, "90daysAgo": 35.78}, "epsRevisions": {"upLast7days": 0, "upLast30days": 0, "downLast30days": 1, "downLast90days": {}}}, {"maxAge": 1, "period": "+1y", "endDate": "2019-03-31", "growth": 0.36400002, "earningsEstimate": {"avg": 45.01, "low": 45.01, "high": 45.01, "yearAgoEps": 33.0, "numberOfAnalysts": 1, "growth": 0.36400002}, "revenueEstimate": {"avg": 26751000000, "low": 26751000000, "high": 26751000000, "numberOfAnalysts": 1, "yearAgoRevenue": 22654000000, "growth": 0.18100001}, "epsTrend": {"current": 45.01, "7daysAgo": 45.01, "30daysAgo": 54.16, "60daysAgo": 54.16, "90daysAgo": 54.16}, "epsRevisions": {"upLast7days": 0, "upLast30days": 0, "downLast30days": 1, "downLast90days": {}}}, {"maxAge": 1, "period": "+5y", "endDate": null, "growth": 0.2873, "earningsEstimate": {"avg": {}, "low": {}, "high": {}, "yearAgoEps": {}, "numberOfAnalysts": {}, "growth": {}}, "revenueEstimate": {"avg": {}, "low": {}, "high": {}, "numberOfAnalysts": {}, "yearAgoRevenue": {}, "growth": {}}, "epsTrend": {"current": {}, "7daysAgo": {}, "30daysAgo": {}, "60daysAgo": {}, "90daysAgo": {}}, "epsRevisions": {"upLast7days": {}, "upLast30days": {}, "downLast30days": {}, "downLast90days": {}}}, {"maxAge": 1, "period": "-5y", "endDate": null, "growth": 0.85269, "earningsEstimate": {"avg": {}, "low": {}, "high": {}, "yearAgoEps": {}, "numberOfAnalysts": {}, "growth": {}}, "revenueEstimate": {"avg": {}, "low": {}, "high": {}, "numberOfAnalysts": {}, "yearAgoRevenue": {}, "growth": {}}, "epsTrend": {"current": {}, "7daysAgo": {}, "30daysAgo": {}, "60daysAgo": {}, "90daysAgo": {}}, "epsRevisions": {"upLast7days": {}, "upLast30days": {}, "downLast30days": {}, "downLast90days": {}}}], "maxAge": 1}, "institutionOwnership": {"maxAge": 1, "ownershipList": []}, "majorHoldersBreakdown": {"maxAge": 1, "insidersPercentHeld": 0.74778, "institutionsPercentHeld": 0.13968, "institutionsFloatPercentHeld": 0.55381, "institutionsCount": 25}, "balanceSheetHistoryQuarterly": {"balanceSheetStatements": [{"maxAge": 1, "endDate": "2020-12-31", "totalStockholderEquity": 6462700000, "netTangibleAssets": 6308600000}, {"maxAge": 1, "endDate": "2020-09-30", "cash": 188000000, "shortTermInvestments": 7900000, "netReceivables": 1303300000, "inventory": 4935900000, "otherCurrentAssets": 581700000, "totalCurrentAssets": 7016800000, "propertyPlantEquipment": 4088000000, "intangibleAssets": 154100000, "otherAssets": 867300000, "deferredLongTermAssetCharges": 283900000, "totalAssets": 12126200000, "accountsPayable": 2155900000, "otherCurrentLiab": 910600000, "otherLiab": 789800000, "totalCurrentLiabilities": 4470300000, "totalLiab": 5663500000, "commonStock": 271900000, "treasuryStock": 6190800000, "otherStockholderEquity": 6190800000, "totalStockholderEquity": 6462700000, "netTangibleAssets": 6308600000}, {"maxAge": 1, "endDate": "2020-06-30", "totalStockholderEquity": 6885200000, "netTangibleAssets": 6687800000}, {"maxAge": 1, "endDate": "2020-03-31", "cash": 176400000, "netReceivables": 3512000000, "inventory": 7274500000, "otherCurrentAssets": 94900000, "totalCurrentAssets": 11104600000, "propertyPlantEquipment": 3863800000, "intangibleAssets": 197400000, "otherAssets": 674900000, "deferredLongTermAssetCharges": 142200000, "totalAssets": 15840700000, "accountsPayable": 5499600000, "otherCurrentLiab": 549900000, "otherLiab": 736400000, "totalCurrentLiabilities": 7985300000, "totalLiab": 8955500000, "commonStock": 271900000, "retainedEarnings": 5717200000, "treasuryStock": 700000, "capitalSurplus": 895400000, "otherStockholderEquity": 700000, "totalStockholderEquity": 6885200000, "netTangibleAssets": 6687800000}], "maxAge": 86400}, "earningsHistory": {"history": [{"maxAge": 1, "epsActual": 25.38, "epsEstimate": 22.64, "epsDifference": 2.74, "surprisePercent": 0.12100001, "quarter": "2016-06-30", "period": "-4q"}, {"maxAge": 1, "epsActual": -1.97, "epsEstimate": 0.6, "epsDifference": -2.57, "surprisePercent": -4.283, "quarter": "2016-09-30", "period": "-3q"}, {"maxAge": 1, "epsActual": -2.93, "epsEstimate": -3.35, "epsDifference": 0.42, "surprisePercent": 0.125, "quarter": "2016-12-31", "period": "-2q"}, {"maxAge": 1, "epsActual": 9.32, "epsEstimate": 12.2, "epsDifference": -2.88, "surprisePercent": -0.236, "quarter": "2017-03-31", "period": "-1q"}], "maxAge": 86400}, "summaryProfile": {"address1": "Hitachi Complex", "address2": "Karan Nagar Mehsana District", "city": "Kadi", "zip": "382727", "country": "India", "phone": "91 27 6427 7571", "website": "http://www.hitachiaircon.in", "industry": "Consumer Electronics", "sector": "Technology", "longBusinessSummary": "Johnson Controls-Hitachi Air Conditioning India Limited manufactures and trades in various window and split air conditioners, chillers, refrigerators, air purifiers, and variable refrigerant flow systems in India. It offers inverter and fixed speed split, packaged, and window air conditioners; ducted and ductless air conditioners; water and air cooled screw chillers, and centrifugal chillers; space makers; and side by side and slim line refrigerators. The company also provides accessories and spare parts for its products, as well as undertakes after sales services, including repair and maintenance. It offers its products under the Hitachi brand. The company's distribution network consists of 5 regional offices, 21 branch offices, and approximately 10,000 sales points and 1,400 after sales service providing partners. It also exports its products to Nepal, Bhutan, Sri Lanka, Maldives, Indonesia, Vietnam, the United Arab Emirates, Qatar, Oman, Bahrain, Iraq, Kuwait, and Saudi Arabia. The company was formerly known as Hitachi Home & Life Solutions (India) Limited and changed its name to Johnson Controls-Hitachi Air Conditioning India Limited in September 2016. The company was founded in 1984 and is headquartered in Kadi, India. Johnson Controls-Hitachi Air Conditioning India Limited is a subsidiary of JCHAC India Holdco Limited.", "fullTimeEmployees": 1494, "companyOfficers": [], "maxAge": 86400}, "netSharePurchaseActivity": {"maxAge": 1, "period": "6m", "buyInfoCount": 0, "buyInfoShares": 0, "sellInfoCount": 0, "netInfoCount": 0, "netInfoShares": 0, "netPercentInsiderShares": 0.0, "totalInsiderShares": 20401820}, "insiderTransactions": {"transactions": [{"maxAge": 1, "shares": 4139894, "filerUrl": "", "transactionText": "", "filerName": "Hitachi Global Life Solutions, Inc.", "filerRelation": "Promoter", "moneyText": "", "startDate": "2013-04-10", "ownership": "D"}], "maxAge": 1}, "sectorTrend": {"maxAge": 1, "symbol": null, "estimates": []}, "incomeStatementHistoryQuarterly": {"incomeStatementHistory": [{"maxAge": 1, "endDate": "2020-12-31", "totalRevenue": 4875300000, "costOfRevenue": 3097500000, "grossProfit": 1777800000, "researchDevelopment": {}, "sellingGeneralAdministrative": 353700000, "nonRecurring": {}, "otherOperatingExpenses": 750800000, "totalOperatingExpenses": 4438400000, "operatingIncome": 436900000, "totalOtherIncomeExpenseNet": -20400000, "ebit": 436900000, "interestExpense": -36600000, "incomeBeforeTax": 416500000, "incomeTaxExpense": 108200000, "minorityInterest": {}, "netIncomeFromContinuingOps": 308300000, "discontinuedOperations": {}, "extraordinaryItems": {}, "effectOfAccountingCharges": {}, "otherItems": {}, "netIncome": 308300000, "netIncomeApplicableToCommonShares": 308300000}, {"maxAge": 1, "endDate": "2020-09-30", "totalRevenue": 3100800000, "costOfRevenue": 1928200000, "grossProfit": 1172600000, "researchDevelopment": {}, "sellingGeneralAdministrative": 398500000, "nonRecurring": {}, "otherOperatingExpenses": 825400000, "totalOperatingExpenses": 3329400000, "operatingIncome": -228600000, "totalOtherIncomeExpenseNet": -25600000, "ebit": -228600000, "interestExpense": -42200000, "incomeBeforeTax": -254200000, "incomeTaxExpense": -63900000, "minorityInterest": {}, "netIncomeFromContinuingOps": -190300000, "discontinuedOperations": {}, "extraordinaryItems": {}, "effectOfAccountingCharges": {}, "otherItems": {}, "netIncome": -190300000, "netIncomeApplicableToCommonShares": -190300000}, {"maxAge": 1, "endDate": "2020-06-30", "totalRevenue": 2695800000, "costOfRevenue": 1749500000, "grossProfit": 946300000, "researchDevelopment": {}, "sellingGeneralAdministrative": 440100000, "nonRecurring": {}, "otherOperatingExpenses": 727400000, "totalOperatingExpenses": 3047800000, "operatingIncome": -352000000, "totalOtherIncomeExpenseNet": 43300000, "ebit": -352000000, "interestExpense": -37700000, "incomeBeforeTax": -308700000, "incomeTaxExpense": -77400000, "minorityInterest": {}, "netIncomeFromContinuingOps": -231300000, "discontinuedOperations": {}, "extraordinaryItems": {}, "effectOfAccountingCharges": {}, "otherItems": {}, "netIncome": -231300000, "netIncomeApplicableToCommonShares": -231300000}, {"maxAge": 1, "endDate": "2020-03-31", "totalRevenue": 4329100000, "costOfRevenue": 2606500000, "grossProfit": 1722600000, "researchDevelopment": {}, "sellingGeneralAdministrative": 1254300000, "nonRecurring": {}, "otherOperatingExpenses": 28200000, "totalOperatingExpenses": 4064100000, "operatingIncome": 265000000, "totalOtherIncomeExpenseNet": -169600000, "ebit": 265000000, "interestExpense": -14000000, "incomeBeforeTax": 95400000, "incomeTaxExpense": 23800000, "minorityInterest": {}, "netIncomeFromContinuingOps": 71600000, "discontinuedOperations": {}, "extraordinaryItems": {}, "effectOfAccountingCharges": {}, "otherItems": {}, "netIncome": 71600000, "netIncomeApplicableToCommonShares": 71600000}], "maxAge": 86400}, "cashflowStatementHistoryQuarterly": {"cashflowStatements": [{"maxAge": 1, "endDate": "2020-12-31", "netIncome": 308300000, "changeToLiabilities": 0}, {"maxAge": 1, "endDate": "2020-09-30", "netIncome": -190300000, "changeToLiabilities": 0}, {"maxAge": 1, "endDate": "2020-06-30", "netIncome": -231300000, "changeToLiabilities": 0}, {"maxAge": 1, "endDate": "2020-03-31", "netIncome": 71600000, "changeToLiabilities": 0}], "maxAge": 86400}, "earnings": {"maxAge": 86400, "earningsChart": {"quarterly": [{"date": "2Q2016", "actual": 25.38, "estimate": 22.64}, {"date": "3Q2016", "actual": -1.97, "estimate": 0.6}, {"date": "4Q2016", "actual": -2.93, "estimate": -3.35}, {"date": "1Q2017", "actual": 9.32, "estimate": 12.2}], "currentQuarterEstimateDate": "2Q", "currentQuarterEstimateYear": 2017, "earningsDate": []}, "financialsChart": {"yearly": [{"date": 2017, "revenue": 19173000000, "earnings": 813300000}, {"date": 2018, "revenue": 21853900000, "earnings": 1001500000}, {"date": 2019, "revenue": 22413000000, "earnings": 859400000}, {"date": 2020, "revenue": 21973700000, "earnings": 835300000}], "quarterly": [{"date": "1Q2020", "revenue": 4329100000, "earnings": 71600000}, {"date": "2Q2020", "revenue": 2695800000, "earnings": -231300000}, {"date": "3Q2020", "revenue": 3100800000, "earnings": -190300000}, {"date": "4Q2020", "revenue": 4875300000, "earnings": 308300000}]}, "financialCurrency": "INR"}, "financialData": {"maxAge": 86400, "currentPrice": 2335.35, "targetHighPrice": 2710.0, "targetLowPrice": 1530.0, "targetMeanPrice": 2099.33, "targetMedianPrice": 2058.0, "recommendationMean": 3.0, "recommendationKey": "hold", "numberOfAnalystOpinions": 3, "totalCash": 195900000, "totalCashPerShare": 7.18, "ebitda": 615000000, "totalDebt": 1807200000, "totalRevenue": 15000999936, "debtToEquity": 27.963, "revenuePerShare": 554.779, "grossProfits": 8000100000, "earningsGrowth": 1.306, "revenueGrowth": 0.118, "grossMargins": 0.37459, "ebitdaMargins": 0.040999997, "operatingMargins": 0.008090001, "profitMargins": -0.00278, "financialCurrency": "INR"}}}