{"JCTLTD.BO": {"recommendationTrend": {"trend": [{"period": "0m", "strongBuy": 0, "buy": 0, "hold": 0, "sell": 0, "strongSell": 0}, {"period": "-1m", "strongBuy": 0, "buy": 0, "hold": 0, "sell": 0, "strongSell": 0}, {"period": "-2m", "strongBuy": 0, "buy": 0, "hold": 0, "sell": 0, "strongSell": 0}, {"period": "-3m", "strongBuy": 0, "buy": 0, "hold": 0, "sell": 0, "strongSell": 0}], "maxAge": 86400}, "cashflowStatementHistory": {"cashflowStatements": [{"maxAge": 1, "endDate": "2020-03-31", "netIncome": -445642000, "depreciation": 146393000, "changeToNetincome": 287084000, "changeToLiabilities": -125239000, "changeToInventory": 168975000, "changeToOperatingActivities": 652724000, "totalCashFromOperatingActivities": 688153000, "capitalExpenditures": -42521000, "investments": -11532000, "otherCashflowsFromInvestingActivities": 17230000, "totalCashflowsFromInvestingActivities": 88832000, "netBorrowings": -244172000, "otherCashflowsFromFinancingActivities": -407567000, "totalCashFromFinancingActivities": -651739000, "changeInCash": 125246000}, {"maxAge": 1, "endDate": "2019-03-31", "netIncome": -233778000, "depreciation": 221706000, "changeToNetincome": 377507000, "changeToLiabilities": 78907000, "changeToInventory": -114523000, "changeToOperatingActivities": 242037000, "totalCashFromOperatingActivities": 575758000, "capitalExpenditures": -51680000, "investments": -2191000, "otherCashflowsFromInvestingActivities": 19454000, "totalCashflowsFromInvestingActivities": -26301000, "netBorrowings": -411585000, "otherCashflowsFromFinancingActivities": -752734000, "totalCashFromFinancingActivities": -563568000, "changeInCash": -14111000, "issuanceOfStock": 600751000}, {"maxAge": 1, "endDate": "2018-03-31", "netIncome": -360433000, "depreciation": 303790000, "changeToNetincome": 276181000, "changeToLiabilities": 413707000, "changeToInventory": -13719000, "changeToOperatingActivities": -157245000, "totalCashFromOperatingActivities": 463427000, "capitalExpenditures": -60891000, "investments": 6058000, "otherCashflowsFromInvestingActivities": 20360000, "totalCashflowsFromInvestingActivities": 42845000, "netBorrowings": -175399000, "otherCashflowsFromFinancingActivities": -353222000, "totalCashFromFinancingActivities": -528621000, "changeInCash": -22349000, "issuanceOfStock": 600751000}, {"maxAge": 1, "endDate": "2017-03-31", "netIncome": -172833000, "depreciation": 309217000, "changeToNetincome": 226916000, "changeToLiabilities": 234992000, "changeToInventory": 971000, "changeToOperatingActivities": 145114000, "totalCashFromOperatingActivities": 746059000, "capitalExpenditures": -144920000, "investments": -7138000, "otherCashflowsFromInvestingActivities": 23964000, "totalCashflowsFromInvestingActivities": -10700000, "netBorrowings": -392286000, "otherCashflowsFromFinancingActivities": -375321000, "totalCashFromFinancingActivities": -767607000, "changeInCash": -32248000, "issuanceOfStock": 600751000}], "maxAge": 86400}, "institutionOwnership": {"maxAge": 1, "ownershipList": []}, "balanceSheetHistoryQuarterly": {"balanceSheetStatements": [{"maxAge": 1, "endDate": "2020-06-30", "totalStockholderEquity": 3171993000, "netTangibleAssets": 3160983000}, {"maxAge": 1, "endDate": "2020-03-31", "cash": 137240000, "shortTermInvestments": 15475000, "netReceivables": 275974000, "inventory": 1591386000, "otherCurrentAssets": 414313000, "totalCurrentAssets": 2448553000, "longTermInvestments": 16079000, "propertyPlantEquipment": 5935515000, "intangibleAssets": 11010000, "otherAssets": 57599000, "totalAssets": 8468756000, "accountsPayable": 1261194000, "shortLongTermDebt": 157859000, "otherCurrentLiab": 654547000, "longTermDebt": 883113000, "otherLiab": 888212000, "totalCurrentLiabilities": 3520876000, "totalLiab": 5296763000, "commonStock": 2096066000, "retainedEarnings": -2807776000, "treasuryStock": 2980996000, "capitalSurplus": 902707000, "otherStockholderEquity": 2980996000, "totalStockholderEquity": 3171993000, "netTangibleAssets": 3160983000}, {"maxAge": 1, "endDate": "2019-12-31", "totalStockholderEquity": 2890900000, "netTangibleAssets": 2878000000}, {"maxAge": 1, "endDate": "2019-09-30", "cash": 109900000, "shortTermInvestments": 56700000, "netReceivables": 389300000, "inventory": 1544400000, "otherCurrentAssets": 302400000, "totalCurrentAssets": 2402700000, "longTermInvestments": 15900000, "propertyPlantEquipment": 5489600000, "intangibleAssets": 12900000, "otherAssets": 50200000, "totalAssets": 7971300000, "accountsPayable": 1229600000, "otherCurrentLiab": 985800000, "longTermDebt": 889300000, "otherLiab": 879200000, "totalCurrentLiabilities": 3302100000, "totalLiab": 5080400000, "commonStock": 2096100000, "treasuryStock": 794800000, "otherStockholderEquity": 794800000, "totalStockholderEquity": 2890900000, "netTangibleAssets": 2878000000}], "maxAge": 86400}, "earningsHistory": {"history": [{"maxAge": 1, "epsActual": {}, "epsEstimate": {}, "epsDifference": {}, "surprisePercent": {}, "quarter": {}, "period": "-4q"}, {"maxAge": 1, "epsActual": {}, "epsEstimate": {}, "epsDifference": {}, "surprisePercent": {}, "quarter": {}, "period": "-3q"}, {"maxAge": 1, "epsActual": {}, "epsEstimate": {}, "epsDifference": {}, "surprisePercent": {}, "quarter": {}, "period": "-2q"}, {"maxAge": 1, "epsActual": {}, "epsEstimate": {}, "epsDifference": {}, "surprisePercent": {}, "quarter": {}, "period": "-1q"}], "maxAge": 86400}, "indexTrend": {"maxAge": 1, "symbol": "SP5", "peRatio": 19.7411, "pegRatio": 1.34172, "estimates": [{"period": "0q", "growth": 0.549}, {"period": "+1q", "growth": 0.431}, {"period": "0y", "growth": 0.305}, {"period": "+1y", "growth": 0.109}, {"period": "+5y", "growth": 0.120859005}, {"period": "-5y"}]}, "industryTrend": {"maxAge": 1, "symbol": null, "estimates": []}, "insiderTransactions": {"transactions": [{"maxAge": 1, "shares": 44195092, "filerUrl": "", "transactionText": "", "filerName": "Musk Holdings, Ltd.", "filerRelation": "Institution- Corporation", "moneyText": "", "startDate": "2014-03-31", "ownership": "D"}], "maxAge": 1}, "quoteType": {"exchange": "BSE", "quoteType": "EQUITY", "symbol": "JCTLTD.BO", "underlyingSymbol": "JCTLTD.BO", "shortName": "JCT LTD.", "longName": "JCT Limited", "firstTradeDateEpochUtc": "2002-05-15 09:15:00", "timeZoneFullName": "Asia/Kolkata", "timeZoneShortName": "IST", "uuid": "b3b3dac5-8c60-39c4-90f6-f42383fa3efa", "messageBoardId": null, "gmtOffSetMilliseconds": 19800000, "maxAge": 1}, "incomeStatementHistory": {"incomeStatementHistory": [{"maxAge": 1, "endDate": "2020-03-31", "totalRevenue": 6930483000, "costOfRevenue": 5492484000, "grossProfit": 1437999000, "researchDevelopment": {}, "sellingGeneralAdministrative": 1097772000, "nonRecurring": {}, "otherOperatingExpenses": 355007000, "totalOperatingExpenses": 7096743000, "operatingIncome": -166260000, "totalOtherIncomeExpenseNet": -279382000, "ebit": -166260000, "interestExpense": -381597000, "incomeBeforeTax": -445642000, "incomeTaxExpense": 0, "minorityInterest": {}, "netIncomeFromContinuingOps": -445642000, "discontinuedOperations": {}, "extraordinaryItems": {}, "effectOfAccountingCharges": {}, "otherItems": {}, "netIncome": -445642000, "netIncomeApplicableToCommonShares": -445642000}, {"maxAge": 1, "endDate": "2019-03-31", "totalRevenue": 8003250000, "costOfRevenue": 6163108000, "grossProfit": 1840142000, "researchDevelopment": {}, "sellingGeneralAdministrative": 1157514000, "nonRecurring": {}, "otherOperatingExpenses": 348166000, "totalOperatingExpenses": 7895165000, "operatingIncome": 108085000, "totalOtherIncomeExpenseNet": -341887000, "ebit": 108085000, "interestExpense": -339756000, "incomeBeforeTax": -233802000, "incomeTaxExpense": -24000, "minorityInterest": {}, "netIncomeFromContinuingOps": -233778000, "discontinuedOperations": {}, "extraordinaryItems": {}, "effectOfAccountingCharges": {}, "otherItems": {}, "netIncome": -233778000, "netIncomeApplicableToCommonShares": -233778000}, {"maxAge": 1, "endDate": "2018-03-31", "totalRevenue": 7576238000, "costOfRevenue": 5778794000, "grossProfit": 1797444000, "researchDevelopment": {}, "sellingGeneralAdministrative": 1225593000, "nonRecurring": {}, "otherOperatingExpenses": 364075000, "totalOperatingExpenses": 7673398000, "operatingIncome": -97160000, "totalOtherIncomeExpenseNet": -261673000, "ebit": -97160000, "interestExpense": -309894000, "incomeBeforeTax": -358833000, "incomeTaxExpense": 1600000, "minorityInterest": {}, "netIncomeFromContinuingOps": -360433000, "discontinuedOperations": {}, "extraordinaryItems": {}, "effectOfAccountingCharges": {}, "otherItems": {}, "netIncome": -360433000, "netIncomeApplicableToCommonShares": -360433000}, {"maxAge": 1, "endDate": "2017-03-31", "totalRevenue": 8038947000, "costOfRevenue": 5873678000, "grossProfit": 2165269000, "researchDevelopment": {}, "sellingGeneralAdministrative": 1324289000, "nonRecurring": {}, "otherOperatingExpenses": 488622000, "totalOperatingExpenses": 7997488000, "operatingIncome": 41459000, "totalOtherIncomeExpenseNet": -214118000, "ebit": 41459000, "interestExpense": -334520000, "incomeBeforeTax": -172659000, "incomeTaxExpense": 174000, "minorityInterest": {}, "netIncomeFromContinuingOps": -172833000, "discontinuedOperations": {}, "extraordinaryItems": {}, "effectOfAccountingCharges": {}, "otherItems": {}, "netIncome": -172833000, "netIncomeApplicableToCommonShares": -172833000}], "maxAge": 86400}, "fundOwnership": {"maxAge": 1, "ownershipList": []}, "summaryDetail": {"maxAge": 1, "priceHint": 4, "previousClose": 0.99, "open": 1.01, "dayLow": 0.97, "dayHigh": 1.02, "regularMarketPreviousClose": 0.99, "regularMarketOpen": 1.01, "regularMarketDayLow": 0.97, "regularMarketDayHigh": 1.02, "volume": 449834, "regularMarketVolume": 449834, "averageVolume": 1776639, "averageVolume10days": 2206010, "averageDailyVolume10Day": 2206010, "bid": 0.99, "ask": 1.0, "bidSize": 0, "askSize": 0, "marketCap": 846811264, "fiftyTwoWeekLow": 0.46, "fiftyTwoWeekHigh": 1.8, "fiftyDayAverage": 0.9014286, "twoHundredDayAverage": 0.90459853, "currency": "INR", "fromCurrency": null, "toCurrency": null, "lastMarket": null, "algorithm": null, "tradeable": false}, "sectorTrend": {"maxAge": 1, "symbol": null, "estimates": []}, "incomeStatementHistoryQuarterly": {"incomeStatementHistory": [{"maxAge": 1, "endDate": "2020-06-30", "totalRevenue": 1330400000, "costOfRevenue": 943100000, "grossProfit": 387300000, "researchDevelopment": {}, "sellingGeneralAdministrative": 165300000, "nonRecurring": {}, "otherOperatingExpenses": 62400000, "totalOperatingExpenses": 1205700000, "operatingIncome": 124700000, "totalOtherIncomeExpenseNet": -80600000, "ebit": 124700000, "interestExpense": -97700000, "incomeBeforeTax": 44100000, "incomeTaxExpense": 0, "minorityInterest": {}, "netIncomeFromContinuingOps": 44100000, "discontinuedOperations": {}, "extraordinaryItems": {}, "effectOfAccountingCharges": {}, "otherItems": {}, "netIncome": 44100000, "netIncomeApplicableToCommonShares": 44100000}, {"maxAge": 1, "endDate": "2020-03-31", "totalRevenue": 1519883000, "costOfRevenue": 1133384000, "grossProfit": 386499000, "researchDevelopment": {}, "sellingGeneralAdministrative": 255372000, "nonRecurring": {}, "otherOperatingExpenses": 73807000, "totalOperatingExpenses": 1499343000, "operatingIncome": 20540000, "totalOtherIncomeExpenseNet": -82682000, "ebit": 20540000, "interestExpense": -35997000, "incomeBeforeTax": -62142000, "incomeTaxExpense": 0, "minorityInterest": {}, "netIncomeFromContinuingOps": -62142000, "discontinuedOperations": {}, "extraordinaryItems": {}, "effectOfAccountingCharges": {}, "otherItems": {}, "netIncome": -62142000, "netIncomeApplicableToCommonShares": -62142000}, {"maxAge": 1, "endDate": "2019-12-31", "totalRevenue": 1760500000, "costOfRevenue": 1402400000, "grossProfit": 358100000, "researchDevelopment": {}, "sellingGeneralAdministrative": 277600000, "nonRecurring": {}, "otherOperatingExpenses": 88700000, "totalOperatingExpenses": 1806600000, "operatingIncome": -46100000, "totalOtherIncomeExpenseNet": -88600000, "ebit": -46100000, "interestExpense": -114600000, "incomeBeforeTax": -134700000, "incomeTaxExpense": 0, "minorityInterest": {}, "netIncomeFromContinuingOps": -134700000, "discontinuedOperations": {}, "extraordinaryItems": {}, "effectOfAccountingCharges": {}, "otherItems": {}, "netIncome": -134700000, "netIncomeApplicableToCommonShares": -134700000}, {"maxAge": 1, "endDate": "2019-09-30", "totalRevenue": 1765700000, "costOfRevenue": 1470600000, "grossProfit": 295100000, "researchDevelopment": {}, "sellingGeneralAdministrative": 275200000, "nonRecurring": {}, "otherOperatingExpenses": 112900000, "totalOperatingExpenses": 1896000000, "operatingIncome": -130300000, "totalOtherIncomeExpenseNet": -56900000, "ebit": -130300000, "interestExpense": -111700000, "incomeBeforeTax": -187200000, "incomeTaxExpense": 0, "minorityInterest": {}, "netIncomeFromContinuingOps": -187200000, "discontinuedOperations": {}, "extraordinaryItems": {}, "effectOfAccountingCharges": {}, "otherItems": {}, "netIncome": -187200000, "netIncomeApplicableToCommonShares": -187200000}], "maxAge": 86400}, "cashflowStatementHistoryQuarterly": {"cashflowStatements": [{"maxAge": 1, "endDate": "2020-06-30", "netIncome": 44100000, "changeToLiabilities": 0}, {"maxAge": 1, "endDate": "2020-03-31", "netIncome": -62142000, "changeToLiabilities": 0}, {"maxAge": 1, "endDate": "2019-12-31", "netIncome": -134700000, "changeToLiabilities": 0}, {"maxAge": 1, "endDate": "2019-09-30", "netIncome": -187200000, "changeToLiabilities": 0}], "maxAge": 86400}, "insiderHolders": {"holders": [{"maxAge": 1, "name": "Musk Holdings, Ltd.", "relation": "Institution- Corporation", "url": "", "transactionDescription": "Other", "latestTransDate": "2014-03-31", "positionDirect": 44195092, "positionDirectDate": "2014-03-31"}], "maxAge": 1}, "earnings": {"maxAge": 86400, "earningsChart": {"quarterly": [], "earningsDate": ["2020-09-10 05:30:S"]}, "financialsChart": {"yearly": [{"date": 2017, "revenue": 8038947000, "earnings": -172833000}, {"date": 2018, "revenue": 7576238000, "earnings": -360433000}, {"date": 2019, "revenue": 8003250000, "earnings": -233778000}, {"date": 2020, "revenue": 6930483000, "earnings": -445642000}], "quarterly": [{"date": "3Q2019", "revenue": 1765700000, "earnings": -187200000}, {"date": "4Q2019", "revenue": 1760500000, "earnings": -134700000}, {"date": "1Q2020", "revenue": 1519883000, "earnings": -62142000}, {"date": "2Q2020", "revenue": 1330400000, "earnings": 44100000}]}, "financialCurrency": "INR"}, "calendarEvents": {"maxAge": 1, "earnings": {"earningsDate": ["2020-09-10 05:30:S"]}}, "price": {"maxAge": 1, "regularMarketChangePercent": 0.020202003, "regularMarketChange": 0.01999998, "regularMarketTime": "2021-04-30 15:29:39", "priceHint": 4, "regularMarketPrice": 1.01, "regularMarketDayHigh": 1.02, "regularMarketDayLow": 0.97, "regularMarketVolume": 449834, "averageDailyVolume10Day": 2206010, "averageDailyVolume3Month": 1776639, "regularMarketPreviousClose": 0.99, "regularMarketSource": "FREE_REALTIME", "regularMarketOpen": 1.01, "exchange": "BSE", "exchangeName": "BSE", "exchangeDataDelayedBy": 0, "marketState": "CLOSED", "quoteType": "EQUITY", "symbol": "JCTLTD.BO", "underlyingSymbol": null, "shortName": "JCT LTD.", "longName": "JCT Limited", "currency": "INR", "quoteSourceName": "Delayed Quote", "currencySymbol": "\u20b9", "fromCurrency": null, "toCurrency": null, "lastMarket": null, "marketCap": 846811264}, "balanceSheetHistory": {"balanceSheetStatements": [{"maxAge": 1, "endDate": "2020-03-31", "cash": 137240000, "shortTermInvestments": 15475000, "netReceivables": 275974000, "inventory": 1591386000, "otherCurrentAssets": 414313000, "totalCurrentAssets": 2448553000, "longTermInvestments": 16079000, "propertyPlantEquipment": 5935515000, "intangibleAssets": 11010000, "otherAssets": 57599000, "totalAssets": 8468756000, "accountsPayable": 1261194000, "shortLongTermDebt": 157859000, "otherCurrentLiab": 654547000, "longTermDebt": 883113000, "otherLiab": 888212000, "totalCurrentLiabilities": 3520876000, "totalLiab": 5296763000, "commonStock": 2096066000, "retainedEarnings": -2807776000, "treasuryStock": 2980996000, "capitalSurplus": 902707000, "otherStockholderEquity": 2980996000, "totalStockholderEquity": 3171993000, "netTangibleAssets": 3160983000}, {"maxAge": 1, "endDate": "2019-03-31", "cash": 11994000, "shortTermInvestments": 21360000, "netReceivables": 491293000, "inventory": 1760361000, "otherCurrentAssets": 388834000, "totalCurrentAssets": 2683437000, "longTermInvestments": 15884000, "propertyPlantEquipment": 5856953000, "intangibleAssets": 14869000, "otherAssets": 54533000, "totalAssets": 8625676000, "accountsPayable": 1386433000, "shortLongTermDebt": 40821000, "otherCurrentLiab": 216678000, "longTermDebt": 955035000, "otherLiab": 943924000, "totalCurrentLiabilities": 3263221000, "totalLiab": 5162180000, "commonStock": 2096066000, "retainedEarnings": -2361321000, "treasuryStock": 2826044000, "capitalSurplus": 902707000, "otherStockholderEquity": 2826044000, "totalStockholderEquity": 3463496000, "netTangibleAssets": 3448627000}, {"maxAge": 1, "endDate": "2018-03-31", "cash": 26105000, "shortTermInvestments": 43207000, "netReceivables": 577446000, "inventory": 1645838000, "otherCurrentAssets": 382640000, "totalCurrentAssets": 2679179000, "longTermInvestments": 15563000, "propertyPlantEquipment": 3228810000, "intangibleAssets": 18471000, "otherAssets": 64726000, "totalAssets": 6006749000, "accountsPayable": 1307526000, "shortLongTermDebt": 1012334000, "otherCurrentLiab": 118026000, "longTermDebt": 415887000, "otherLiab": 969070000, "totalCurrentLiabilities": 4025260000, "totalLiab": 5410217000, "commonStock": 1495315000, "retainedEarnings": -2260572000, "treasuryStock": 493394000, "capitalSurplus": 868395000, "otherStockholderEquity": 493394000, "totalStockholderEquity": 596532000, "netTangibleAssets": 578061000}, {"maxAge": 1, "endDate": "2017-03-31", "cash": 48454000, "shortTermInvestments": 19427000, "netReceivables": 717898000, "inventory": 1632119000, "otherCurrentAssets": 244551000, "totalCurrentAssets": 2665993000, "longTermInvestments": 15563000, "propertyPlantEquipment": 3510825000, "intangibleAssets": 1346000, "otherAssets": 54804000, "totalAssets": 6248531000, "accountsPayable": 1062370000, "shortLongTermDebt": 966987000, "otherCurrentLiab": 143322000, "longTermDebt": 719986000, "otherLiab": 1027865000, "totalCurrentLiabilities": 3564016000, "totalLiab": 5311867000, "commonStock": 1495315000, "retainedEarnings": -1930765000, "treasuryStock": 503638000, "capitalSurplus": 868476000, "otherStockholderEquity": 503638000, "totalStockholderEquity": 936664000, "netTangibleAssets": 935318000}], "maxAge": 86400}, "earningsTrend": {"trend": [{"maxAge": 1, "period": "0q", "endDate": null, "growth": {}, "earningsEstimate": {"avg": 0.0, "low": 0.0, "high": 0.0, "yearAgoEps": {}, "numberOfAnalysts": 0, "growth": {}}, "revenueEstimate": {"avg": 0, "low": 0, "high": 0, "numberOfAnalysts": 0, "yearAgoRevenue": {}, "growth": {}}, "epsTrend": {"current": 0.0, "7daysAgo": 0.0, "30daysAgo": 0.0, "60daysAgo": 0.0, "90daysAgo": 0.0}, "epsRevisions": {"upLast7days": 0, "upLast30days": 0, "downLast30days": 0, "downLast90days": {}}}, {"maxAge": 1, "period": "+1q", "endDate": null, "growth": {}, "earningsEstimate": {"avg": 0.0, "low": 0.0, "high": 0.0, "yearAgoEps": {}, "numberOfAnalysts": 0, "growth": {}}, "revenueEstimate": {"avg": 0, "low": 0, "high": 0, "numberOfAnalysts": 0, "yearAgoRevenue": {}, "growth": {}}, "epsTrend": {"current": 0.0, "7daysAgo": 0.0, "30daysAgo": 0.0, "60daysAgo": 0.0, "90daysAgo": 0.0}, "epsRevisions": {"upLast7days": 0, "upLast30days": 0, "downLast30days": 0, "downLast90days": {}}}, {"maxAge": 1, "period": "0y", "endDate": null, "growth": {}, "earningsEstimate": {"avg": 0.0, "low": 0.0, "high": 0.0, "yearAgoEps": {}, "numberOfAnalysts": 0, "growth": {}}, "revenueEstimate": {"avg": 0, "low": 0, "high": 0, "numberOfAnalysts": 0, "yearAgoRevenue": {}, "growth": {}}, "epsTrend": {"current": 0.0, "7daysAgo": 0.0, "30daysAgo": 0.0, "60daysAgo": 0.0, "90daysAgo": 0.0}, "epsRevisions": {"upLast7days": 0, "upLast30days": 0, "downLast30days": 0, "downLast90days": {}}}, {"maxAge": 1, "period": "+1y", "endDate": null, "growth": {}, "earningsEstimate": {"avg": 0.0, "low": 0.0, "high": 0.0, "yearAgoEps": {}, "numberOfAnalysts": 0, "growth": {}}, "revenueEstimate": {"avg": 0, "low": 0, "high": 0, "numberOfAnalysts": 0, "yearAgoRevenue": {}, "growth": {}}, "epsTrend": {"current": 0.0, "7daysAgo": 0.0, "30daysAgo": 0.0, "60daysAgo": 0.0, "90daysAgo": 0.0}, "epsRevisions": {"upLast7days": 0, "upLast30days": 0, "downLast30days": 0, "downLast90days": {}}}, {"maxAge": 1, "period": "+5y", "endDate": null, "growth": {}, "earningsEstimate": {"avg": {}, "low": {}, "high": {}, "yearAgoEps": {}, "numberOfAnalysts": {}, "growth": {}}, "revenueEstimate": {"avg": {}, "low": {}, "high": {}, "numberOfAnalysts": {}, "yearAgoRevenue": {}, "growth": {}}, "epsTrend": {"current": {}, "7daysAgo": {}, "30daysAgo": {}, "60daysAgo": {}, "90daysAgo": {}}, "epsRevisions": {"upLast7days": {}, "upLast30days": {}, "downLast30days": {}, "downLast90days": {}}}, {"maxAge": 1, "period": "-5y", "endDate": null, "growth": -0.42856997, "earningsEstimate": {"avg": {}, "low": {}, "high": {}, "yearAgoEps": {}, "numberOfAnalysts": {}, "growth": {}}, "revenueEstimate": {"avg": {}, "low": {}, "high": {}, "numberOfAnalysts": {}, "yearAgoRevenue": {}, "growth": {}}, "epsTrend": {"current": {}, "7daysAgo": {}, "30daysAgo": {}, "60daysAgo": {}, "90daysAgo": {}}, "epsRevisions": {"upLast7days": {}, "upLast30days": {}, "downLast30days": {}, "downLast90days": {}}}], "maxAge": 1}, "financialData": {"maxAge": 86400, "currentPrice": 1.01, "recommendationKey": "none", "grossProfits": 1437999000, "financialCurrency": "INR"}}}