{"JETAIRWAYS.BO": {"recommendationTrend": {"trend": [{"period": "0m", "strongBuy": 0, "buy": 0, "hold": 0, "sell": 0, "strongSell": 0}, {"period": "-1m", "strongBuy": 0, "buy": 0, "hold": 0, "sell": 0, "strongSell": 0}, {"period": "-2m", "strongBuy": 0, "buy": 0, "hold": 0, "sell": 0, "strongSell": 0}, {"period": "-3m", "strongBuy": 0, "buy": 0, "hold": 0, "sell": 0, "strongSell": 0}], "maxAge": 86400}, "cashflowStatementHistory": {"cashflowStatements": [{"maxAge": 1, "endDate": "2018-03-31", "netIncome": -6364500000, "depreciation": 6019000000, "changeToNetincome": 13570200000, "changeToAccountReceivables": 582200000, "changeToLiabilities": 12560500000, "changeToInventory": 93000000, "changeToOperatingActivities": -9607600000, "totalCashFromOperatingActivities": 17101600000, "capitalExpenditures": -8909100000, "investments": 5374500000, "otherCashflowsFromInvestingActivities": -234000000, "totalCashflowsFromInvestingActivities": -3617000000, "netBorrowings": -7245300000, "otherCashflowsFromFinancingActivities": -8403900000, "totalCashFromFinancingActivities": -15649200000, "changeInCash": -2164600000}, {"maxAge": 1, "endDate": "2017-03-31", "netIncome": 14986800000, "depreciation": 6531800000, "changeToNetincome": -8235100000, "changeToAccountReceivables": 881400000, "changeToLiabilities": -7215000000, "changeToInventory": -725300000, "changeToOperatingActivities": 3662700000, "totalCashFromOperatingActivities": 10113300000, "capitalExpenditures": -2293200000, "investments": -245400000, "otherCashflowsFromInvestingActivities": 2860000000, "totalCashflowsFromInvestingActivities": 16000500000, "netBorrowings": -15350500000, "otherCashflowsFromFinancingActivities": -8553000000, "totalCashFromFinancingActivities": -23903500000, "changeInCash": 2210300000}, {"maxAge": 1, "endDate": "2016-03-31", "netIncome": 12116500000, "depreciation": 9962400000, "changeToNetincome": 4800000000, "changeToAccountReceivables": -2503100000, "changeToLiabilities": 5521600000, "changeToInventory": -2116000000, "changeToOperatingActivities": -2665100000, "totalCashFromOperatingActivities": 25116300000, "capitalExpenditures": -2676000000, "investments": -5599700000, "otherCashflowsFromInvestingActivities": 1088500000, "totalCashflowsFromInvestingActivities": -7165100000, "netBorrowings": -15710400000, "otherCashflowsFromFinancingActivities": -8866200000, "totalCashFromFinancingActivities": -24576600000, "changeInCash": -6625400000}, {"maxAge": 1, "endDate": "2015-03-31", "netIncome": -20974100000, "depreciation": 7653100000, "changeToNetincome": 14957900000, "changeToAccountReceivables": -1450200000, "changeToLiabilities": 13615400000, "changeToInventory": -2881100000, "changeToOperatingActivities": -3544400000, "totalCashFromOperatingActivities": 7376600000, "capitalExpenditures": -17104800000, "investments": -2941500000, "otherCashflowsFromInvestingActivities": 892100000, "totalCashflowsFromInvestingActivities": -2170100000, "dividendsPaid": -300000, "netBorrowings": 10890500000, "otherCashflowsFromFinancingActivities": -9494600000, "totalCashFromFinancingActivities": 1395600000, "changeInCash": 6602100000}], "maxAge": 86400}, "institutionOwnership": {"ownershipList": [], "maxAge": 1}, "balanceSheetHistoryQuarterly": {"balanceSheetStatements": [{"maxAge": 1, "endDate": "2018-12-31"}, {"maxAge": 1, "endDate": "2018-09-30"}, {"maxAge": 1, "endDate": "2018-06-30", "totalStockholderEquity": -71391300000, "netTangibleAssets": -71586300000}, {"maxAge": 1, "endDate": "2018-03-31", "cash": 3211300000, "netReceivables": 25471200000, "inventory": 4876400000, "otherCurrentAssets": 37147500000, "totalCurrentAssets": 72996800000, "longTermInvestments": 8354100000, "propertyPlantEquipment": 29167700000, "intangibleAssets": 195000000, "otherAssets": 18837300000, "totalAssets": 129550900000, "accountsPayable": 66161200000, "shortLongTermDebt": 21211800000, "otherCurrentLiab": 38582100000, "longTermDebt": 40182800000, "otherLiab": 5035000000, "totalCurrentLiabilities": 145051600000, "totalLiab": 200942200000, "commonStock": 1136000000, "retainedEarnings": -107507100000, "treasuryStock": 554500000, "capitalSurplus": 34425300000, "otherStockholderEquity": 554500000, "totalStockholderEquity": -71391300000, "netTangibleAssets": -71586300000}], "maxAge": 86400}, "earningsHistory": {"history": [{"maxAge": 1, "epsActual": {}, "epsEstimate": {}, "epsDifference": {}, "surprisePercent": {}, "quarter": {}, "period": "-4q"}, {"maxAge": 1, "epsActual": {}, "epsEstimate": {}, "epsDifference": {}, "surprisePercent": {}, "quarter": {}, "period": "-3q"}, {"maxAge": 1, "epsActual": {}, "epsEstimate": {}, "epsDifference": {}, "surprisePercent": {}, "quarter": {}, "period": "-2q"}, {"maxAge": 1, "epsActual": {}, "epsEstimate": {}, "epsDifference": {}, "surprisePercent": {}, "quarter": {}, "period": "-1q"}], "maxAge": 86400}, "indexTrend": {"maxAge": 1, "symbol": "SP5", "peRatio": 19.7411, "pegRatio": 1.34172, "estimates": [{"period": "0q", "growth": 0.549}, {"period": "+1q", "growth": 0.431}, {"period": "0y", "growth": 0.305}, {"period": "+1y", "growth": 0.109}, {"period": "+5y", "growth": 0.120865}, {"period": "-5y"}]}, "industryTrend": {"maxAge": 1, "symbol": null, "estimates": []}, "insiderTransactions": {"transactions": [{"maxAge": 1, "shares": 27263372, "filerUrl": "", "transactionText": "", "filerName": "Etihad Airways P.J.S.C.", "filerRelation": "Institution- Corporation", "moneyText": "", "startDate": "2013-11-20", "ownership": "D"}, {"maxAge": 1, "shares": 6815843, "filerUrl": "", "transactionText": "", "filerName": "Tail Winds Ltd", "filerRelation": "Promoter", "moneyText": "", "startDate": "2013-11-18", "ownership": "D"}, {"maxAge": 1, "shares": 960369, "filerUrl": "", "transactionText": "", "filerName": "Goyal (Naresh)", "filerRelation": "Non Executive Chairman", "moneyText": "", "startDate": "2013-09-30", "ownership": "D"}, {"maxAge": 1, "shares": 960369, "filerUrl": "", "transactionText": "", "filerName": "Tail Winds Ltd", "filerRelation": "Promoter", "moneyText": "", "startDate": "2013-09-30", "ownership": "D"}, {"maxAge": 1, "shares": 31814850, "filerUrl": "", "transactionText": "", "filerName": "Goyal (Naresh)", "filerRelation": "Non Executive Chairman", "moneyText": "", "startDate": "2013-05-31", "ownership": "D"}, {"maxAge": 1, "shares": 1331675, "filerUrl": "", "transactionText": "", "filerName": "Tail Winds Ltd", "filerRelation": "Promoter", "moneyText": "", "startDate": "2013-05-31", "ownership": "D"}, {"maxAge": 1, "shares": 2986022, "filerUrl": "", "transactionText": "", "filerName": "Tail Winds Ltd", "filerRelation": "Promoter", "moneyText": "", "startDate": "2013-05-30", "ownership": "D"}, {"maxAge": 1, "shares": 25148451, "filerUrl": "", "transactionText": "", "filerName": "Goyal (Naresh)", "filerRelation": "Non Executive Chairman", "moneyText": "", "startDate": "2013-05-24", "ownership": "D"}], "maxAge": 1}, "quoteType": {"exchange": "BSE", "quoteType": "EQUITY", "symbol": "JETAIRWAYS.BO", "underlyingSymbol": "JETAIRWAYS.BO", "shortName": "JET AIRWAYS (INDIA) LTD.", "longName": "Jet Airways (India) Limited", "firstTradeDateEpochUtc": "2005-03-14 09:15:00", "timeZoneFullName": "Asia/Kolkata", "timeZoneShortName": "IST", "uuid": "09f636d0-66b9-3491-91b3-ac8388508682", "gmtOffSetMilliseconds": 19800000, "maxAge": 1}, "incomeStatementHistory": {"incomeStatementHistory": [{"maxAge": 1, "endDate": "2018-03-31", "totalRevenue": 245106900000, "costOfRevenue": 168994600000, "grossProfit": 76112300000, "researchDevelopment": {}, "sellingGeneralAdministrative": 29506900000, "nonRecurring": {}, "otherOperatingExpenses": 44575600000, "totalOperatingExpenses": 249291800000, "operatingIncome": -4184900000, "totalOtherIncomeExpenseNet": -2179600000, "ebit": -4184900000, "interestExpense": -6307600000, "incomeBeforeTax": -6364500000, "incomeTaxExpense": 0, "minorityInterest": {}, "netIncomeFromContinuingOps": -6364500000, "discontinuedOperations": {}, "extraordinaryItems": {}, "effectOfAccountingCharges": {}, "otherItems": {}, "netIncome": -6364500000, "netIncomeApplicableToCommonShares": -6364500000}, {"maxAge": 1, "endDate": "2017-03-31", "totalRevenue": 226925800000, "costOfRevenue": 145123800000, "grossProfit": 81802000000, "researchDevelopment": {}, "sellingGeneralAdministrative": 26632100000, "nonRecurring": {}, "otherOperatingExpenses": 39870000000, "totalOperatingExpenses": 218303100000, "operatingIncome": 8622700000, "totalOtherIncomeExpenseNet": 6362100000, "ebit": 8622700000, "interestExpense": -6133300000, "incomeBeforeTax": 14984800000, "incomeTaxExpense": -2000000, "minorityInterest": {}, "netIncomeFromContinuingOps": 14986800000, "discontinuedOperations": {}, "extraordinaryItems": {}, "effectOfAccountingCharges": {}, "otherItems": {}, "netIncome": 14986800000, "netIncomeApplicableToCommonShares": 14986800000}, {"maxAge": 1, "endDate": "2016-03-31", "totalRevenue": 223210800000, "costOfRevenue": 112387600000, "grossProfit": 110823200000, "researchDevelopment": {}, "sellingGeneralAdministrative": 24788600000, "nonRecurring": {}, "otherOperatingExpenses": 60224700000, "totalOperatingExpenses": 207366400000, "operatingIncome": 15844400000, "totalOtherIncomeExpenseNet": -3727800000, "ebit": 15844400000, "interestExpense": -7376700000, "incomeBeforeTax": 12116600000, "incomeTaxExpense": 100000, "minorityInterest": {}, "netIncomeFromContinuingOps": 12116500000, "discontinuedOperations": {}, "extraordinaryItems": {}, "effectOfAccountingCharges": {}, "otherItems": {}, "netIncome": 12116500000, "netIncomeApplicableToCommonShares": 12116500000}, {"maxAge": 1, "endDate": "2015-03-31", "totalRevenue": 209656000000, "costOfRevenue": 128913300000, "grossProfit": 80742700000, "researchDevelopment": {}, "sellingGeneralAdministrative": 22327200000, "nonRecurring": {}, "otherOperatingExpenses": 59313200000, "totalOperatingExpenses": 218213400000, "operatingIncome": -8557400000, "totalOtherIncomeExpenseNet": -12416600000, "ebit": -8557400000, "interestExpense": -7672900000, "incomeBeforeTax": -20974000000, "incomeTaxExpense": 100000, "minorityInterest": {}, "netIncomeFromContinuingOps": -20974100000, "discontinuedOperations": {}, "extraordinaryItems": {}, "effectOfAccountingCharges": {}, "otherItems": {}, "netIncome": -20974100000, "netIncomeApplicableToCommonShares": -20974100000}], "maxAge": 86400}, "fundOwnership": {"ownershipList": [{"maxAge": 1, "reportDate": "2020-08-31", "organization": "SPDR Portfolio Emerging Markets ETF", "pctHeld": 0.0015, "position": 165004, "value": 4760365}], "maxAge": 1}, "summaryDetail": {"maxAge": 1, "priceHint": 2, "previousClose": 98.6, "open": 98.6, "dayLow": 93.7, "dayHigh": 98.6, "regularMarketPreviousClose": 98.6, "regularMarketOpen": 98.6, "regularMarketDayLow": 93.7, "regularMarketDayHigh": 98.6, "volume": 41133, "regularMarketVolume": 41133, "averageVolume": 112202, "averageVolume10days": 4872, "averageDailyVolume10Day": 4872, "bid": 0.0, "ask": 93.7, "bidSize": 0, "askSize": 0, "marketCap": 10644038656, "fiftyTwoWeekLow": 13.0, "fiftyTwoWeekHigh": 165.0, "fiftyDayAverage": 115.493935, "twoHundredDayAverage": 60.27794, "currency": "INR", "fromCurrency": null, "lastMarket": null, "algorithm": null, "tradeable": false}, "sectorTrend": {"maxAge": 1, "symbol": null, "estimates": []}, "incomeStatementHistoryQuarterly": {"incomeStatementHistory": [{"maxAge": 1, "endDate": "2018-12-31", "totalRevenue": 64110000000, "costOfRevenue": 48400000000, "grossProfit": 15710000000, "researchDevelopment": {}, "sellingGeneralAdministrative": 5790000000, "nonRecurring": {}, "otherOperatingExpenses": 13870000000, "totalOperatingExpenses": 69170000000, "operatingIncome": -5060000000, "totalOtherIncomeExpenseNet": -2260000000, "ebit": -5060000000, "interestExpense": -2590000000, "incomeBeforeTax": -7320000000, "incomeTaxExpense": 0, "minorityInterest": {}, "netIncomeFromContinuingOps": -7320000000, "discontinuedOperations": {}, "extraordinaryItems": {}, "effectOfAccountingCharges": {}, "otherItems": {}, "netIncome": -7320000000, "netIncomeApplicableToCommonShares": -7320000000}, {"maxAge": 1, "endDate": "2018-09-30", "totalRevenue": 63630000000, "costOfRevenue": 46510000000, "grossProfit": 17120000000, "researchDevelopment": {}, "sellingGeneralAdministrative": 6380000000, "nonRecurring": {}, "otherOperatingExpenses": 20640000000, "totalOperatingExpenses": 74640000000, "operatingIncome": -11010000000, "totalOtherIncomeExpenseNet": -1600000000, "ebit": -11010000000, "interestExpense": -2330000000, "incomeBeforeTax": -12610000000, "incomeTaxExpense": 0, "minorityInterest": {}, "netIncomeFromContinuingOps": -12610000000, "discontinuedOperations": {}, "extraordinaryItems": {}, "effectOfAccountingCharges": {}, "otherItems": {}, "netIncome": -12610000000, "netIncomeApplicableToCommonShares": -12610000000}, {"maxAge": 1, "endDate": "2018-06-30", "totalRevenue": 62570000000, "costOfRevenue": 47370000000, "grossProfit": 15200000000, "researchDevelopment": {}, "sellingGeneralAdministrative": 5610000000, "nonRecurring": {}, "otherOperatingExpenses": 19740000000, "totalOperatingExpenses": 73840000000, "operatingIncome": -11270000000, "totalOtherIncomeExpenseNet": -1990000000, "ebit": -11270000000, "interestExpense": -2520000000, "incomeBeforeTax": -13260000000, "incomeTaxExpense": 0, "minorityInterest": {}, "netIncomeFromContinuingOps": -13260000000, "discontinuedOperations": {}, "extraordinaryItems": {}, "effectOfAccountingCharges": {}, "otherItems": {}, "netIncome": -13260000000, "netIncomeApplicableToCommonShares": -13260000000}, {"maxAge": 1, "endDate": "2018-03-31", "totalRevenue": 61956900000, "costOfRevenue": 57254600000, "grossProfit": 4702300000, "researchDevelopment": {}, "sellingGeneralAdministrative": 9106900000, "nonRecurring": {}, "otherOperatingExpenses": 1175600000, "totalOperatingExpenses": 69191800000, "operatingIncome": -7234900000, "totalOtherIncomeExpenseNet": -2279600000, "ebit": -7234900000, "interestExpense": -187600000, "incomeBeforeTax": -9514500000, "incomeTaxExpense": 0, "minorityInterest": {}, "netIncomeFromContinuingOps": -9514500000, "discontinuedOperations": {}, "extraordinaryItems": {}, "effectOfAccountingCharges": {}, "otherItems": {}, "netIncome": -9514500000, "netIncomeApplicableToCommonShares": -9514500000}], "maxAge": 86400}, "cashflowStatementHistoryQuarterly": {"cashflowStatements": [{"maxAge": 1, "endDate": "2018-12-31", "netIncome": -7320000000, "changeToLiabilities": 0}, {"maxAge": 1, "endDate": "2018-09-30", "netIncome": -12610000000, "changeToLiabilities": 0}, {"maxAge": 1, "endDate": "2018-06-30", "netIncome": -13260000000, "changeToLiabilities": 0}, {"maxAge": 1, "endDate": "2018-03-31", "netIncome": -9514500000, "changeToLiabilities": 0}], "maxAge": 86400}, "insiderHolders": {"holders": [{"maxAge": 1, "name": "Etihad Airways P.J.S.C.", "relation": "Institution- Corporation", "url": "", "transactionDescription": "Other", "latestTransDate": "2013-11-20", "positionDirect": 27263372, "positionDirectDate": "2013-11-20"}, {"maxAge": 1, "name": "Goyal (Naresh)", "relation": "Non Executive Chairman", "url": "", "transactionDescription": "Other", "latestTransDate": "2013-09-30", "positionDirect": 57933665, "positionDirectDate": "2013-09-30"}, {"maxAge": 1, "name": "Tail Winds Ltd", "relation": "Promoter", "url": "", "transactionDescription": "Sale", "latestTransDate": "2013-11-18", "positionDirect": 0, "positionDirectDate": "2013-11-18"}], "maxAge": 1}, "earnings": {"maxAge": 86400, "earningsChart": {"quarterly": [], "earningsDate": []}, "financialsChart": {"yearly": [{"date": 2015, "revenue": 209656000000, "earnings": -20974100000}, {"date": 2016, "revenue": 223210800000, "earnings": 12116500000}, {"date": 2017, "revenue": 226925800000, "earnings": 14986800000}, {"date": 2018, "revenue": 245106900000, "earnings": -6364500000}], "quarterly": [{"date": "1Q2018", "revenue": 61956900000, "earnings": -9514500000}, {"date": "2Q2018", "revenue": 62570000000, "earnings": -13260000000}, {"date": "3Q2018", "revenue": 63630000000, "earnings": -12610000000}, {"date": "4Q2018", "revenue": 64110000000, "earnings": -7320000000}]}, "financialCurrency": "INR"}, "calendarEvents": {"maxAge": 1, "earnings": {"earningsDate": [], "revenueAverage": 159947000000, "revenueLow": 174675000000, "revenueHigh": 194174000000}}, "upgradeDowngradeHistory": {"history": [], "maxAge": 86400}, "price": {"maxAge": 1, "regularMarketChangePercent": -0.049695753, "regularMarketChange": -4.9000015, "regularMarketTime": "2021-04-30 15:41:59", "priceHint": 2, "regularMarketPrice": 93.7, "regularMarketDayHigh": 98.6, "regularMarketDayLow": 93.7, "regularMarketVolume": 41133, "averageDailyVolume10Day": 4872, "averageDailyVolume3Month": 112202, "regularMarketPreviousClose": 98.6, "regularMarketSource": "FREE_REALTIME", "regularMarketOpen": 98.6, "exchange": "BSE", "exchangeName": "BSE", "exchangeDataDelayedBy": 0, "marketState": "CLOSED", "quoteType": "EQUITY", "symbol": "JETAIRWAYS.BO", "underlyingSymbol": null, "shortName": "JET AIRWAYS (INDIA) LTD.", "longName": "Jet Airways (India) Limited", "currency": "INR", "quoteSourceName": "Delayed Quote", "currencySymbol": "\u20b9", "fromCurrency": null, "lastMarket": null, "marketCap": 10644038656}, "balanceSheetHistory": {"balanceSheetStatements": [{"maxAge": 1, "endDate": "2018-03-31", "cash": 3211300000, "netReceivables": 25471200000, "inventory": 4876400000, "otherCurrentAssets": 37147500000, "totalCurrentAssets": 72996800000, "longTermInvestments": 8354100000, "propertyPlantEquipment": 29167700000, "intangibleAssets": 195000000, "otherAssets": 18837300000, "totalAssets": 129550900000, "accountsPayable": 66161200000, "shortLongTermDebt": 21211800000, "otherCurrentLiab": 38582100000, "longTermDebt": 40182800000, "otherLiab": 5035000000, "totalCurrentLiabilities": 145051600000, "totalLiab": 200942200000, "commonStock": 1136000000, "retainedEarnings": -107507100000, "treasuryStock": 554500000, "capitalSurplus": 34425300000, "otherStockholderEquity": 554500000, "totalStockholderEquity": -71391300000, "netTangibleAssets": -71586300000}, {"maxAge": 1, "endDate": "2017-03-31", "cash": 5375900000, "shortTermInvestments": 5340000000, "netReceivables": 23020200000, "inventory": 5061200000, "otherCurrentAssets": 13799700000, "totalCurrentAssets": 54636600000, "longTermInvestments": 7469200000, "propertyPlantEquipment": 55701900000, "intangibleAssets": 358900000, "otherAssets": 10656500000, "totalAssets": 128823100000, "accountsPayable": 47847100000, "shortLongTermDebt": 10923500000, "otherCurrentLiab": 46112900000, "longTermDebt": 49239700000, "otherLiab": 4850400000, "totalCurrentLiabilities": 119345800000, "totalLiab": 193874700000, "commonStock": 1136000000, "retainedEarnings": -101142600000, "treasuryStock": 529700000, "capitalSurplus": 34425300000, "otherStockholderEquity": 529700000, "totalStockholderEquity": -65051600000, "netTangibleAssets": -65410500000}, {"maxAge": 1, "endDate": "2016-03-31", "cash": 14881300000, "shortTermInvestments": 5000000000, "netReceivables": 26178000000, "inventory": 10641000000, "otherCurrentAssets": 4856600000, "totalCurrentAssets": 63813000000, "longTermInvestments": 6773200000, "propertyPlantEquipment": 87816800000, "intangibleAssets": 290500000, "otherAssets": 14279500000, "totalAssets": 172973000000, "accountsPayable": 61200300000, "shortLongTermDebt": 5986800000, "otherCurrentLiab": 38581600000, "longTermDebt": 27983600000, "otherLiab": 12787500000, "totalCurrentLiabilities": 150186600000, "totalLiab": 225077400000, "commonStock": 1136000000, "retainedEarnings": -89926100000, "treasuryStock": 2260400000, "capitalSurplus": 34425300000, "otherStockholderEquity": 2260400000, "totalStockholderEquity": -52104400000, "netTangibleAssets": -52394900000}, {"maxAge": 1, "endDate": "2015-03-31", "cash": 20760300000, "netReceivables": 20223000000, "inventory": 9635000000, "otherCurrentAssets": 4690800000, "totalCurrentAssets": 57255500000, "longTermInvestments": 6676100000, "propertyPlantEquipment": 92215800000, "intangibleAssets": 321900000, "otherAssets": 14584400000, "totalAssets": 171053700000, "accountsPayable": 57951300000, "shortLongTermDebt": 6108300000, "otherCurrentLiab": 38907200000, "longTermDebt": 24616300000, "otherLiab": 14219600000, "totalCurrentLiabilities": 154009200000, "totalLiab": 234301800000, "commonStock": 1136000000, "retainedEarnings": -101867900000, "treasuryStock": 3058500000, "capitalSurplus": 34425300000, "otherStockholderEquity": 3058500000, "totalStockholderEquity": -63248100000, "netTangibleAssets": -63570000000}], "maxAge": 86400}, "earningsTrend": {"trend": [{"maxAge": 1, "period": "0q", "endDate": "2014-06-30", "growth": {}, "earningsEstimate": {"avg": 0.0, "low": 0.0, "high": 0.0, "yearAgoEps": {}, "numberOfAnalysts": 0, "growth": {}}, "revenueEstimate": {"avg": 159947000000, "low": 174675000000, "high": 194174000000, "numberOfAnalysts": 4, "yearAgoRevenue": {}, "growth": {}}, "epsTrend": {"current": 0.0, "7daysAgo": 15.5, "30daysAgo": 15.5, "60daysAgo": 15.5, "90daysAgo": 15.5}, "epsRevisions": {"upLast7days": 0, "upLast30days": 0, "downLast30days": 0, "downLast90days": {}}}, {"maxAge": 1, "period": "+1q", "endDate": "2014-09-30", "growth": {}, "earningsEstimate": {"avg": 0.0, "low": 0.0, "high": 0.0, "yearAgoEps": {}, "numberOfAnalysts": 0, "growth": {}}, "revenueEstimate": {"avg": 159947000000, "low": 174675000000, "high": 194174000000, "numberOfAnalysts": 4, "yearAgoRevenue": {}, "growth": {}}, "epsTrend": {"current": 0.0, "7daysAgo": 0.0, "30daysAgo": 0.0, "60daysAgo": 0.0, "90daysAgo": 0.0}, "epsRevisions": {"upLast7days": 0, "upLast30days": 0, "downLast30days": 0, "downLast90days": {}}}, {"maxAge": 1, "period": "0y", "endDate": "2014-03-31", "growth": {}, "earningsEstimate": {"avg": 0.0, "low": 0.0, "high": 0.0, "yearAgoEps": {}, "numberOfAnalysts": 0, "growth": {}}, "revenueEstimate": {"avg": 159947000000, "low": 174675000000, "high": 194174000000, "numberOfAnalysts": 4, "yearAgoRevenue": {}, "growth": {}}, "epsTrend": {"current": 0.0, "7daysAgo": -196.29, "30daysAgo": -196.29, "60daysAgo": -196.29, "90daysAgo": -196.29}, "epsRevisions": {"upLast7days": 0, "upLast30days": 0, "downLast30days": 0, "downLast90days": {}}}, {"maxAge": 1, "period": "+1y", "endDate": "2015-03-31", "growth": {}, "earningsEstimate": {"avg": 0.0, "low": 0.0, "high": 0.0, "yearAgoEps": {}, "numberOfAnalysts": 0, "growth": {}}, "revenueEstimate": {"avg": 0, "low": 193437000000, "high": 212293000000, "numberOfAnalysts": 5, "yearAgoRevenue": 159947000000, "growth": {}}, "epsTrend": {"current": 0.0, "7daysAgo": -75.97, "30daysAgo": -75.97, "60daysAgo": -75.97, "90daysAgo": -75.97}, "epsRevisions": {"upLast7days": 0, "upLast30days": 0, "downLast30days": 0, "downLast90days": {}}}, {"maxAge": 1, "period": "+5y", "endDate": null, "growth": 0.07, "earningsEstimate": {"avg": {}, "low": {}, "high": {}, "yearAgoEps": {}, "numberOfAnalysts": {}, "growth": {}}, "revenueEstimate": {"avg": {}, "low": {}, "high": {}, "numberOfAnalysts": {}, "yearAgoRevenue": {}, "growth": {}}, "epsTrend": {"current": {}, "7daysAgo": {}, "30daysAgo": {}, "60daysAgo": {}, "90daysAgo": {}}, "epsRevisions": {"upLast7days": {}, "upLast30days": {}, "downLast30days": {}, "downLast90days": {}}}, {"maxAge": 1, "period": "-5y", "endDate": null, "growth": {}, "earningsEstimate": {"avg": {}, "low": {}, "high": {}, "yearAgoEps": {}, "numberOfAnalysts": {}, "growth": {}}, "revenueEstimate": {"avg": {}, "low": {}, "high": {}, "numberOfAnalysts": {}, "yearAgoRevenue": {}, "growth": {}}, "epsTrend": {"current": {}, "7daysAgo": {}, "30daysAgo": {}, "60daysAgo": {}, "90daysAgo": {}}, "epsRevisions": {"upLast7days": {}, "upLast30days": {}, "downLast30days": {}, "downLast90days": {}}}], "maxAge": 1}, "financialData": {"maxAge": 86400, "currentPrice": 93.7, "targetHighPrice": 450.0, "targetLowPrice": 150.0, "targetMeanPrice": 261.5, "targetMedianPrice": 227.0, "recommendationKey": "none", "numberOfAnalystOpinions": 6, "grossProfits": 76112300000, "financialCurrency": "INR"}}}