{"JFL.BO": {"cashflowStatementHistory": {"cashflowStatements": [{"maxAge": 1, "endDate": "2020-03-31", "netIncome": -237311000, "changeToLiabilities": 0}, {"maxAge": 1, "endDate": "2019-03-31", "netIncome": -158691895, "depreciation": 5063674, "changeToNetincome": 33965819, "changeToAccountReceivables": -45366070, "changeToLiabilities": 48591398, "changeToInventory": 108375319, "changeToOperatingActivities": 10160504, "totalCashFromOperatingActivities": 2098749, "capitalExpenditures": -11570748, "otherCashflowsFromInvestingActivities": 378748, "totalCashflowsFromInvestingActivities": -11250290, "netBorrowings": 67351837, "otherCashflowsFromFinancingActivities": -55393888, "totalCashFromFinancingActivities": 11957949, "changeInCash": 2806408}, {"maxAge": 1, "endDate": "2018-03-31", "netIncome": 31672765, "depreciation": 3970902, "changeToNetincome": 50432223, "changeToAccountReceivables": -153363922, "changeToLiabilities": -20572486, "changeToInventory": -112853525, "changeToOperatingActivities": 177265, "totalCashFromOperatingActivities": -200536778, "capitalExpenditures": -3364279, "otherCashflowsFromInvestingActivities": -10961111, "totalCashflowsFromInvestingActivities": -16285500, "netBorrowings": 114378733, "otherCashflowsFromFinancingActivities": -46242896, "totalCashFromFinancingActivities": 228185837, "changeInCash": 11363559, "issuanceOfStock": 160050000}, {"maxAge": 1, "endDate": "2017-03-31", "netIncome": 22596272, "depreciation": 3856392, "changeToNetincome": 56661005, "changeToAccountReceivables": 215782, "changeToLiabilities": 1165050, "changeToInventory": -38110525, "changeToOperatingActivities": 2793590, "totalCashFromOperatingActivities": 49177566, "capitalExpenditures": -1550384, "otherCashflowsFromInvestingActivities": -25302917, "totalCashflowsFromInvestingActivities": -26848901, "netBorrowings": 15278839, "otherCashflowsFromFinancingActivities": -46620314, "totalCashFromFinancingActivities": -31341475, "changeInCash": -9012810, "issuanceOfStock": 160050000}], "maxAge": 86400}, "institutionOwnership": {"ownershipList": [], "maxAge": 1}, "balanceSheetHistoryQuarterly": {"balanceSheetStatements": [{"maxAge": 1, "endDate": "2020-03-31", "cash": 6648000, "netReceivables": 275432000, "inventory": 114347000, "otherCurrentAssets": 29189000, "totalCurrentAssets": 425616000, "propertyPlantEquipment": 156476000, "otherAssets": 2289000, "totalAssets": 584381000, "accountsPayable": 155011000, "shortLongTermDebt": 96116000, "longTermDebt": 44308000, "otherLiab": 5373000, "totalCurrentLiabilities": 605259000, "totalLiab": 654940000, "commonStock": 102604000, "retainedEarnings": -173163000, "totalStockholderEquity": -70559000, "netTangibleAssets": -70559000}, {"maxAge": 1, "endDate": "2019-12-31", "cash": 2157467, "netReceivables": 325940526, "inventory": 163062664, "otherCurrentAssets": 57612280, "totalCurrentAssets": 548772937, "propertyPlantEquipment": 157671620, "otherAssets": 2303220, "totalAssets": 708747777, "accountsPayable": 110165963, "shortLongTermDebt": 74400823, "otherCurrentLiab": -1, "longTermDebt": 34658877, "otherLiab": 5262178, "totalCurrentLiabilities": 587388762, "totalLiab": 627309817, "commonStock": 102603580, "treasuryStock": -21165620, "otherStockholderEquity": -21165620, "totalStockholderEquity": 81437960, "netTangibleAssets": 81437960}, {"maxAge": 1, "endDate": "2019-09-30"}, {"maxAge": 1, "endDate": "2019-06-30", "totalStockholderEquity": 166751036, "netTangibleAssets": 166751036}], "maxAge": 86400}, "indexTrend": {"maxAge": 1, "symbol": "SP5", "peRatio": 19.7411, "pegRatio": 1.34172, "estimates": [{"period": "0q", "growth": 0.549}, {"period": "+1q", "growth": 0.431}, {"period": "0y", "growth": 0.305}, {"period": "+1y", "growth": 0.109}, {"period": "+5y", "growth": 0.120859005}, {"period": "-5y"}]}, "quoteType": {"exchange": "BSE", "quoteType": "EQUITY", "symbol": "JFL.BO", "underlyingSymbol": "JFL.BO", "shortName": "Jhandewalas Foods Limited", "longName": "Jhandewalas Foods Limited", "firstTradeDateEpochUtc": "2018-01-15 09:15:00", "timeZoneFullName": "Asia/Kolkata", "timeZoneShortName": "IST", "uuid": "da321777-35a7-3ab3-9cb4-7c71056c6e00", "gmtOffSetMilliseconds": 19800000, "maxAge": 1}, "incomeStatementHistory": {"incomeStatementHistory": [{"maxAge": 1, "endDate": "2020-03-31", "totalRevenue": 477010000, "costOfRevenue": 588489000, "grossProfit": -111479000, "researchDevelopment": {}, "sellingGeneralAdministrative": 18101000, "nonRecurring": {}, "otherOperatingExpenses": 92434000, "totalOperatingExpenses": 704689000, "operatingIncome": -227679000, "totalOtherIncomeExpenseNet": -9632000, "ebit": -227679000, "interestExpense": -30175000, "incomeBeforeTax": -237311000, "incomeTaxExpense": 0, "minorityInterest": {}, "netIncomeFromContinuingOps": -237311000, "discontinuedOperations": {}, "extraordinaryItems": {}, "effectOfAccountingCharges": {}, "otherItems": {}, "netIncome": -237311000, "netIncomeApplicableToCommonShares": -237311000}, {"maxAge": 1, "endDate": "2019-03-31", "totalRevenue": 1548893562, "costOfRevenue": 1554925862, "grossProfit": -6032300, "researchDevelopment": {}, "sellingGeneralAdministrative": 26758583, "nonRecurring": {}, "otherOperatingExpenses": 23544232, "totalOperatingExpenses": 1610292351, "operatingIncome": -61398789, "totalOtherIncomeExpenseNet": -117975033, "ebit": -61398789, "interestExpense": -55393888, "incomeBeforeTax": -179373822, "incomeTaxExpense": -20681927, "minorityInterest": {}, "netIncomeFromContinuingOps": -158691895, "discontinuedOperations": {}, "extraordinaryItems": {}, "effectOfAccountingCharges": {}, "otherItems": {}, "netIncome": -158691895, "netIncomeApplicableToCommonShares": -158691895}, {"maxAge": 1, "endDate": "2018-03-31", "totalRevenue": 1778778766, "costOfRevenue": 1627220171, "grossProfit": 151558595, "researchDevelopment": {}, "sellingGeneralAdministrative": 23061465, "nonRecurring": {}, "otherOperatingExpenses": 28165880, "totalOperatingExpenses": 1682418418, "operatingIncome": 96360348, "totalOtherIncomeExpenseNet": -45477717, "ebit": 96360348, "interestExpense": -46242896, "incomeBeforeTax": 50882631, "incomeTaxExpense": 19209866, "minorityInterest": {}, "netIncomeFromContinuingOps": 31672765, "discontinuedOperations": {}, "extraordinaryItems": {}, "effectOfAccountingCharges": {}, "otherItems": {}, "netIncome": 31672765, "netIncomeApplicableToCommonShares": 31672765}, {"maxAge": 1, "endDate": "2017-03-31", "totalRevenue": 1485966075, "costOfRevenue": 1358585142, "grossProfit": 127380933, "researchDevelopment": {}, "sellingGeneralAdministrative": 23776915, "nonRecurring": {}, "otherOperatingExpenses": 15252345, "totalOperatingExpenses": 1401470794, "operatingIncome": 84495281, "totalOtherIncomeExpenseNet": -47803611, "ebit": 84495281, "interestExpense": -46620314, "incomeBeforeTax": 36691670, "incomeTaxExpense": 14095398, "minorityInterest": {}, "netIncomeFromContinuingOps": 22596272, "discontinuedOperations": {}, "extraordinaryItems": {}, "effectOfAccountingCharges": {}, "otherItems": {}, "netIncome": 22596272, "netIncomeApplicableToCommonShares": 22596272}], "maxAge": 86400}, "fundOwnership": {"ownershipList": [], "maxAge": 1}, "summaryDetail": {"maxAge": 1, "priceHint": 2, "previousClose": 8.49, "open": 8.9, "dayLow": 8.9, "dayHigh": 8.9, "regularMarketPreviousClose": 8.49, "regularMarketOpen": 8.9, "regularMarketDayLow": 8.9, "regularMarketDayHigh": 8.9, "volume": 2000, "regularMarketVolume": 2000, "averageVolume": 2426, "averageVolume10days": 2800, "averageDailyVolume10Day": 2800, "bid": 8.3, "ask": 0.0, "bidSize": 0, "askSize": 0, "marketCap": 91317560, "fiftyTwoWeekLow": 3.7, "fiftyTwoWeekHigh": 8.9, "fiftyDayAverage": 6.440303, "twoHundredDayAverage": 7.0428677, "currency": "INR", "fromCurrency": null, "lastMarket": null, "algorithm": null, "tradeable": false}, "incomeStatementHistoryQuarterly": {"incomeStatementHistory": [{"maxAge": 1, "endDate": "2020-03-31", "totalRevenue": 158215060, "costOfRevenue": 248164123, "grossProfit": -89949063, "researchDevelopment": {}, "sellingGeneralAdministrative": 4517782, "nonRecurring": {}, "otherOperatingExpenses": 73889023, "totalOperatingExpenses": 327959045, "operatingIncome": -169743985, "totalOtherIncomeExpenseNet": 17746061, "ebit": -169743985, "interestExpense": -2796939, "incomeBeforeTax": -151997924, "incomeTaxExpense": 0, "minorityInterest": {}, "netIncomeFromContinuingOps": -151997924, "discontinuedOperations": {}, "extraordinaryItems": {}, "effectOfAccountingCharges": {}, "otherItems": {}, "netIncome": -151997924, "netIncomeApplicableToCommonShares": -151997924}, {"maxAge": 1, "endDate": "2019-12-31", "totalRevenue": 109060940, "costOfRevenue": 130816877, "grossProfit": -21755937, "researchDevelopment": {}, "sellingGeneralAdministrative": 4035218, "nonRecurring": {}, "otherOperatingExpenses": -6137023, "totalOperatingExpenses": 130139955, "operatingIncome": -21079015, "totalOtherIncomeExpenseNet": -7836061, "ebit": -21079015, "interestExpense": -2780061, "incomeBeforeTax": -28915076, "incomeTaxExpense": 193000, "minorityInterest": {}, "netIncomeFromContinuingOps": -29108076, "discontinuedOperations": {}, "extraordinaryItems": {}, "effectOfAccountingCharges": {}, "otherItems": {}, "netIncome": -29108076, "netIncomeApplicableToCommonShares": -29108076}, {"maxAge": 1, "endDate": "2019-09-30", "totalRevenue": 104867000, "costOfRevenue": 104754000, "grossProfit": 113000, "researchDevelopment": {}, "sellingGeneralAdministrative": 4774000, "nonRecurring": {}, "otherOperatingExpenses": 12341000, "totalOperatingExpenses": 123295000, "operatingIncome": -18428000, "totalOtherIncomeExpenseNet": -9771000, "ebit": -18428000, "interestExpense": -12299000, "incomeBeforeTax": -28199000, "incomeTaxExpense": -96500, "minorityInterest": {}, "netIncomeFromContinuingOps": -28102500, "discontinuedOperations": {}, "extraordinaryItems": {}, "effectOfAccountingCharges": {}, "otherItems": {}, "netIncome": -28102500, "netIncomeApplicableToCommonShares": -28102500}, {"maxAge": 1, "endDate": "2019-06-30", "totalRevenue": 104867000, "costOfRevenue": 104754000, "grossProfit": 113000, "researchDevelopment": {}, "sellingGeneralAdministrative": 4774000, "nonRecurring": {}, "otherOperatingExpenses": 12341000, "totalOperatingExpenses": 123295000, "operatingIncome": -18428000, "totalOtherIncomeExpenseNet": -9771000, "ebit": -18428000, "interestExpense": -12299000, "incomeBeforeTax": -28199000, "incomeTaxExpense": -96500, "minorityInterest": {}, "netIncomeFromContinuingOps": -28102500, "discontinuedOperations": {}, "extraordinaryItems": {}, "effectOfAccountingCharges": {}, "otherItems": {}, "netIncome": -28102500, "netIncomeApplicableToCommonShares": -28102500}], "maxAge": 86400}, "cashflowStatementHistoryQuarterly": {"cashflowStatements": [{"maxAge": 1, "endDate": "2020-03-31", "netIncome": -151997924, "changeToLiabilities": 0}, {"maxAge": 1, "endDate": "2019-12-31", "netIncome": -29108076, "changeToLiabilities": 0}, {"maxAge": 1, "endDate": "2019-09-30", "netIncome": -28102500, "changeToLiabilities": 0}, {"maxAge": 1, "endDate": "2019-06-30", "netIncome": -28102500, "changeToLiabilities": 0}], "maxAge": 86400}, "insiderHolders": {"holders": [], "maxAge": 1}, "calendarEvents": {"maxAge": 1, "earnings": {"earningsDate": ["2019-09-03 05:30:S"]}}, "upgradeDowngradeHistory": {"history": [], "maxAge": 86400}, "price": {"maxAge": 1, "regularMarketChangePercent": 0.048292093, "regularMarketChange": 0.40999985, "regularMarketTime": "2021-04-30 12:12:54", "priceHint": 2, "regularMarketPrice": 8.9, "regularMarketDayHigh": 8.9, "regularMarketDayLow": 8.9, "regularMarketVolume": 2000, "averageDailyVolume10Day": 2800, "averageDailyVolume3Month": 2426, "regularMarketPreviousClose": 8.49, "regularMarketSource": "FREE_REALTIME", "regularMarketOpen": 8.9, "exchange": "BSE", "exchangeName": "BSE", "exchangeDataDelayedBy": 0, "marketState": "CLOSED", "quoteType": "EQUITY", "symbol": "JFL.BO", "underlyingSymbol": null, "shortName": "Jhandewalas Foods Limited", "longName": "Jhandewalas Foods Limited", "currency": "INR", "quoteSourceName": "Delayed Quote", "currencySymbol": "\u20b9", "fromCurrency": null, "lastMarket": null, "marketCap": 91317560}, "balanceSheetHistory": {"balanceSheetStatements": [{"maxAge": 1, "endDate": "2020-03-31", "cash": 6648000, "netReceivables": 275432000, "inventory": 114347000, "otherCurrentAssets": 29189000, "totalCurrentAssets": 425616000, "propertyPlantEquipment": 156476000, "otherAssets": 2289000, "totalAssets": 584381000, "accountsPayable": 155011000, "shortLongTermDebt": 96116000, "longTermDebt": 44308000, "otherLiab": 5373000, "totalCurrentLiabilities": 605259000, "totalLiab": 654940000, "commonStock": 102604000, "retainedEarnings": -173163000, "totalStockholderEquity": -70559000, "netTangibleAssets": -70559000}, {"maxAge": 1, "endDate": "2019-03-31", "cash": 18073031, "netReceivables": 506538129, "inventory": 249830717, "otherCurrentAssets": 30995076, "totalCurrentAssets": 805436953, "longTermInvestments": 3126500, "propertyPlantEquipment": 44488888, "otherAssets": 3658080, "totalAssets": 856710421, "accountsPayable": 107480476, "shortLongTermDebt": 48618120, "otherCurrentLiab": 3426735, "longTermDebt": 77204440, "otherLiab": 4539035, "totalCurrentLiabilities": 604291990, "totalLiab": 689959385, "commonStock": 102603580, "retainedEarnings": -68105984, "capitalSurplus": 132253440, "totalStockholderEquity": 166751036, "netTangibleAssets": 166751036}, {"maxAge": 1, "endDate": "2018-03-31", "cash": 15266623, "netReceivables": 461172059, "inventory": 358206036, "otherCurrentAssets": 22364202, "totalCurrentAssets": 857008920, "longTermInvestments": 3126500, "propertyPlantEquipment": 37981814, "otherAssets": 3253917, "totalAssets": 901371151, "accountsPayable": 58889078, "shortLongTermDebt": 36987147, "otherCurrentLiab": 23814364, "longTermDebt": 100680904, "otherLiab": 4601316, "totalCurrentLiabilities": 470646000, "totalLiab": 575928220, "commonStock": 102603580, "retainedEarnings": 90585911, "capitalSurplus": 132253440, "totalStockholderEquity": 325442931, "netTangibleAssets": 325442931}, {"maxAge": 1, "endDate": "2017-03-31", "cash": 3903064, "netReceivables": 307808137, "inventory": 245352511, "otherCurrentAssets": 10014565, "totalCurrentAssets": 567078277, "longTermInvestments": 3126500, "propertyPlantEquipment": 38588437, "otherAssets": 975084, "totalAssets": 609768298, "accountsPayable": 79461564, "shortLongTermDebt": 21185625, "otherCurrentLiab": 17918976, "longTermDebt": 46703970, "otherLiab": 17410874, "totalCurrentLiabilities": 411933288, "totalLiab": 476048132, "commonStock": 31278120, "retainedEarnings": 58913146, "capitalSurplus": 43528900, "totalStockholderEquity": 133720166, "netTangibleAssets": 133720166}], "maxAge": 86400}, "financialData": {"maxAge": 86400, "currentPrice": 8.9, "recommendationKey": "none", "grossProfits": -111479000, "financialCurrency": "INR"}}}