{"JHS.BO": {"recommendationTrend": {"trend": [{"period": "0m", "strongBuy": 0, "buy": 0, "hold": 0, "sell": 0, "strongSell": 0}, {"period": "-1m", "strongBuy": 0, "buy": 0, "hold": 0, "sell": 0, "strongSell": 0}, {"period": "-2m", "strongBuy": 0, "buy": 0, "hold": 0, "sell": 0, "strongSell": 0}, {"period": "-3m", "strongBuy": 0, "buy": 0, "hold": 0, "sell": 0, "strongSell": 0}], "maxAge": 86400}, "cashflowStatementHistory": {"cashflowStatements": [{"maxAge": 1, "endDate": "2020-03-31", "netIncome": -19791000, "depreciation": 87475000, "changeToNetincome": -97021000, "changeToAccountReceivables": -335151000, "changeToLiabilities": 102482000, "changeToInventory": 39941000, "changeToOperatingActivities": 325434000, "totalCashFromOperatingActivities": 103500000, "capitalExpenditures": -102663000, "investments": 32196000, "otherCashflowsFromInvestingActivities": -24474000, "totalCashflowsFromInvestingActivities": -109658000, "netBorrowings": -80125000, "otherCashflowsFromFinancingActivities": -18859000, "totalCashFromFinancingActivities": 4901000, "changeInCash": -1256000, "issuanceOfStock": 103885000}, {"maxAge": 1, "endDate": "2019-03-31", "netIncome": -6806000, "depreciation": 70878000, "changeToNetincome": -40864000, "changeToAccountReceivables": -107082000, "changeToLiabilities": -4630000, "changeToInventory": -7975000, "changeToOperatingActivities": -11409000, "totalCashFromOperatingActivities": -107888000, "capitalExpenditures": -155838000, "investments": 140106000, "otherCashflowsFromInvestingActivities": -85694000, "totalCashflowsFromInvestingActivities": -68701000, "netBorrowings": 46972000, "otherCashflowsFromFinancingActivities": 78367000, "totalCashFromFinancingActivities": 125339000, "changeInCash": -51250000, "issuanceOfStock": 103885000}, {"maxAge": 1, "endDate": "2018-03-31", "netIncome": 261492000, "depreciation": 68132000, "changeToNetincome": 75600000, "changeToAccountReceivables": -279780000, "changeToLiabilities": 94624000, "changeToInventory": 6867000, "changeToOperatingActivities": -88916000, "totalCashFromOperatingActivities": 138019000, "capitalExpenditures": -108392000, "investments": -153390000, "otherCashflowsFromInvestingActivities": 6875000, "totalCashflowsFromInvestingActivities": -270169000, "netBorrowings": 3599000, "otherCashflowsFromFinancingActivities": -51871000, "totalCashFromFinancingActivities": 136308000, "changeInCash": 4158000, "issuanceOfStock": 184580000}, {"maxAge": 1, "endDate": "2017-03-31", "netIncome": 219367000, "depreciation": 63312000, "changeToNetincome": -180338000, "changeToAccountReceivables": -68162000, "changeToLiabilities": 6581000, "changeToInventory": -44000, "changeToOperatingActivities": -80322000, "totalCashFromOperatingActivities": -39306000, "capitalExpenditures": -128745000, "investments": -8227000, "otherCashflowsFromInvestingActivities": 1223000, "totalCashflowsFromInvestingActivities": -33574000, "netBorrowings": -9393000, "otherCashflowsFromFinancingActivities": -20347000, "totalCashFromFinancingActivities": 101135000, "changeInCash": 28255000, "issuanceOfStock": 130875000}], "maxAge": 86400}, "institutionOwnership": {"ownershipList": [], "maxAge": 1}, "balanceSheetHistoryQuarterly": {"balanceSheetStatements": [{"maxAge": 1, "endDate": "2020-06-30", "totalStockholderEquity": 1779985000, "netTangibleAssets": 1768350000}, {"maxAge": 1, "endDate": "2020-03-31", "cash": 6798000, "shortTermInvestments": 2505000, "netReceivables": 1046266000, "inventory": 56068000, "otherCurrentAssets": 123745000, "totalCurrentAssets": 1302233000, "longTermInvestments": 4182000, "propertyPlantEquipment": 715207000, "goodWill": 11069000, "intangibleAssets": 566000, "otherAssets": 375908000, "deferredLongTermAssetCharges": 113106000, "totalAssets": 2409165000, "accountsPayable": 361185000, "shortLongTermDebt": 3248000, "otherCurrentLiab": 50090000, "longTermDebt": 5179000, "otherLiab": 12230000, "deferredLongTermLiab": 3889000, "minorityInterest": 65985000, "totalCurrentLiabilities": 484473000, "totalLiab": 563195000, "commonStock": 609005000, "retainedEarnings": 152408000, "treasuryStock": 25500000, "capitalSurplus": 993072000, "otherStockholderEquity": 25500000, "totalStockholderEquity": 1779985000, "netTangibleAssets": 1768350000}, {"maxAge": 1, "endDate": "2019-12-31"}, {"maxAge": 1, "endDate": "2019-09-30"}], "maxAge": 86400}, "earningsHistory": {"history": [{"maxAge": 1, "epsActual": {}, "epsEstimate": {}, "epsDifference": {}, "surprisePercent": {}, "quarter": {}, "period": "-4q"}, {"maxAge": 1, "epsActual": {}, "epsEstimate": {}, "epsDifference": {}, "surprisePercent": {}, "quarter": {}, "period": "-3q"}, {"maxAge": 1, "epsActual": 0.3, "epsEstimate": 0.56, "epsDifference": -0.26, "surprisePercent": -0.46400002, "quarter": "2017-09-30", "period": "-2q"}, {"maxAge": 1, "epsActual": 0.41, "epsEstimate": 0.31, "epsDifference": 0.1, "surprisePercent": 0.32299998, "quarter": "2017-12-31", "period": "-1q"}], "maxAge": 86400}, "indexTrend": {"maxAge": 1, "symbol": "SP5", "peRatio": 19.7411, "pegRatio": 1.34172, "estimates": [{"period": "0q", "growth": 0.549}, {"period": "+1q", "growth": 0.431}, {"period": "0y", "growth": 0.305}, {"period": "+1y", "growth": 0.109}, {"period": "+5y", "growth": 0.120865}, {"period": "-5y"}]}, "industryTrend": {"maxAge": 1, "symbol": null, "estimates": []}, "insiderTransactions": {"transactions": [{"maxAge": 1, "shares": 500000, "value": 136000, "filerUrl": "", "transactionText": "Other at price 0.27 per share.", "filerName": "Nanda (Nikhil)", "filerRelation": "Managing Director", "moneyText": "", "startDate": "2020-09-22", "ownership": "D"}, {"maxAge": 1, "shares": 11750000, "filerUrl": "", "transactionText": "", "filerName": "Nanda (Nikhil)", "filerRelation": "Managing Director", "moneyText": "", "startDate": "2017-07-06", "ownership": "D"}, {"maxAge": 1, "shares": 600000, "filerUrl": "", "transactionText": "", "filerName": "Nanda (Nikhil)", "filerRelation": "Managing Director", "moneyText": "", "startDate": "2017-01-28", "ownership": "D"}, {"maxAge": 1, "shares": 2650000, "filerUrl": "", "transactionText": "", "filerName": "Nanda (Nikhil)", "filerRelation": "Managing Director", "moneyText": "", "startDate": "2016-08-02", "ownership": "D"}, {"maxAge": 1, "shares": 2925254, "filerUrl": "", "transactionText": "", "filerName": "Nanda (Nikhil)", "filerRelation": "Managing Director", "moneyText": "", "startDate": "2012-11-08", "ownership": "D"}, {"maxAge": 1, "shares": 17927, "filerUrl": "", "transactionText": "", "filerName": "Nanda (Gopal Krishna)", "filerRelation": "UNREPORTED", "moneyText": "", "startDate": "2012-11-08", "ownership": "D"}, {"maxAge": 1, "shares": 147073, "filerUrl": "", "transactionText": "", "filerName": "Nanda (Sushma)", "filerRelation": "Promoter", "moneyText": "", "startDate": "2012-11-08", "ownership": "D"}, {"maxAge": 1, "shares": 17927, "filerUrl": "", "transactionText": "", "filerName": "Nanda (Harish Chander)", "filerRelation": "UNREPORTED", "moneyText": "", "startDate": "2012-11-08", "ownership": "D"}, {"maxAge": 1, "shares": 500000, "filerUrl": "", "transactionText": "", "filerName": "Nanda (Nikhil)", "filerRelation": "Managing Director", "moneyText": "", "startDate": "2012-03-31", "ownership": "D"}, {"maxAge": 1, "shares": 517298, "filerUrl": "", "transactionText": "", "filerName": "SBIMF Magnum Sector Funds Umbrella Emerging Businesses Fund", "filerRelation": "Management Subsidary of bank", "moneyText": "", "startDate": "2011-07-04", "ownership": "D"}, {"maxAge": 1, "shares": 63000, "filerUrl": "", "transactionText": "", "filerName": "Nanda (Nikhil)", "filerRelation": "Managing Director", "moneyText": "", "startDate": "2011-02-23", "ownership": "D"}, {"maxAge": 1, "shares": 50438, "filerUrl": "", "transactionText": "", "filerName": "Nanda (Nikhil)", "filerRelation": "Managing Director", "moneyText": "", "startDate": "2011-02-21", "ownership": "D"}, {"maxAge": 1, "shares": 50000, "filerUrl": "", "transactionText": "", "filerName": "Nanda (Nikhil)", "filerRelation": "Managing Director", "moneyText": "", "startDate": "2011-02-16", "ownership": "D"}, {"maxAge": 1, "shares": 51584, "filerUrl": "", "transactionText": "", "filerName": "Nanda (Nikhil)", "filerRelation": "Managing Director", "moneyText": "", "startDate": "2010-12-06", "ownership": "D"}, {"maxAge": 1, "shares": 420000, "filerUrl": "", "transactionText": "", "filerName": "SBI Mutual Fund", "filerRelation": "UNREPORTED", "moneyText": "", "startDate": "2010-09-28", "ownership": "D"}, {"maxAge": 1, "shares": 65000, "filerUrl": "", "transactionText": "", "filerName": "Nanda (Nikhil)", "filerRelation": "Managing Director", "moneyText": "", "startDate": "2010-06-11", "ownership": "D"}, {"maxAge": 1, "shares": 91243, "filerUrl": "", "transactionText": "", "filerName": "Nanda (Nikhil)", "filerRelation": "Managing Director", "moneyText": "", "startDate": "2010-05-18", "ownership": "D"}, {"maxAge": 1, "shares": 60000, "filerUrl": "", "transactionText": "", "filerName": "Nanda (Nikhil)", "filerRelation": "Managing Director", "moneyText": "", "startDate": "2010-05-12", "ownership": "D"}, {"maxAge": 1, "shares": 800000, "filerUrl": "", "transactionText": "", "filerName": "Nanda (Sushma)", "filerRelation": "Promoter", "moneyText": "", "startDate": "2009-09-30", "ownership": "D"}, {"maxAge": 1, "shares": 550000, "filerUrl": "", "transactionText": "", "filerName": "Advent Advisory Services Pvt Ltd", "filerRelation": "Institution- Corporation", "moneyText": "", "startDate": "2009-09-30", "ownership": "D"}], "maxAge": 1}, "quoteType": {"exchange": "BSE", "quoteType": "EQUITY", "symbol": "JHS.BO", "underlyingSymbol": "JHS.BO", "shortName": "JHS SVENDGAARD LABORATORIES LT", "longName": "JHS Svendgaard Laboratories Limited", "firstTradeDateEpochUtc": "2006-10-23 09:15:00", "timeZoneFullName": "Asia/Kolkata", "timeZoneShortName": "IST", "uuid": "5d83a520-9107-3d92-9c97-557e9d3d758c", "gmtOffSetMilliseconds": 19800000, "maxAge": 1}, "incomeStatementHistory": {"incomeStatementHistory": [{"maxAge": 1, "endDate": "2020-03-31", "totalRevenue": 1416424000, "costOfRevenue": 1010913000, "grossProfit": 405511000, "researchDevelopment": {}, "sellingGeneralAdministrative": 190175000, "nonRecurring": {}, "otherOperatingExpenses": 156884000, "totalOperatingExpenses": 1445579000, "operatingIncome": -29155000, "totalOtherIncomeExpenseNet": -29275000, "ebit": -29155000, "interestExpense": -19525000, "incomeBeforeTax": -58430000, "incomeTaxExpense": -9880000, "minorityInterest": 65985000, "netIncomeFromContinuingOps": -48550000, "discontinuedOperations": {}, "extraordinaryItems": {}, "effectOfAccountingCharges": {}, "otherItems": {}, "netIncome": -19791000, "netIncomeApplicableToCommonShares": -19791000}, {"maxAge": 1, "endDate": "2019-03-31", "totalRevenue": 1268828000, "costOfRevenue": 886791000, "grossProfit": 382037000, "researchDevelopment": {}, "sellingGeneralAdministrative": 174729000, "nonRecurring": {}, "otherOperatingExpenses": 168261000, "totalOperatingExpenses": 1300659000, "operatingIncome": -31831000, "totalOtherIncomeExpenseNet": 11382000, "ebit": -31831000, "interestExpense": -10337000, "incomeBeforeTax": -20449000, "incomeTaxExpense": -3777000, "minorityInterest": 37931000, "netIncomeFromContinuingOps": -16672000, "discontinuedOperations": {}, "extraordinaryItems": {}, "effectOfAccountingCharges": {}, "otherItems": {}, "netIncome": -6806000, "netIncomeApplicableToCommonShares": -6806000}, {"maxAge": 1, "endDate": "2018-03-31", "totalRevenue": 1406180000, "costOfRevenue": 921353000, "grossProfit": 484827000, "researchDevelopment": {}, "sellingGeneralAdministrative": 148018000, "nonRecurring": {}, "otherOperatingExpenses": 193352000, "totalOperatingExpenses": 1330855000, "operatingIncome": 75325000, "totalOtherIncomeExpenseNet": 308909000, "ebit": 75325000, "interestExpense": -7375000, "incomeBeforeTax": 384234000, "incomeTaxExpense": 123691000, "minorityInterest": -1006000, "netIncomeFromContinuingOps": 260543000, "discontinuedOperations": {}, "extraordinaryItems": {}, "effectOfAccountingCharges": {}, "otherItems": {}, "netIncome": 261492000, "netIncomeApplicableToCommonShares": 261492000}, {"maxAge": 1, "endDate": "2017-03-31", "totalRevenue": 1050578000, "costOfRevenue": 682775000, "grossProfit": 367803000, "researchDevelopment": {}, "sellingGeneralAdministrative": 95355000, "nonRecurring": {}, "otherOperatingExpenses": 154836000, "totalOperatingExpenses": 996578000, "operatingIncome": 54000000, "totalOtherIncomeExpenseNet": -2632000, "ebit": 54000000, "interestExpense": -6180000, "incomeBeforeTax": 51368000, "incomeTaxExpense": -167991000, "minorityInterest": -57000, "netIncomeFromContinuingOps": 219359000, "discontinuedOperations": {}, "extraordinaryItems": {}, "effectOfAccountingCharges": {}, "otherItems": {}, "netIncome": 219367000, "netIncomeApplicableToCommonShares": 219367000}], "maxAge": 86400}, "fundOwnership": {"ownershipList": [], "maxAge": 1}, "summaryDetail": {"maxAge": 1, "priceHint": 2, "previousClose": 20.1, "open": 20.6, "dayLow": 19.95, "dayHigh": 20.65, "regularMarketPreviousClose": 20.1, "regularMarketOpen": 20.6, "regularMarketDayLow": 19.95, "regularMarketDayHigh": 20.65, "forwardPE": 13.311258, "volume": 7769, "regularMarketVolume": 7769, "averageVolume": 29090, "averageVolume10days": 37275, "averageDailyVolume10Day": 37275, "bid": 19.85, "ask": 20.2, "bidSize": 0, "askSize": 0, "marketCap": 1224100096, "fiftyTwoWeekLow": 6.67, "fiftyTwoWeekHigh": 28.1, "fiftyDayAverage": 23.86515, "twoHundredDayAverage": 19.751102, "currency": "INR", "fromCurrency": null, "lastMarket": null, "algorithm": null, "tradeable": false}, "sectorTrend": {"maxAge": 1, "symbol": null, "estimates": []}, "incomeStatementHistoryQuarterly": {"incomeStatementHistory": [{"maxAge": 1, "endDate": "2020-06-30", "totalRevenue": 167734000, "costOfRevenue": 156540000, "grossProfit": 11194000, "researchDevelopment": {}, "sellingGeneralAdministrative": 16214000, "nonRecurring": {}, "otherOperatingExpenses": 24140000, "totalOperatingExpenses": 215951000, "operatingIncome": -48217000, "totalOtherIncomeExpenseNet": 16328000, "ebit": -48217000, "interestExpense": -3251000, "incomeBeforeTax": -31889000, "incomeTaxExpense": -6866000, "minorityInterest": {}, "netIncomeFromContinuingOps": -25023000, "discontinuedOperations": {}, "extraordinaryItems": {}, "effectOfAccountingCharges": {}, "otherItems": {}, "netIncome": -25188000, "netIncomeApplicableToCommonShares": -25188000}, {"maxAge": 1, "endDate": "2020-03-31", "totalRevenue": 437832000, "costOfRevenue": 307813000, "grossProfit": 130019000, "researchDevelopment": {}, "sellingGeneralAdministrative": 88640000, "nonRecurring": {}, "otherOperatingExpenses": -15798000, "totalOperatingExpenses": 403616000, "operatingIncome": 34216000, "totalOtherIncomeExpenseNet": -72333000, "ebit": 34216000, "interestExpense": -2433000, "incomeBeforeTax": -38117000, "incomeTaxExpense": -12823000, "minorityInterest": 65985000, "netIncomeFromContinuingOps": -25294000, "discontinuedOperations": {}, "extraordinaryItems": {}, "effectOfAccountingCharges": {}, "otherItems": {}, "netIncome": -18156000, "netIncomeApplicableToCommonShares": -18156000}, {"maxAge": 1, "endDate": "2019-12-31", "totalRevenue": 367668000, "costOfRevenue": 269994000, "grossProfit": 97674000, "researchDevelopment": {}, "sellingGeneralAdministrative": 34653000, "nonRecurring": {}, "otherOperatingExpenses": 58614000, "totalOperatingExpenses": 385307000, "operatingIncome": -17639000, "totalOtherIncomeExpenseNet": 17253000, "ebit": -17639000, "interestExpense": -6192000, "incomeBeforeTax": -386000, "incomeTaxExpense": -4226000, "minorityInterest": 65985000, "netIncomeFromContinuingOps": 3840000, "discontinuedOperations": {}, "extraordinaryItems": {}, "effectOfAccountingCharges": {}, "otherItems": {}, "netIncome": 6689000, "netIncomeApplicableToCommonShares": 6689000}, {"maxAge": 1, "endDate": "2019-09-30", "totalRevenue": 357380000, "costOfRevenue": 261100000, "grossProfit": 96280000, "researchDevelopment": {}, "sellingGeneralAdministrative": 34440000, "nonRecurring": {}, "otherOperatingExpenses": 63550000, "totalOperatingExpenses": 380800000, "operatingIncome": -23420000, "totalOtherIncomeExpenseNet": 13610000, "ebit": -23420000, "interestExpense": -6240000, "incomeBeforeTax": -9810000, "incomeTaxExpense": 9620000, "minorityInterest": 65985000, "netIncomeFromContinuingOps": -19430000, "discontinuedOperations": {}, "extraordinaryItems": {}, "effectOfAccountingCharges": {}, "otherItems": {}, "netIncome": -19430000, "netIncomeApplicableToCommonShares": -19430000}], "maxAge": 86400}, "cashflowStatementHistoryQuarterly": {"cashflowStatements": [{"maxAge": 1, "endDate": "2020-06-30", "netIncome": -25188000, "changeToLiabilities": 0}, {"maxAge": 1, "endDate": "2020-03-31", "netIncome": -18156000, "changeToLiabilities": 0}, {"maxAge": 1, "endDate": "2019-12-31", "netIncome": 6689000, "changeToLiabilities": 0}, {"maxAge": 1, "endDate": "2019-09-30", "netIncome": -19430000, "changeToLiabilities": 0}], "maxAge": 86400}, "insiderHolders": {"holders": [{"maxAge": 1, "name": "Advent Advisory Services Pvt Ltd", "relation": "Institution- Corporation", "url": "", "transactionDescription": "Acquisition", "latestTransDate": "2009-09-30", "positionDirect": 1360000, "positionDirectDate": "2009-09-30"}, {"maxAge": 1, "name": "Nanda (Gopal Krishna)", "relation": "UNREPORTED", "url": "", "transactionDescription": "Acquisition", "latestTransDate": "2012-11-08", "positionDirect": 17927, "positionDirectDate": "2012-11-08"}, {"maxAge": 1, "name": "Nanda (Harish Chander)", "relation": "UNREPORTED", "url": "", "transactionDescription": "Acquisition", "latestTransDate": "2012-11-08", "positionDirect": 19730, "positionDirectDate": "2012-11-08"}, {"maxAge": 1, "name": "Nanda (Nikhil)", "relation": "Managing Director", "url": "", "transactionDescription": "Other", "latestTransDate": "2020-09-22", "positionDirect": 24310774, "positionDirectDate": "2020-09-22"}, {"maxAge": 1, "name": "Nanda (Sushma)", "relation": "Promoter", "url": "", "transactionDescription": "Acquisition", "latestTransDate": "2012-11-08", "positionDirect": 826460, "positionDirectDate": "2012-11-08"}, {"maxAge": 1, "name": "SBI Mutual Fund", "relation": "UNREPORTED", "url": "", "transactionDescription": "Acquisition", "latestTransDate": "2010-09-28", "positionDirect": 1115567, "positionDirectDate": "2010-09-28"}, {"maxAge": 1, "name": "SBIMF Magnum Sector Funds Umbrella Emerging Businesses Fund", "relation": "Management Subsidary of bank", "url": "", "transactionDescription": "Sale", "latestTransDate": "2011-07-04", "positionDirect": 598269, "positionDirectDate": "2011-07-04"}], "maxAge": 1}, "earnings": {"maxAge": 86400, "earningsChart": {"quarterly": [{"date": "3Q2017", "actual": 0.3, "estimate": 0.56}, {"date": "4Q2017", "actual": 0.41, "estimate": 0.31}], "currentQuarterEstimateDate": "1Q", "currentQuarterEstimateYear": 2018, "earningsDate": ["2020-09-15 05:30:S"]}, "financialsChart": {"yearly": [{"date": 2017, "revenue": 1050578000, "earnings": 219367000}, {"date": 2018, "revenue": 1406180000, "earnings": 261492000}, {"date": 2019, "revenue": 1268828000, "earnings": -6806000}, {"date": 2020, "revenue": 1416424000, "earnings": -19791000}], "quarterly": [{"date": "3Q2019", "revenue": 357380000, "earnings": -19430000}, {"date": "4Q2019", "revenue": 367668000, "earnings": 6689000}, {"date": "1Q2020", "revenue": 437832000, "earnings": -18156000}, {"date": "2Q2020", "revenue": 167734000, "earnings": -25188000}]}, "financialCurrency": "INR"}, "calendarEvents": {"maxAge": 1, "earnings": {"earningsDate": ["2020-09-15 05:30:S"], "revenueAverage": 399810000}}, "upgradeDowngradeHistory": {"history": [], "maxAge": 86400}, "price": {"maxAge": 1, "regularMarketChangePercent": 0.0, "regularMarketChange": 0.0, "regularMarketTime": "2021-04-30 15:29:32", "priceHint": 2, "regularMarketPrice": 20.1, "regularMarketDayHigh": 20.65, "regularMarketDayLow": 19.95, "regularMarketVolume": 7769, "averageDailyVolume10Day": 37275, "averageDailyVolume3Month": 29090, "regularMarketPreviousClose": 20.1, "regularMarketSource": "FREE_REALTIME", "regularMarketOpen": 20.6, "exchange": "BSE", "exchangeName": "BSE", "exchangeDataDelayedBy": 0, "marketState": "CLOSED", "quoteType": "EQUITY", "symbol": "JHS.BO", "underlyingSymbol": null, "shortName": "JHS SVENDGAARD LABORATORIES LT", "longName": "JHS Svendgaard Laboratories Limited", "currency": "INR", "quoteSourceName": "Delayed Quote", "currencySymbol": "\u20b9", "fromCurrency": null, "lastMarket": null, "marketCap": 1224100096}, "balanceSheetHistory": {"balanceSheetStatements": [{"maxAge": 1, "endDate": "2020-03-31", "cash": 6798000, "shortTermInvestments": 2505000, "netReceivables": 1046266000, "inventory": 56068000, "otherCurrentAssets": 123745000, "totalCurrentAssets": 1302233000, "longTermInvestments": 4182000, "propertyPlantEquipment": 715207000, "goodWill": 11069000, "intangibleAssets": 566000, "otherAssets": 375908000, "deferredLongTermAssetCharges": 113106000, "totalAssets": 2409165000, "accountsPayable": 361185000, "shortLongTermDebt": 3248000, "otherCurrentLiab": 50090000, "longTermDebt": 5179000, "otherLiab": 12230000, "deferredLongTermLiab": 3889000, "minorityInterest": 65985000, "totalCurrentLiabilities": 484473000, "totalLiab": 563195000, "commonStock": 609005000, "retainedEarnings": 152408000, "treasuryStock": 25500000, "capitalSurplus": 993072000, "otherStockholderEquity": 25500000, "totalStockholderEquity": 1779985000, "netTangibleAssets": 1768350000}, {"maxAge": 1, "endDate": "2019-03-31", "cash": 8054000, "shortTermInvestments": 2658000, "netReceivables": 669909000, "inventory": 90157000, "otherCurrentAssets": 193877000, "totalCurrentAssets": 1016399000, "longTermInvestments": 52326000, "propertyPlantEquipment": 744190000, "goodWill": 11069000, "intangibleAssets": 840000, "otherAssets": 387090000, "deferredLongTermAssetCharges": 83135000, "totalAssets": 2211914000, "accountsPayable": 232124000, "shortLongTermDebt": 13793000, "otherCurrentLiab": 32804000, "longTermDebt": 8105000, "otherLiab": 10327000, "deferredLongTermLiab": 1570000, "minorityInterest": 37931000, "totalCurrentLiabilities": 387098000, "totalLiab": 405530000, "commonStock": 609005000, "retainedEarnings": 173282000, "treasuryStock": 27725000, "capitalSurplus": 958441000, "otherStockholderEquity": 27725000, "totalStockholderEquity": 1768453000, "netTangibleAssets": 1756544000}, {"maxAge": 1, "endDate": "2018-03-31", "cash": 59304000, "shortTermInvestments": 3704000, "netReceivables": 575931000, "inventory": 95434000, "otherCurrentAssets": 110518000, "totalCurrentAssets": 1027423000, "longTermInvestments": 1230000, "propertyPlantEquipment": 718499000, "intangibleAssets": 737000, "otherAssets": 330594000, "deferredLongTermAssetCharges": 65404000, "totalAssets": 2078483000, "accountsPayable": 237225000, "shortLongTermDebt": 13880000, "otherCurrentLiab": 18094000, "longTermDebt": 11035000, "otherLiab": 8320000, "deferredLongTermLiab": 2335000, "minorityInterest": -1006000, "totalCurrentLiabilities": 317482000, "totalLiab": 336837000, "commonStock": 609005000, "retainedEarnings": 186615000, "treasuryStock": 24727000, "capitalSurplus": 922305000, "otherStockholderEquity": 24727000, "totalStockholderEquity": 1742652000, "netTangibleAssets": 1741915000}, {"maxAge": 1, "endDate": "2017-03-31", "cash": 55148000, "shortTermInvestments": 1969000, "netReceivables": 171350000, "inventory": 107244000, "otherCurrentAssets": 79297000, "totalCurrentAssets": 425514000, "longTermInvestments": 1000, "propertyPlantEquipment": 656169000, "intangibleAssets": 580000, "otherAssets": 470249000, "deferredLongTermAssetCharges": 168352000, "totalAssets": 1552513000, "accountsPayable": 139712000, "shortLongTermDebt": 15662000, "otherCurrentLiab": 13939000, "longTermDebt": 6465000, "otherLiab": 5713000, "deferredLongTermLiab": 1286000, "minorityInterest": -57000, "totalCurrentLiabilities": 196625000, "totalLiab": 208803000, "commonStock": 441205000, "retainedEarnings": -73422000, "treasuryStock": 70340000, "capitalSurplus": 905644000, "otherStockholderEquity": 70340000, "totalStockholderEquity": 1343767000, "netTangibleAssets": 1343187000}], "maxAge": 86400}, "earningsTrend": {"trend": [{"maxAge": 1, "period": "0q", "endDate": "2018-03-31", "growth": {}, "earningsEstimate": {"avg": 0.0, "low": 0.0, "high": 0.0, "yearAgoEps": {}, "numberOfAnalysts": 0, "growth": {}}, "revenueEstimate": {"avg": 399810000, "low": 0, "high": 0, "numberOfAnalysts": 0, "yearAgoRevenue": {}, "growth": {}}, "epsTrend": {"current": 0.0, "7daysAgo": 0.0, "30daysAgo": 0.0, "60daysAgo": 0.0, "90daysAgo": 0.0}, "epsRevisions": {"upLast7days": 0, "upLast30days": 0, "downLast30days": 0, "downLast90days": {}}}, {"maxAge": 1, "period": "+1q", "endDate": "2018-06-30", "growth": {}, "earningsEstimate": {"avg": 0.0, "low": 0.0, "high": 0.0, "yearAgoEps": {}, "numberOfAnalysts": 0, "growth": {}}, "revenueEstimate": {"avg": 213273000, "low": 0, "high": 0, "numberOfAnalysts": 0, "yearAgoRevenue": {}, "growth": {}}, "epsTrend": {"current": 0.0, "7daysAgo": 0.0, "30daysAgo": 0.0, "60daysAgo": 0.0, "90daysAgo": 0.0}, "epsRevisions": {"upLast7days": 0, "upLast30days": 0, "downLast30days": 0, "downLast90days": {}}}, {"maxAge": 1, "period": "0y", "endDate": "2018-03-31", "growth": {}, "earningsEstimate": {"avg": 0.0, "low": 0.0, "high": 0.0, "yearAgoEps": {}, "numberOfAnalysts": 0, "growth": {}}, "revenueEstimate": {"avg": 1402920000, "low": 1238320000, "high": 1238320000, "numberOfAnalysts": 1, "yearAgoRevenue": {}, "growth": {}}, "epsTrend": {"current": 0.0, "7daysAgo": 4.08, "30daysAgo": 4.08, "60daysAgo": 4.08, "90daysAgo": 4.08}, "epsRevisions": {"upLast7days": 0, "upLast30days": 0, "downLast30days": 0, "downLast90days": {}}}, {"maxAge": 1, "period": "+1y", "endDate": "2019-03-31", "growth": {}, "earningsEstimate": {"avg": 0.0, "low": 0.0, "high": 0.0, "yearAgoEps": {}, "numberOfAnalysts": 0, "growth": {}}, "revenueEstimate": {"avg": 1473600000, "low": 1473600000, "high": 1473600000, "numberOfAnalysts": 1, "yearAgoRevenue": 1402920000, "growth": 0.05}, "epsTrend": {"current": 0.0, "7daysAgo": 1.51, "30daysAgo": 1.51, "60daysAgo": 1.51, "90daysAgo": 1.51}, "epsRevisions": {"upLast7days": 0, "upLast30days": 0, "downLast30days": 0, "downLast90days": {}}}, {"maxAge": 1, "period": "+5y", "endDate": null, "growth": {}, "earningsEstimate": {"avg": {}, "low": {}, "high": {}, "yearAgoEps": {}, "numberOfAnalysts": {}, "growth": {}}, "revenueEstimate": {"avg": {}, "low": {}, "high": {}, "numberOfAnalysts": {}, "yearAgoRevenue": {}, "growth": {}}, "epsTrend": {"current": {}, "7daysAgo": {}, "30daysAgo": {}, "60daysAgo": {}, "90daysAgo": {}}, "epsRevisions": {"upLast7days": {}, "upLast30days": {}, "downLast30days": {}, "downLast90days": {}}}, {"maxAge": 1, "period": "-5y", "endDate": null, "growth": {}, "earningsEstimate": {"avg": {}, "low": {}, "high": {}, "yearAgoEps": {}, "numberOfAnalysts": {}, "growth": {}}, "revenueEstimate": {"avg": {}, "low": {}, "high": {}, "numberOfAnalysts": {}, "yearAgoRevenue": {}, "growth": {}}, "epsTrend": {"current": {}, "7daysAgo": {}, "30daysAgo": {}, "60daysAgo": {}, "90daysAgo": {}}, "epsRevisions": {"upLast7days": {}, "upLast30days": {}, "downLast30days": {}, "downLast90days": {}}}], "maxAge": 1}, "financialData": {"maxAge": 86400, "currentPrice": 20.1, "recommendationKey": "none", "grossProfits": 405511000, "financialCurrency": "INR"}}}