{"JIKIND.NS": {"assetProfile": {"address1": "Pada No.3", "address2": "Balkum Thane (West)", "city": "Thane", "zip": "400608", "country": "India", "phone": "91 22 2542 6356", "fax": "91 22 2542 6349", "website": "http://www.jik.co.in", "industry": "Furnishings, Fixtures & Appliances", "sector": "Consumer Cyclical", "longBusinessSummary": "JIK Industries Limited, together with its subsidiaries, manufactures, markets, and trades in crystal, glass, and allied products in India. It offers utility products, such as glasses/tumblers, stemware/wine goblets, beer glasses/mugs, decanters, jars/jugs, bowls, plates/dishes, ashtrays/coasters, napkin rings and holders, and ice buckets. The company also provides decorative products, including trophies, rocks, flowers/trees, vases, clocks, paper weights, candle holders, pendants, and art pieces, as well as figurines of birds, animals, fruits, and vegetables. The company was formerly known as Krishna Finstock Pvt. Ltd. JIK Industries Limited was incorporated in 1990 and is based in Thane, India.", "companyOfficers": [{"maxAge": 1, "name": "Mr. Rajendra Gulabrai Parikh", "title": "Chairman & MD", "exercisedValue": 0, "unexercisedValue": 0}, {"maxAge": 1, "name": "Mr. Surendra C. Gurav", "age": 56, "title": "CFO & Exec. Director", "yearBorn": 1964, "exercisedValue": 0, "unexercisedValue": 0}, {"maxAge": 1, "name": "Mr. Akash  Jain", "title": "Company Sec. & Compliance Officer", "fiscalYear": 2020, "totalPay": 468000, "exercisedValue": 0, "unexercisedValue": 0}], "compensationAsOfEpochDate": "2020-12-31 05:30:00", "maxAge": 86400}, "cashflowStatementHistory": {"cashflowStatements": [{"maxAge": 1, "endDate": "2020-03-31", "netIncome": -5312807, "depreciation": 2544012, "changeToNetincome": -24145, "changeToAccountReceivables": 8888, "changeToLiabilities": -326495, "changeToInventory": 1037519, "changeToOperatingActivities": -5727516, "totalCashFromOperatingActivities": -7800544, "netBorrowings": 7769215, "totalCashFromFinancingActivities": 7769215, "changeInCash": -31329}, {"maxAge": 1, "endDate": "2019-03-31", "netIncome": -12832988, "depreciation": 2539944, "changeToNetincome": 187769, "changeToAccountReceivables": -1218, "changeToLiabilities": 195252, "changeToInventory": -1023345, "changeToOperatingActivities": 2514140, "totalCashFromOperatingActivities": -8420446, "capitalExpenditures": -1139165, "totalCashflowsFromInvestingActivities": 370430, "netBorrowings": 8120193, "totalCashFromFinancingActivities": 8120193, "changeInCash": 70177}, {"maxAge": 1, "endDate": "2018-03-31", "netIncome": -15601186, "depreciation": 2338506, "changeToNetincome": -1, "changeToAccountReceivables": 297498, "changeToLiabilities": -133061, "changeToInventory": -655315, "changeToOperatingActivities": -1715166, "totalCashFromOperatingActivities": -15468725, "capitalExpenditures": -643500, "totalCashflowsFromInvestingActivities": -643500, "netBorrowings": 15868536, "totalCashFromFinancingActivities": 15868536, "changeInCash": -243688}, {"maxAge": 1, "endDate": "2017-03-31", "netIncome": -15179382, "depreciation": 3219999, "changeToNetincome": 4298614, "changeToAccountReceivables": -294777, "changeToLiabilities": -336223, "changeToInventory": 239410, "changeToOperatingActivities": -1611741, "totalCashFromOperatingActivities": -9664100, "capitalExpenditures": -643500, "totalCashflowsFromInvestingActivities": -643500, "netBorrowings": 9874312, "totalCashFromFinancingActivities": 9874312, "changeInCash": 210212}], "maxAge": 86400}, "institutionOwnership": {"maxAge": 1, "ownershipList": []}, "majorHoldersBreakdown": {"maxAge": 1, "insidersPercentHeld": 0.52589, "institutionsPercentHeld": 0.0, "institutionsFloatPercentHeld": 0.0, "institutionsCount": 0}, "balanceSheetHistoryQuarterly": {"balanceSheetStatements": [{"maxAge": 1, "endDate": "2020-12-31", "totalStockholderEquity": -233533000, "netTangibleAssets": -233533000}, {"maxAge": 1, "endDate": "2020-09-30", "cash": 226000, "netReceivables": 260000, "inventory": 1144000, "otherCurrentAssets": 2546000, "totalCurrentAssets": 4176000, "longTermInvestments": 242334000, "propertyPlantEquipment": 783514000, "otherAssets": 1414000, "totalAssets": 1031438000, "shortLongTermDebt": 71191000, "otherCurrentLiab": 59148000, "otherLiab": 1124613000, "minorityInterest": 9539000, "totalCurrentLiabilities": 130819000, "totalLiab": 1255432000, "commonStock": 726410000, "treasuryStock": -959943000, "otherStockholderEquity": -959943000, "totalStockholderEquity": -233533000, "netTangibleAssets": -233533000}, {"maxAge": 1, "endDate": "2020-06-30", "totalStockholderEquity": -232556000, "netTangibleAssets": -232556000}, {"maxAge": 1, "endDate": "2020-03-31", "cash": 237046, "netReceivables": 259947, "inventory": 1144276, "otherCurrentAssets": 1358718, "totalCurrentAssets": 2999987, "longTermInvestments": 251708, "propertyPlantEquipment": 784794372, "otherAssets": 243495595, "totalAssets": 1031541662, "shortLongTermDebt": 69691612, "otherCurrentLiab": 11146000, "otherLiab": 1124615204, "minorityInterest": 9538715, "totalCurrentLiabilities": 129943833, "totalLiab": 1254559037, "commonStock": 726409510, "retainedEarnings": -2466635784, "treasuryStock": 686985097, "capitalSurplus": 820685087, "otherStockholderEquity": 686985097, "totalStockholderEquity": -232556090, "netTangibleAssets": -232556090}], "maxAge": 86400}, "indexTrend": {"maxAge": 1, "symbol": "SP5", "peRatio": 19.7411, "pegRatio": 1.34172, "estimates": [{"period": "0q", "growth": 0.549}, {"period": "+1q", "growth": 0.431}, {"period": "0y", "growth": 0.305}, {"period": "+1y", "growth": 0.109}, {"period": "+5y", "growth": 0.120865}, {"period": "-5y"}]}, "defaultKeyStatistics": {"maxAge": 1, "priceHint": 4, "enterpriseValue": 120456520, "profitMargins": 0.0, "floatShares": 22460582, "sharesOutstanding": 72641000, "heldPercentInsiders": 0.52589, "heldPercentInstitutions": 0.0, "beta": 0.62814, "impliedSharesOutstanding": 72646096, "category": null, "bookValue": -3.201, "fundFamily": null, "legalType": null, "lastFiscalYearEnd": "2020-03-31 05:30:00", "nextFiscalYearEnd": "2022-03-31 05:30:00", "mostRecentQuarter": "2020-12-31 05:30:00", "netIncomeToCommon": -3799107, "trailingEps": -0.073, "lastSplitFactor": null, "enterpriseToRevenue": 177.796, "enterpriseToEbitda": -96.68, "52WeekChange": 0.57142854, "SandP52WeekChange": 0.48148263}, "summaryProfile": {"address1": "Pada No.3", "address2": "Balkum Thane (West)", "city": "Thane", "zip": "400608", "country": "India", "phone": "91 22 2542 6356", "fax": "91 22 2542 6349", "website": "http://www.jik.co.in", "industry": "Furnishings, Fixtures & Appliances", "sector": "Consumer Cyclical", "longBusinessSummary": "JIK Industries Limited, together with its subsidiaries, manufactures, markets, and trades in crystal, glass, and allied products in India. It offers utility products, such as glasses/tumblers, stemware/wine goblets, beer glasses/mugs, decanters, jars/jugs, bowls, plates/dishes, ashtrays/coasters, napkin rings and holders, and ice buckets. The company also provides decorative products, including trophies, rocks, flowers/trees, vases, clocks, paper weights, candle holders, pendants, and art pieces, as well as figurines of birds, animals, fruits, and vegetables. The company was formerly known as Krishna Finstock Pvt. Ltd. JIK Industries Limited was incorporated in 1990 and is based in Thane, India.", "companyOfficers": [], "maxAge": 86400}, "netSharePurchaseActivity": {"maxAge": 1, "period": "6m", "buyInfoCount": 0, "buyInfoShares": 0, "sellInfoCount": 0, "netInfoCount": 0, "netInfoShares": 0, "netPercentInsiderShares": 0.0, "totalInsiderShares": 38201148}, "insiderTransactions": {"transactions": [{"maxAge": 1, "shares": 675000, "filerUrl": "", "transactionText": "", "filerName": "Parikh (Jagruti Rajendra)", "filerRelation": "Promoter", "moneyText": "", "startDate": "2017-03-21", "ownership": "D"}, {"maxAge": 1, "shares": 700000, "filerUrl": "", "transactionText": "", "filerName": "Jagruti Securities Ltd", "filerRelation": "Promoter", "moneyText": "", "startDate": "2017-03-21", "ownership": "D"}, {"maxAge": 1, "shares": 600000, "filerUrl": "", "transactionText": "", "filerName": "Parikh (Jagruti Rajendra)", "filerRelation": "Promoter", "moneyText": "", "startDate": "2016-05-11", "ownership": "D"}, {"maxAge": 1, "shares": 1000000, "filerUrl": "", "transactionText": "", "filerName": "Parikh (Jagruti Rajendra)", "filerRelation": "Promoter", "moneyText": "", "startDate": "2016-04-25", "ownership": "D"}, {"maxAge": 1, "shares": 900000, "filerUrl": "", "transactionText": "", "filerName": "Parikh (Jagruti Rajendra)", "filerRelation": "Promoter", "moneyText": "", "startDate": "2016-04-20", "ownership": "D"}, {"maxAge": 1, "shares": 1100000, "filerUrl": "", "transactionText": "", "filerName": "Parikh (Jagruti Rajendra)", "filerRelation": "Promoter", "moneyText": "", "startDate": "2016-03-23", "ownership": "D"}, {"maxAge": 1, "shares": 2500000, "filerUrl": "", "transactionText": "", "filerName": "Jagruti Securities Ltd", "filerRelation": "Promoter", "moneyText": "", "startDate": "2016-03-23", "ownership": "D"}, {"maxAge": 1, "shares": 3600000, "filerUrl": "", "transactionText": "", "filerName": "Parikh (Jagruti Rajendra)", "filerRelation": "Promoter", "moneyText": "", "startDate": "2015-03-31", "ownership": "D"}, {"maxAge": 1, "shares": 3600000, "filerUrl": "", "transactionText": "", "filerName": "Parikh (Rajendra G)", "filerRelation": "Executive Chairman", "moneyText": "", "startDate": "2015-03-31", "ownership": "D"}, {"maxAge": 1, "shares": 34529, "filerUrl": "", "transactionText": "", "filerName": "Parikh (Rajendra G)", "filerRelation": "Executive Chairman", "moneyText": "", "startDate": "2013-06-14", "ownership": "D"}, {"maxAge": 1, "shares": 34529, "filerUrl": "", "transactionText": "", "filerName": "Parikh (Jagruti Rajendra)", "filerRelation": "Promoter", "moneyText": "", "startDate": "2013-06-14", "ownership": "D"}, {"maxAge": 1, "shares": 10000000, "filerUrl": "", "transactionText": "", "filerName": "Korpus Financial Services Pvt Ltd", "filerRelation": "Promoter", "moneyText": "", "startDate": "2013-06-12", "ownership": "D"}, {"maxAge": 1, "shares": 0, "filerUrl": "", "transactionText": "", "filerName": "Korpus Financial Services Pvt Ltd", "filerRelation": "Promoter", "moneyText": "", "startDate": "2013-06-12", "ownership": "I"}, {"maxAge": 1, "shares": 9177674, "filerUrl": "", "transactionText": "", "filerName": "Parikh (Rajendra G)", "filerRelation": "Executive Chairman", "moneyText": "", "startDate": "2013-02-05", "ownership": "D"}, {"maxAge": 1, "shares": 9177674, "filerUrl": "", "transactionText": "", "filerName": "Parikh (Jagruti Rajendra)", "filerRelation": "Promoter", "moneyText": "", "startDate": "2013-02-05", "ownership": "D"}], "maxAge": 1}, "quoteType": {"exchange": "NSI", "quoteType": "EQUITY", "symbol": "JIKIND.NS", "underlyingSymbol": "JIKIND.NS", "shortName": "JIK INDUSTRIES", "longName": "JIK Industries Limited", "firstTradeDateEpochUtc": "2008-01-01 09:15:00", "timeZoneFullName": "Asia/Kolkata", "timeZoneShortName": "IST", "uuid": "2655d24e-ce3c-3f37-abf5-ae28b6b9a05f", "messageBoardId": "finmb_20346001", "gmtOffSetMilliseconds": 19800000, "maxAge": 1}, "incomeStatementHistory": {"incomeStatementHistory": [{"maxAge": 1, "endDate": "2020-03-31", "totalRevenue": 1536998, "costOfRevenue": 1039390, "grossProfit": 497608, "researchDevelopment": {}, "sellingGeneralAdministrative": 5885435, "nonRecurring": {}, "otherOperatingExpenses": -2631643, "totalOperatingExpenses": 6837194, "operatingIncome": -5300196, "totalOtherIncomeExpenseNet": -12611, "ebit": -5300196, "interestExpense": -10816, "incomeBeforeTax": -5312807, "incomeTaxExpense": 0, "minorityInterest": 9538715, "netIncomeFromContinuingOps": -5312807, "discontinuedOperations": {}, "extraordinaryItems": {}, "effectOfAccountingCharges": {}, "otherItems": {}, "netIncome": -5312807, "netIncomeApplicableToCommonShares": -5312807}, {"maxAge": 1, "endDate": "2019-03-31", "totalRevenue": 2243491, "costOfRevenue": 201899, "grossProfit": 2041592, "researchDevelopment": {}, "sellingGeneralAdministrative": 6021762, "nonRecurring": {}, "otherOperatingExpenses": 6372053, "totalOperatingExpenses": 15135658, "operatingIncome": -12892167, "totalOtherIncomeExpenseNet": 9179, "ebit": -12892167, "interestExpense": -10816, "incomeBeforeTax": -12882988, "incomeTaxExpense": 0, "minorityInterest": 9538715, "netIncomeFromContinuingOps": -12882988, "discontinuedOperations": 50000, "extraordinaryItems": {}, "effectOfAccountingCharges": {}, "otherItems": {}, "netIncome": -12832988, "netIncomeApplicableToCommonShares": -12832988}, {"maxAge": 1, "endDate": "2018-03-31", "totalRevenue": 3274628, "costOfRevenue": 344486, "grossProfit": 2930142, "researchDevelopment": {}, "sellingGeneralAdministrative": 6962252, "nonRecurring": {}, "otherOperatingExpenses": 9226606, "totalOperatingExpenses": 18871850, "operatingIncome": -15597222, "totalOtherIncomeExpenseNet": -3964, "ebit": -15597222, "interestExpense": -40723, "incomeBeforeTax": -15601186, "incomeTaxExpense": 0, "minorityInterest": 9538715, "netIncomeFromContinuingOps": -15601186, "discontinuedOperations": 50000, "extraordinaryItems": {}, "effectOfAccountingCharges": {}, "otherItems": {}, "netIncome": -15601186, "netIncomeApplicableToCommonShares": -15601186}, {"maxAge": 1, "endDate": "2017-03-31", "totalRevenue": 12347211, "costOfRevenue": 4650704, "grossProfit": 7696507, "researchDevelopment": {}, "sellingGeneralAdministrative": 10870802, "nonRecurring": {}, "otherOperatingExpenses": 8830883, "totalOperatingExpenses": 27572388, "operatingIncome": -15225177, "totalOtherIncomeExpenseNet": 15795, "ebit": -15225177, "interestExpense": -40723, "incomeBeforeTax": -15209382, "incomeTaxExpense": -30000, "minorityInterest": 9148636, "netIncomeFromContinuingOps": -15179382, "discontinuedOperations": 50000, "extraordinaryItems": {}, "effectOfAccountingCharges": {}, "otherItems": {}, "netIncome": -15179382, "netIncomeApplicableToCommonShares": -15179382}], "maxAge": 86400}, "fundOwnership": {"maxAge": 1, "ownershipList": []}, "summaryDetail": {"maxAge": 1, "priceHint": 4, "previousClose": 0.55, "open": 0.55, "dayLow": 0.5, "dayHigh": 0.6, "regularMarketPreviousClose": 0.55, "regularMarketOpen": 0.55, "regularMarketDayLow": 0.5, "regularMarketDayHigh": 0.6, "payoutRatio": 0.0, "beta": 0.62814, "volume": 175176, "regularMarketVolume": 175176, "averageVolume": 23538, "averageVolume10days": 40693, "averageDailyVolume10Day": 40693, "bid": 0.0, "ask": 0.0, "bidSize": 0, "askSize": 0, "marketCap": 36323044, "fiftyTwoWeekLow": 0.25, "fiftyTwoWeekHigh": 0.95, "priceToSalesTrailing12Months": 53.613506, "fiftyDayAverage": 0.5530303, "twoHundredDayAverage": 0.57340425, "currency": "INR", "fromCurrency": null, "toCurrency": null, "lastMarket": null, "algorithm": null, "tradeable": false}, "incomeStatementHistoryQuarterly": {"incomeStatementHistory": [{"maxAge": 1, "endDate": "2020-12-31", "totalRevenue": 37500, "costOfRevenue": 0, "grossProfit": 37500, "researchDevelopment": {}, "sellingGeneralAdministrative": 300, "nonRecurring": {}, "otherOperatingExpenses": 357900, "totalOperatingExpenses": 957300, "operatingIncome": -919800, "totalOtherIncomeExpenseNet": 2400, "ebit": -919800, "interestExpense": {}, "incomeBeforeTax": -917400, "incomeTaxExpense": 0, "minorityInterest": {}, "netIncomeFromContinuingOps": -917400, "discontinuedOperations": {}, "extraordinaryItems": {}, "effectOfAccountingCharges": {}, "otherItems": {}, "netIncome": -917300, "netIncomeApplicableToCommonShares": -917300}, {"maxAge": 1, "endDate": "2020-09-30", "totalRevenue": 106000, "costOfRevenue": 0, "grossProfit": 106000, "researchDevelopment": {}, "sellingGeneralAdministrative": 300, "nonRecurring": {}, "otherOperatingExpenses": -630000, "totalOperatingExpenses": 79000, "operatingIncome": 27000, "totalOtherIncomeExpenseNet": -1000, "ebit": 27000, "interestExpense": -1000, "incomeBeforeTax": 26000, "incomeTaxExpense": 0, "minorityInterest": 9539000, "netIncomeFromContinuingOps": 26000, "discontinuedOperations": {}, "extraordinaryItems": {}, "effectOfAccountingCharges": {}, "otherItems": {}, "netIncome": 26000, "netIncomeApplicableToCommonShares": 26000}, {"maxAge": 1, "endDate": "2020-06-30", "totalRevenue": 0, "costOfRevenue": 0, "grossProfit": 0, "researchDevelopment": {}, "sellingGeneralAdministrative": 300, "nonRecurring": {}, "otherOperatingExpenses": 431000, "totalOperatingExpenses": 1002000, "operatingIncome": -1002000, "totalOtherIncomeExpenseNet": -2000, "ebit": -1002000, "interestExpense": -2000, "incomeBeforeTax": -1004000, "incomeTaxExpense": 0, "minorityInterest": 9539000, "netIncomeFromContinuingOps": -1004000, "discontinuedOperations": {}, "extraordinaryItems": {}, "effectOfAccountingCharges": {}, "otherItems": {}, "netIncome": -1004000, "netIncomeApplicableToCommonShares": -1004000}, {"maxAge": 1, "endDate": "2020-03-31", "totalRevenue": 533998, "costOfRevenue": 337390, "grossProfit": 196608, "researchDevelopment": {}, "sellingGeneralAdministrative": 1798435, "nonRecurring": {}, "otherOperatingExpenses": -2188643, "totalOperatingExpenses": 2432194, "operatingIncome": -1898196, "totalOtherIncomeExpenseNet": -5611, "ebit": -1898196, "interestExpense": -3816, "incomeBeforeTax": -1903807, "incomeTaxExpense": 0, "minorityInterest": 9538715, "netIncomeFromContinuingOps": -1903807, "discontinuedOperations": {}, "extraordinaryItems": {}, "effectOfAccountingCharges": {}, "otherItems": {}, "netIncome": -1903807, "netIncomeApplicableToCommonShares": -1903807}], "maxAge": 86400}, "cashflowStatementHistoryQuarterly": {"cashflowStatements": [{"maxAge": 1, "endDate": "2020-12-31", "netIncome": -917300, "changeToLiabilities": 0}, {"maxAge": 1, "endDate": "2020-09-30", "netIncome": 26000, "changeToLiabilities": 0}, {"maxAge": 1, "endDate": "2020-06-30", "netIncome": -1004000, "changeToLiabilities": 0}, {"maxAge": 1, "endDate": "2020-03-31", "netIncome": -1903807, "changeToLiabilities": 0}], "maxAge": 86400}, "insiderHolders": {"holders": [{"maxAge": 1, "name": "Jagruti Securities Ltd", "relation": "Promoter", "url": "", "transactionDescription": "Sale", "latestTransDate": "2017-03-21", "positionDirect": 10300000, "positionDirectDate": "2017-03-21"}, {"maxAge": 1, "name": "Korpus Financial Services Pvt Ltd", "relation": "Promoter", "url": "", "transactionDescription": "Sale", "latestTransDate": "2013-06-12", "positionDirect": 1500000, "positionDirectDate": "2013-06-12"}, {"maxAge": 1, "name": "Parikh (Jagruti Rajendra)", "relation": "Promoter", "url": "", "transactionDescription": "Purchase", "latestTransDate": "2017-03-21", "positionDirect": 14933785, "positionDirectDate": "2017-03-21"}, {"maxAge": 1, "name": "Parikh (Rajendra G)", "relation": "Executive Chairman", "url": "", "transactionDescription": "Other", "latestTransDate": "2015-03-31", "positionDirect": 5300900, "positionDirectDate": "2015-03-31"}], "maxAge": 1}, "calendarEvents": {"maxAge": 1, "earnings": {"earningsDate": []}}, "price": {"maxAge": 1, "regularMarketChangePercent": 0.0, "regularMarketChange": 0.0, "regularMarketTime": "2021-04-30 15:08:18", "priceHint": 4, "regularMarketPrice": 0.55, "regularMarketDayHigh": 0.6, "regularMarketDayLow": 0.5, "regularMarketVolume": 175176, "averageDailyVolume10Day": 40693, "averageDailyVolume3Month": 23538, "regularMarketPreviousClose": 0.55, "regularMarketSource": "FREE_REALTIME", "regularMarketOpen": 0.55, "exchange": "NSI", "exchangeName": "NSE", "exchangeDataDelayedBy": 15, "marketState": "CLOSED", "quoteType": "EQUITY", "symbol": "JIKIND.NS", "underlyingSymbol": null, "shortName": "JIK INDUSTRIES", "longName": "JIK Industries Limited", "currency": "INR", "quoteSourceName": "Delayed Quote", "currencySymbol": "\u20b9", "fromCurrency": null, "toCurrency": null, "lastMarket": null, "marketCap": 36323044}, "balanceSheetHistory": {"balanceSheetStatements": [{"maxAge": 1, "endDate": "2020-03-31", "cash": 237046, "netReceivables": 259947, "inventory": 1144276, "otherCurrentAssets": 1358718, "totalCurrentAssets": 2999987, "longTermInvestments": 251708, "propertyPlantEquipment": 784794372, "otherAssets": 243495595, "totalAssets": 1031541662, "shortLongTermDebt": 69691612, "otherCurrentLiab": 11146000, "otherLiab": 1124615204, "minorityInterest": 9538715, "totalCurrentLiabilities": 129943833, "totalLiab": 1254559037, "commonStock": 726409510, "retainedEarnings": -2466635784, "treasuryStock": 686985097, "capitalSurplus": 820685087, "otherStockholderEquity": 686985097, "totalStockholderEquity": -232556090, "netTangibleAssets": -232556090}, {"maxAge": 1, "endDate": "2019-03-31", "cash": 268374, "netReceivables": 248864, "inventory": 2181795, "otherCurrentAssets": 3073645, "totalCurrentAssets": 5772678, "longTermInvestments": 251708, "propertyPlantEquipment": 787338384, "otherAssets": 241554030, "totalAssets": 1034916800, "accountsPayable": 331969, "shortLongTermDebt": 63389232, "otherCurrentLiab": 13500099, "otherLiab": 1124309844, "minorityInterest": 9538715, "totalCurrentLiabilities": 130346721, "totalLiab": 1254656565, "commonStock": 726409510, "retainedEarnings": -2461298836, "treasuryStock": 684925756, "capitalSurplus": 820685087, "otherStockholderEquity": 684925756, "totalStockholderEquity": -229278483, "netTangibleAssets": -229278483}, {"maxAge": 1, "endDate": "2018-03-31", "cash": 198196, "netReceivables": 256092, "inventory": 1158450, "otherCurrentAssets": 2710737, "totalCurrentAssets": 4323475, "longTermInvestments": 251708, "propertyPlantEquipment": 790248758, "otherAssets": 240159229, "totalAssets": 1034983170, "accountsPayable": 112213, "shortLongTermDebt": 3917686, "otherCurrentLiab": 13980000, "otherLiab": 1123020957, "minorityInterest": 9538715, "totalCurrentLiabilities": 119056759, "totalLiab": 1242077716, "commonStock": 726409510, "retainedEarnings": -2448653614, "treasuryStock": 684925756, "capitalSurplus": 820685087, "otherStockholderEquity": 684925756, "totalStockholderEquity": -216633261, "netTangibleAssets": -216633261}, {"maxAge": 1, "endDate": "2017-03-31", "cash": 441886, "shortTermInvestments": 356839, "netReceivables": 321144, "inventory": 503135, "otherCurrentAssets": 305027, "totalCurrentAssets": 1954148, "longTermInvestments": 251708, "propertyPlantEquipment": 768907063, "otherAssets": 240023190, "totalAssets": 1011136109, "accountsPayable": 28350, "shortLongTermDebt": 3934487, "otherCurrentLiab": 905596208, "longTermDebt": 84005, "otherLiab": 231150752, "minorityInterest": 9148636, "totalCurrentLiabilities": 994431414, "totalLiab": 1225666171, "commonStock": 726409510, "retainedEarnings": -2433052428, "treasuryStock": 662279133, "capitalSurplus": 820685087, "otherStockholderEquity": 662279133, "totalStockholderEquity": -223678698, "netTangibleAssets": -223678698}], "maxAge": 86400}, "financialData": {"maxAge": 86400, "currentPrice": 0.55, "recommendationKey": "none", "totalCash": 226000, "totalCashPerShare": 0.003, "ebitda": -1245933, "totalDebt": 71191000, "totalRevenue": 677498, "revenuePerShare": 0.021, "grossProfits": 497608, "revenueGrowth": -0.925, "grossMargins": 0.50200003, "ebitdaMargins": -1.8390199, "operatingMargins": -5.5985303, "profitMargins": 0.0, "financialCurrency": "INR"}}}