{"JINDALPHOT.NS": {"assetProfile": {"address1": "Local Shopping Complex", "address2": "Plot No. 12, Sector B -1 Vasant Kunj", "city": "New Delhi", "zip": "110070", "country": "India", "phone": "91 11 4032 2100", "fax": "91 11 4032 2129", "website": "http://www.jindalphoto.com", "industry": "Asset Management", "sector": "Financial Services", "longBusinessSummary": "Jindal Photo Limited primarily invests in the shares of companies in India. It also provides management consultancy services. The company was incorporated in 2004 and is headquartered in New Delhi, India.", "fullTimeEmployees": 2, "companyOfficers": [{"maxAge": 1, "name": "Mr. Manoj Kumar Rastogi", "age": 56, "title": "MD & Director", "yearBorn": 1964, "fiscalYear": 2020, "totalPay": 18000, "exercisedValue": 0, "unexercisedValue": 0}, {"maxAge": 1, "name": "Mr. Vinay  Jain", "age": 43, "title": "Chief Financial Officer", "yearBorn": 1977, "exercisedValue": 0, "unexercisedValue": 0}, {"maxAge": 1, "name": "Mr. Ashok Kumar Yadav", "age": 47, "title": "Compliance Officer & Company Sec.", "yearBorn": 1973, "exercisedValue": 0, "unexercisedValue": 0}], "compensationAsOfEpochDate": "2020-12-31 05:30:00", "maxAge": 86400}, "recommendationTrend": {"trend": [{"period": "0m", "strongBuy": 0, "buy": 0, "hold": 0, "sell": 0, "strongSell": 0}, {"period": "-1m", "strongBuy": 0, "buy": 0, "hold": 0, "sell": 0, "strongSell": 0}, {"period": "-2m", "strongBuy": 0, "buy": 0, "hold": 0, "sell": 0, "strongSell": 0}, {"period": "-3m", "strongBuy": 0, "buy": 0, "hold": 0, "sell": 0, "strongSell": 0}], "maxAge": 86400}, "cashflowStatementHistory": {"cashflowStatements": [{"maxAge": 1, "endDate": "2020-03-31", "netIncome": -33956000, "depreciation": 481000, "changeToNetincome": 3013000, "changeToLiabilities": 0, "changeToOperatingActivities": -378000, "totalCashFromOperatingActivities": -30840000, "investments": 32802000, "totalCashflowsFromInvestingActivities": 31419000, "netBorrowings": 43533000, "otherCashflowsFromFinancingActivities": -43533000, "changeInCash": 578000}, {"maxAge": 1, "endDate": "2019-03-31", "netIncome": -29228000, "depreciation": 658000, "changeToNetincome": 15014000, "changeToLiabilities": 0, "changeToOperatingActivities": -262000, "totalCashFromOperatingActivities": -13818000, "investments": 3837000, "totalCashflowsFromInvestingActivities": 13107000, "netBorrowings": 39939000, "otherCashflowsFromFinancingActivities": -39939000, "changeInCash": -710000}, {"maxAge": 1, "endDate": "2018-03-31", "netIncome": -24048558, "depreciation": 671873, "changeToNetincome": 25184986, "changeToLiabilities": 0, "changeToOperatingActivities": -151076, "totalCashFromOperatingActivities": 1657225, "investments": -1534338, "totalCashflowsFromInvestingActivities": -1534338, "netBorrowings": 39939000, "otherCashflowsFromFinancingActivities": -4376, "totalCashFromFinancingActivities": -4376, "changeInCash": 118511}, {"maxAge": 1, "endDate": "2017-03-31", "netIncome": -419694, "depreciation": 671873, "changeToNetincome": -4708848, "changeToLiabilities": 0, "changeToOperatingActivities": -36127688, "totalCashFromOperatingActivities": -40584357, "investments": 72585971, "totalCashflowsFromInvestingActivities": 72585971, "netBorrowings": -216449288, "otherCashflowsFromFinancingActivities": -5712752, "totalCashFromFinancingActivities": -32162040, "changeInCash": -1286969774}], "maxAge": 86400}, "indexTrend": {"maxAge": 1, "symbol": "SP5", "peRatio": 19.7411, "pegRatio": 1.34172, "estimates": [{"period": "0q", "growth": 0.549}, {"period": "+1q", "growth": 0.431}, {"period": "0y", "growth": 0.305}, {"period": "+1y", "growth": 0.109}, {"period": "+5y", "growth": 0.120865}, {"period": "-5y"}]}, "defaultKeyStatistics": {"maxAge": 1, "priceHint": 2, "enterpriseValue": 1176030464, "profitMargins": 0.0, "floatShares": 2854637, "sharesOutstanding": 10258300, "heldPercentInsiders": 0.74654996, "heldPercentInstitutions": 0.0, "beta": 1.778437, "category": null, "bookValue": 21.693, "priceToBook": 2.9479554, "fundFamily": null, "legalType": null, "lastFiscalYearEnd": "2020-03-31 05:30:00", "nextFiscalYearEnd": "2022-03-31 05:30:00", "mostRecentQuarter": "2020-12-31 05:30:00", "netIncomeToCommon": -35156000, "trailingEps": -3.421, "lastSplitFactor": null, "enterpriseToRevenue": 483.366, "enterpriseToEbitda": -593.131, "52WeekChange": 3.6678834, "SandP52WeekChange": 0.48148263, "lastDividendValue": 1.0, "lastDividendDate": 1348185600}, "industryTrend": {"maxAge": 1, "symbol": null, "estimates": []}, "quoteType": {"exchange": "NSI", "quoteType": "EQUITY", "symbol": "JINDALPHOT.NS", "underlyingSymbol": "JINDALPHOT.NS", "shortName": "JINDAL PHOTO LTD", "longName": "Jindal Photo Limited", "firstTradeDateEpochUtc": "2005-04-07 09:15:00", "timeZoneFullName": "Asia/Kolkata", "timeZoneShortName": "IST", "uuid": "b416a787-c486-3788-aa1f-a367a1a206e1", "messageBoardId": "finmb_9439091", "gmtOffSetMilliseconds": 19800000, "maxAge": 1}, "incomeStatementHistory": {"incomeStatementHistory": [{"maxAge": 1, "endDate": "2020-03-31", "totalRevenue": 1933000, "costOfRevenue": 46000, "grossProfit": 1887000, "researchDevelopment": {}, "sellingGeneralAdministrative": 2159000, "nonRecurring": {}, "otherOperatingExpenses": 2378000, "totalOperatingExpenses": 5064000, "operatingIncome": -3131000, "totalOtherIncomeExpenseNet": -44101000, "ebit": -3131000, "interestExpense": -43534000, "incomeBeforeTax": -47232000, "incomeTaxExpense": -13276000, "minorityInterest": {}, "netIncomeFromContinuingOps": -33956000, "discontinuedOperations": {}, "extraordinaryItems": {}, "effectOfAccountingCharges": {}, "otherItems": {}, "netIncome": -33956000, "netIncomeApplicableToCommonShares": -33956000}, {"maxAge": 1, "endDate": "2019-03-31", "totalRevenue": 6847000, "costOfRevenue": 200000, "grossProfit": 6647000, "researchDevelopment": {}, "sellingGeneralAdministrative": 2037000, "nonRecurring": {}, "otherOperatingExpenses": 4137000, "totalOperatingExpenses": 7032000, "operatingIncome": -185000, "totalOtherIncomeExpenseNet": -22988000, "ebit": -185000, "interestExpense": -39939000, "incomeBeforeTax": -23173000, "incomeTaxExpense": 6055000, "minorityInterest": {}, "netIncomeFromContinuingOps": -29228000, "discontinuedOperations": {}, "extraordinaryItems": {}, "effectOfAccountingCharges": {}, "otherItems": {}, "netIncome": -29228000, "netIncomeApplicableToCommonShares": -29228000}, {"maxAge": 1, "endDate": "2018-03-31", "totalRevenue": 8049882, "costOfRevenue": 246024, "grossProfit": 7803858, "researchDevelopment": {}, "sellingGeneralAdministrative": 2184781, "nonRecurring": {}, "otherOperatingExpenses": 2443597, "totalOperatingExpenses": 5546275, "operatingIncome": 2503607, "totalOtherIncomeExpenseNet": -25909665, "ebit": 2503607, "interestExpense": -4376, "incomeBeforeTax": -23406058, "incomeTaxExpense": 642500, "minorityInterest": {}, "netIncomeFromContinuingOps": -24048558, "discontinuedOperations": {}, "extraordinaryItems": {}, "effectOfAccountingCharges": {}, "otherItems": {}, "netIncome": -24048558, "netIncomeApplicableToCommonShares": -24048558}, {"maxAge": 1, "endDate": "2017-03-31", "totalRevenue": 46840535, "costOfRevenue": 187382, "grossProfit": 46653153, "researchDevelopment": {}, "sellingGeneralAdministrative": 2290277, "nonRecurring": {}, "otherOperatingExpenses": 3026445, "totalOperatingExpenses": 6175977, "operatingIncome": 40664558, "totalOtherIncomeExpenseNet": -40712752, "ebit": 40664558, "interestExpense": -5712752, "incomeBeforeTax": -48194, "incomeTaxExpense": 371500, "minorityInterest": {}, "netIncomeFromContinuingOps": -419694, "discontinuedOperations": {}, "extraordinaryItems": {}, "effectOfAccountingCharges": {}, "otherItems": {}, "netIncome": -419694, "netIncomeApplicableToCommonShares": -419694}], "maxAge": 86400}, "fundOwnership": {"maxAge": 1, "ownershipList": []}, "summaryDetail": {"maxAge": 1, "priceHint": 2, "previousClose": 62.7, "open": 65.8, "dayLow": 63.0, "dayHigh": 65.8, "regularMarketPreviousClose": 62.7, "regularMarketOpen": 65.8, "regularMarketDayLow": 63.0, "regularMarketDayHigh": 65.8, "exDividendDate": "2012-09-21 05:30:00", "payoutRatio": 0.0, "beta": 1.778437, "volume": 14215, "regularMarketVolume": 14215, "averageVolume": 18261, "averageVolume10days": 10655, "averageDailyVolume10Day": 10655, "bid": 0.0, "ask": 0.0, "bidSize": 0, "askSize": 0, "marketCap": 649744768, "fiftyTwoWeekLow": 11.25, "fiftyTwoWeekHigh": 90.4, "priceToSalesTrailing12Months": 267.055, "fiftyDayAverage": 64.856064, "twoHundredDayAverage": 33.229076, "currency": "INR", "fromCurrency": null, "toCurrency": null, "lastMarket": null, "algorithm": null, "tradeable": false}, "insiderHolders": {"holders": [{"maxAge": 1, "name": "Aakriti Trust", "relation": "Promoter", "url": "", "transactionDescription": "Sale", "latestTransDate": "2020-10-19", "positionDirect": 0, "positionDirectDate": "2020-10-19"}, {"maxAge": 1, "name": "Agarwal (Aakriti Ankit)", "relation": "Promoter", "url": "", "transactionDescription": "Sale", "latestTransDate": "2020-10-19", "positionDirect": 0, "positionDirectDate": "2020-10-19"}, {"maxAge": 1, "name": "Consolidated Finvest & Holdings Ltd", "relation": "Promoter", "url": "", "transactionDescription": "Sale", "latestTransDate": "2016-12-01", "positionDirect": 0, "positionDirectDate": "2016-12-01"}, {"maxAge": 1, "name": "Consolidated Photo & Finvest Ltd", "relation": "Promoter", "url": "", "transactionDescription": "Purchase", "latestTransDate": "2016-12-01", "positionDirect": 3654661, "positionDirectDate": "2016-12-01"}, {"maxAge": 1, "name": "Jindal India Ltd", "relation": "Indirect Shareholder", "url": "", "transactionDescription": "Sale", "latestTransDate": "2020-12-10", "positionDirect": 0, "positionDirectDate": "2020-12-10"}, {"maxAge": 1, "name": "Rishi Trading Company Ltd", "relation": "Promoter", "url": "", "transactionDescription": "Purchase", "latestTransDate": "2019-03-18", "positionDirect": 3434032, "positionDirectDate": "2019-03-18"}, {"maxAge": 1, "name": "SSJ Trust", "relation": "Promoter", "url": "", "transactionDescription": "Acquisition", "latestTransDate": "2020-12-10", "positionDirect": 104981, "positionDirectDate": "2020-12-10"}, {"maxAge": 1, "name": "Soyuz Trading Company Ltd", "relation": "Promoter", "url": "", "transactionDescription": "Sale", "latestTransDate": "2019-03-18", "positionDirect": 0, "positionDirectDate": "2019-03-18"}], "maxAge": 1}, "calendarEvents": {"maxAge": 1, "earnings": {"earningsDate": []}, "exDividendDate": "2012-09-21 05:30:00"}, "price": {"maxAge": 1, "regularMarketChangePercent": 0.019936204, "regularMarketChange": 1.25, "regularMarketTime": "2021-04-30 15:29:10", "priceHint": 2, "regularMarketPrice": 63.95, "regularMarketDayHigh": 65.8, "regularMarketDayLow": 63.0, "regularMarketVolume": 14215, "averageDailyVolume10Day": 10655, "averageDailyVolume3Month": 18261, "regularMarketPreviousClose": 62.7, "regularMarketSource": "FREE_REALTIME", "regularMarketOpen": 65.8, "exchange": "NSI", "exchangeName": "NSE", "exchangeDataDelayedBy": 15, "marketState": "CLOSED", "quoteType": "EQUITY", "symbol": "JINDALPHOT.NS", "underlyingSymbol": null, "shortName": "JINDAL PHOTO LTD", "longName": "Jindal Photo Limited", "currency": "INR", "quoteSourceName": "Delayed Quote", "currencySymbol": "\u20b9", "fromCurrency": null, "toCurrency": null, "lastMarket": null, "marketCap": 649744768}, "balanceSheetHistory": {"balanceSheetStatements": [{"maxAge": 1, "endDate": "2020-03-31", "cash": 1162000, "netReceivables": 55868000, "otherCurrentAssets": 519499000, "totalCurrentAssets": 946892000, "propertyPlantEquipment": 26891000, "goodWill": 12319000, "totalAssets": 986102000, "longTermDebt": 527236000, "otherLiab": 216569000, "totalLiab": 743805000, "commonStock": 102583000, "retainedEarnings": 162901000, "treasuryStock": -23187000, "otherStockholderEquity": -23187000, "totalStockholderEquity": 242297000, "netTangibleAssets": 229978000}, {"maxAge": 1, "endDate": "2019-03-31", "cash": 583000, "netReceivables": 54485000, "otherCurrentAssets": 518571000, "totalCurrentAssets": 976804000, "propertyPlantEquipment": 27372000, "goodWill": 12319000, "totalAssets": 1016495000, "otherCurrentLiab": 288000, "longTermDebt": 483703000, "otherLiab": 236377000, "totalCurrentLiabilities": 288000, "totalLiab": 720368000, "commonStock": 102583000, "retainedEarnings": 196858000, "treasuryStock": -3314000, "otherStockholderEquity": -3314000, "totalStockholderEquity": 296127000, "netTangibleAssets": 283808000}, {"maxAge": 1, "endDate": "2018-03-31", "cash": 1293937, "shortTermInvestments": 6465770, "netReceivables": 54484723, "otherCurrentAssets": 520004752, "totalCurrentAssets": 582249182, "longTermInvestments": 382900924, "propertyPlantEquipment": 37300095, "goodWill": 12319152, "totalAssets": 1014769353, "otherCurrentLiab": 196021650, "otherLiab": 247181, "totalCurrentLiabilities": 196027629, "totalLiab": 196274810, "commonStock": 102583260, "retainedEarnings": 51911283, "totalStockholderEquity": 154494543, "netTangibleAssets": 142175391}, {"maxAge": 1, "endDate": "2017-03-31", "cash": 1175426, "shortTermInvestments": 4931432, "netReceivables": 54484723, "otherCurrentAssets": 519412261, "totalCurrentAssets": 580003842, "longTermInvestments": 548551095, "propertyPlantEquipment": 37971968, "goodWill": 12319152, "totalAssets": 1178846057, "otherCurrentLiab": 195714201, "otherLiab": 118288, "totalCurrentLiabilities": 195716606, "totalLiab": 195834894, "commonStock": 102583260, "retainedEarnings": 216427903, "totalStockholderEquity": 319011163, "netTangibleAssets": 306692011}], "maxAge": 86400}, "earningsTrend": {"trend": [{"maxAge": 1, "period": "0q", "endDate": null, "growth": {}, "earningsEstimate": {"avg": 0.0, "low": 0.0, "high": 0.0, "yearAgoEps": {}, "numberOfAnalysts": 0, "growth": {}}, "revenueEstimate": {"avg": 0, "low": 0, "high": 0, "numberOfAnalysts": 0, "yearAgoRevenue": {}, "growth": {}}, "epsTrend": {"current": 0.0, "7daysAgo": 0.0, "30daysAgo": 0.0, "60daysAgo": 0.0, "90daysAgo": 0.0}, "epsRevisions": {"upLast7days": 0, "upLast30days": 0, "downLast30days": 0, "downLast90days": {}}}, {"maxAge": 1, "period": "+1q", "endDate": null, "growth": {}, "earningsEstimate": {"avg": 0.0, "low": 0.0, "high": 0.0, "yearAgoEps": {}, "numberOfAnalysts": 0, "growth": {}}, "revenueEstimate": {"avg": 0, "low": 0, "high": 0, "numberOfAnalysts": 0, "yearAgoRevenue": {}, "growth": {}}, "epsTrend": {"current": 0.0, "7daysAgo": 0.0, "30daysAgo": 0.0, "60daysAgo": 0.0, "90daysAgo": 0.0}, "epsRevisions": {"upLast7days": 0, "upLast30days": 0, "downLast30days": 0, "downLast90days": {}}}, {"maxAge": 1, "period": "0y", "endDate": null, "growth": {}, "earningsEstimate": {"avg": 0.0, "low": 0.0, "high": 0.0, "yearAgoEps": {}, "numberOfAnalysts": 0, "growth": {}}, "revenueEstimate": {"avg": 0, "low": 0, "high": 0, "numberOfAnalysts": 0, "yearAgoRevenue": {}, "growth": {}}, "epsTrend": {"current": 0.0, "7daysAgo": 0.0, "30daysAgo": 0.0, "60daysAgo": 0.0, "90daysAgo": 0.0}, "epsRevisions": {"upLast7days": 0, "upLast30days": 0, "downLast30days": 0, "downLast90days": {}}}, {"maxAge": 1, "period": "+1y", "endDate": null, "growth": {}, "earningsEstimate": {"avg": 0.0, "low": 0.0, "high": 0.0, "yearAgoEps": {}, "numberOfAnalysts": 0, "growth": {}}, "revenueEstimate": {"avg": 0, "low": 0, "high": 0, "numberOfAnalysts": 0, "yearAgoRevenue": {}, "growth": {}}, "epsTrend": {"current": 0.0, "7daysAgo": 0.0, "30daysAgo": 0.0, "60daysAgo": 0.0, "90daysAgo": 0.0}, "epsRevisions": {"upLast7days": 0, "upLast30days": 0, "downLast30days": 0, "downLast90days": {}}}, {"maxAge": 1, "period": "+5y", "endDate": null, "growth": {}, "earningsEstimate": {"avg": {}, "low": {}, "high": {}, "yearAgoEps": {}, "numberOfAnalysts": {}, "growth": {}}, "revenueEstimate": {"avg": {}, "low": {}, "high": {}, "numberOfAnalysts": {}, "yearAgoRevenue": {}, "growth": {}}, "epsTrend": {"current": {}, "7daysAgo": {}, "30daysAgo": {}, "60daysAgo": {}, "90daysAgo": {}}, "epsRevisions": {"upLast7days": {}, "upLast30days": {}, "downLast30days": {}, "downLast90days": {}}}, {"maxAge": 1, "period": "-5y", "endDate": null, "growth": {}, "earningsEstimate": {"avg": {}, "low": {}, "high": {}, "yearAgoEps": {}, "numberOfAnalysts": {}, "growth": {}}, "revenueEstimate": {"avg": {}, "low": {}, "high": {}, "numberOfAnalysts": {}, "yearAgoRevenue": {}, "growth": {}}, "epsTrend": {"current": {}, "7daysAgo": {}, "30daysAgo": {}, "60daysAgo": {}, "90daysAgo": {}}, "epsRevisions": {"upLast7days": {}, "upLast30days": {}, "downLast30days": {}, "downLast90days": {}}}], "maxAge": 1}, "institutionOwnership": {"maxAge": 1, "ownershipList": []}, "majorHoldersBreakdown": {"maxAge": 1, "insidersPercentHeld": 0.74654996, "institutionsPercentHeld": 0.0, "institutionsFloatPercentHeld": 0.0, "institutionsCount": 0}, "balanceSheetHistoryQuarterly": {"balanceSheetStatements": [{"maxAge": 1, "endDate": "2020-12-31", "totalStockholderEquity": 221500000, "netTangibleAssets": 209200000}, {"maxAge": 1, "endDate": "2020-09-30", "cash": 15600000, "netReceivables": 55900000, "otherCurrentAssets": 519300000, "totalCurrentAssets": 590800000, "longTermInvestments": 354900000, "propertyPlantEquipment": 26700000, "goodWill": 12300000, "totalAssets": 984700000, "longTermDebt": 551000000, "otherLiab": 212200000, "totalLiab": 763200000, "commonStock": 102600000, "treasuryStock": 118900000, "otherStockholderEquity": 118900000, "totalStockholderEquity": 221500000, "netTangibleAssets": 209200000}, {"maxAge": 1, "endDate": "2020-06-30", "totalStockholderEquity": 242300000, "netTangibleAssets": 230000000}, {"maxAge": 1, "endDate": "2020-03-31", "cash": 1162000, "netReceivables": 55868000, "otherCurrentAssets": 519499000, "totalCurrentAssets": 946892000, "propertyPlantEquipment": 26891000, "goodWill": 12319000, "totalAssets": 986102000, "longTermDebt": 527236000, "otherLiab": 216569000, "totalLiab": 743805000, "commonStock": 102583000, "retainedEarnings": 162901000, "treasuryStock": -23187000, "otherStockholderEquity": -23187000, "totalStockholderEquity": 242297000, "netTangibleAssets": 229978000}], "maxAge": 86400}, "earningsHistory": {"history": [{"maxAge": 1, "epsActual": {}, "epsEstimate": {}, "epsDifference": {}, "surprisePercent": {}, "quarter": {}, "period": "-4q"}, {"maxAge": 1, "epsActual": {}, "epsEstimate": {}, "epsDifference": {}, "surprisePercent": {}, "quarter": {}, "period": "-3q"}, {"maxAge": 1, "epsActual": {}, "epsEstimate": {}, "epsDifference": {}, "surprisePercent": {}, "quarter": {}, "period": "-2q"}, {"maxAge": 1, "epsActual": {}, "epsEstimate": {}, "epsDifference": {}, "surprisePercent": {}, "quarter": {}, "period": "-1q"}], "maxAge": 86400}, "summaryProfile": {"address1": "Local Shopping Complex", "address2": "Plot No. 12, Sector B -1 Vasant Kunj", "city": "New Delhi", "zip": "110070", "country": "India", "phone": "91 11 4032 2100", "fax": "91 11 4032 2129", "website": "http://www.jindalphoto.com", "industry": "Asset Management", "sector": "Financial Services", "longBusinessSummary": "Jindal Photo Limited primarily invests in the shares of companies in India. It also provides management consultancy services. The company was incorporated in 2004 and is headquartered in New Delhi, India.", "fullTimeEmployees": 2, "companyOfficers": [], "maxAge": 86400}, "netSharePurchaseActivity": {"maxAge": 1, "period": "6m", "buyInfoCount": 0, "buyInfoShares": 0, "sellInfoCount": 0, "netInfoCount": 0, "netInfoShares": 0, "netPercentInsiderShares": 0.0, "totalInsiderShares": 7627793}, "insiderTransactions": {"transactions": [{"maxAge": 1, "shares": 12000, "filerUrl": "", "transactionText": "", "filerName": "SSJ Trust", "filerRelation": "Promoter", "moneyText": "", "startDate": "2020-12-10", "ownership": "D"}, {"maxAge": 1, "shares": 12000, "filerUrl": "", "transactionText": "", "filerName": "Jindal India Ltd", "filerRelation": "Indirect Shareholder", "moneyText": "", "startDate": "2020-12-10", "ownership": "D"}, {"maxAge": 1, "shares": 37501, "filerUrl": "", "transactionText": "", "filerName": "Aakriti Trust", "filerRelation": "Promoter", "moneyText": "", "startDate": "2020-10-19", "ownership": "D"}, {"maxAge": 1, "shares": 1000, "filerUrl": "", "transactionText": "", "filerName": "Agarwal (Aakriti Ankit)", "filerRelation": "Promoter", "moneyText": "", "startDate": "2020-10-19", "ownership": "D"}, {"maxAge": 1, "shares": 38501, "filerUrl": "", "transactionText": "", "filerName": "SSJ Trust", "filerRelation": "Promoter", "moneyText": "", "startDate": "2020-10-19", "ownership": "D"}, {"maxAge": 1, "shares": 2106763, "filerUrl": "", "transactionText": "", "filerName": "Soyuz Trading Company Ltd", "filerRelation": "Promoter", "moneyText": "", "startDate": "2019-03-18", "ownership": "D"}, {"maxAge": 1, "shares": 2106763, "filerUrl": "", "transactionText": "", "filerName": "Rishi Trading Company Ltd", "filerRelation": "Promoter", "moneyText": "", "startDate": "2019-03-18", "ownership": "D"}, {"maxAge": 1, "shares": 250000, "filerUrl": "", "transactionText": "", "filerName": "Consolidated Photo & Finvest Ltd", "filerRelation": "Promoter", "moneyText": "", "startDate": "2016-12-01", "ownership": "D"}, {"maxAge": 1, "shares": 250000, "filerUrl": "", "transactionText": "", "filerName": "Consolidated Finvest & Holdings Ltd", "filerRelation": "Promoter", "moneyText": "", "startDate": "2016-12-01", "ownership": "D"}, {"maxAge": 1, "shares": 200000, "filerUrl": "", "transactionText": "", "filerName": "Agarwal (Aakriti Ankit)", "filerRelation": "Promoter", "moneyText": "", "startDate": "2012-08-03", "ownership": "D"}, {"maxAge": 1, "shares": 200000, "filerUrl": "", "transactionText": "", "filerName": "Consolidated Finvest & Holdings Ltd", "filerRelation": "Promoter", "moneyText": "", "startDate": "2012-08-03", "ownership": "D"}], "maxAge": 1}, "sectorTrend": {"maxAge": 1, "symbol": null, "estimates": []}, "incomeStatementHistoryQuarterly": {"incomeStatementHistory": [{"maxAge": 1, "endDate": "2020-12-31", "totalRevenue": 500000, "costOfRevenue": 0, "grossProfit": 500000, "researchDevelopment": {}, "sellingGeneralAdministrative": 400000, "nonRecurring": {}, "otherOperatingExpenses": 400000, "totalOperatingExpenses": 1000000, "operatingIncome": -500000, "totalOtherIncomeExpenseNet": -11900000, "ebit": -500000, "interestExpense": -11900000, "incomeBeforeTax": -12400000, "incomeTaxExpense": -3000000, "minorityInterest": {}, "netIncomeFromContinuingOps": -9400000, "discontinuedOperations": {}, "extraordinaryItems": {}, "effectOfAccountingCharges": {}, "otherItems": {}, "netIncome": -9400000, "netIncomeApplicableToCommonShares": -9400000}, {"maxAge": 1, "endDate": "2020-09-30", "totalRevenue": 300000, "costOfRevenue": 0, "grossProfit": 300000, "researchDevelopment": {}, "sellingGeneralAdministrative": 400000, "nonRecurring": {}, "otherOperatingExpenses": 300000, "totalOperatingExpenses": 800000, "operatingIncome": -500000, "totalOtherIncomeExpenseNet": -12200000, "ebit": -500000, "interestExpense": -11800000, "incomeBeforeTax": -12700000, "incomeTaxExpense": -3000000, "minorityInterest": {}, "netIncomeFromContinuingOps": -9700000, "discontinuedOperations": {}, "extraordinaryItems": {}, "effectOfAccountingCharges": {}, "otherItems": {}, "netIncome": -9700000, "netIncomeApplicableToCommonShares": -9700000}, {"maxAge": 1, "endDate": "2020-06-30", "totalRevenue": 1800000, "costOfRevenue": 0, "grossProfit": 1800000, "researchDevelopment": {}, "sellingGeneralAdministrative": 500000, "nonRecurring": {}, "otherOperatingExpenses": 1000000, "totalOperatingExpenses": 1600000, "operatingIncome": 200000, "totalOtherIncomeExpenseNet": -12000000, "ebit": 200000, "interestExpense": -11900000, "incomeBeforeTax": -11800000, "incomeTaxExpense": -700000, "minorityInterest": {}, "netIncomeFromContinuingOps": -11100000, "discontinuedOperations": {}, "extraordinaryItems": {}, "effectOfAccountingCharges": {}, "otherItems": {}, "netIncome": -11100000, "netIncomeApplicableToCommonShares": -11100000}, {"maxAge": 1, "endDate": "2020-03-31", "totalRevenue": 1833000, "costOfRevenue": 46000, "grossProfit": 1787000, "researchDevelopment": {}, "sellingGeneralAdministrative": 859000, "nonRecurring": {}, "otherOperatingExpenses": 378000, "totalOperatingExpenses": 1364000, "operatingIncome": 469000, "totalOtherIncomeExpenseNet": -10901000, "ebit": 469000, "interestExpense": -8734000, "incomeBeforeTax": -10432000, "incomeTaxExpense": -5376000, "minorityInterest": {}, "netIncomeFromContinuingOps": -5056000, "discontinuedOperations": {}, "extraordinaryItems": {}, "effectOfAccountingCharges": {}, "otherItems": {}, "netIncome": -5056000, "netIncomeApplicableToCommonShares": -5056000}], "maxAge": 86400}, "cashflowStatementHistoryQuarterly": {"cashflowStatements": [{"maxAge": 1, "endDate": "2020-12-31", "netIncome": -9400000, "changeToLiabilities": 0}, {"maxAge": 1, "endDate": "2020-09-30", "netIncome": -9700000, "changeToLiabilities": 0}, {"maxAge": 1, "endDate": "2020-06-30", "netIncome": -11100000, "changeToLiabilities": 0}, {"maxAge": 1, "endDate": "2020-03-31", "netIncome": -5056000, "changeToLiabilities": 0}], "maxAge": 86400}, "earnings": {"maxAge": 86400, "earningsChart": {"quarterly": [], "earningsDate": []}, "financialsChart": {"yearly": [{"date": 2017, "revenue": 46840535, "earnings": -419694}, {"date": 2018, "revenue": 8049882, "earnings": -24048558}, {"date": 2019, "revenue": 6847000, "earnings": -29228000}, {"date": 2020, "revenue": 1933000, "earnings": -33956000}], "quarterly": [{"date": "1Q2020", "revenue": 1833000, "earnings": -5056000}, {"date": "2Q2020", "revenue": 1800000, "earnings": -11100000}, {"date": "3Q2020", "revenue": 300000, "earnings": -9700000}, {"date": "4Q2020", "revenue": 500000, "earnings": -9400000}]}, "financialCurrency": "INR"}, "financialData": {"maxAge": 86400, "currentPrice": 63.95, "targetHighPrice": 176.0, "targetLowPrice": 176.0, "targetMeanPrice": 176.0, "targetMedianPrice": 176.0, "recommendationKey": "none", "numberOfAnalystOpinions": 1, "totalCash": 15600000, "totalCashPerShare": 1.527, "ebitda": -1982750, "totalDebt": 551000000, "totalRevenue": 2433000, "debtToEquity": 248.758, "revenuePerShare": 0.237, "grossProfits": 1887000, "grossMargins": 0.98109, "ebitdaMargins": -0.81494004, "operatingMargins": -0.95808, "profitMargins": 0.0, "financialCurrency": "INR"}}}