{"JINDCAP.BO": {"cashflowStatementHistory": {"cashflowStatements": [{"maxAge": 1, "endDate": "2020-03-31", "netIncome": -1084122, "depreciation": 391430, "changeToNetincome": -262497, "changeToLiabilities": 0, "changeToOperatingActivities": -6960673, "totalCashFromOperatingActivities": -7915862, "capitalExpenditures": -1159707, "totalCashflowsFromInvestingActivities": -933708, "netBorrowings": 3602270, "totalCashFromFinancingActivities": 3602270, "changeInCash": -5247300}, {"maxAge": 1, "endDate": "2019-03-31", "netIncome": 423415, "depreciation": 369112, "changeToNetincome": 363479, "changeToLiabilities": 0, "changeToOperatingActivities": 11929087, "totalCashFromOperatingActivities": 13085093, "capitalExpenditures": -45500, "totalCashflowsFromInvestingActivities": -45500, "netBorrowings": -9205881, "totalCashFromFinancingActivities": -9205881, "changeInCash": 3833713}, {"maxAge": 1, "endDate": "2018-03-31", "netIncome": 1069127, "depreciation": 280523, "changeToNetincome": 38168, "changeToLiabilities": 0, "changeToOperatingActivities": -2565236, "totalCashFromOperatingActivities": -1177418, "capitalExpenditures": -1964000, "totalCashflowsFromInvestingActivities": -1684000, "netBorrowings": 3956332, "totalCashFromFinancingActivities": 3956332, "changeInCash": 1094914}, {"maxAge": 1, "endDate": "2017-03-31", "netIncome": 43525, "depreciation": 297638, "changeToNetincome": -23798, "changeToLiabilities": 0, "changeToOperatingActivities": -534819, "totalCashFromOperatingActivities": -212108, "capitalExpenditures": -74699, "totalCashflowsFromInvestingActivities": -54500, "netBorrowings": -46407, "totalCashFromFinancingActivities": -46407, "changeInCash": -313015}], "maxAge": 86400}, "institutionOwnership": {"maxAge": 1, "ownershipList": []}, "balanceSheetHistoryQuarterly": {"balanceSheetStatements": [{"maxAge": 1, "endDate": "2020-06-30", "totalStockholderEquity": 73995000, "netTangibleAssets": 73995000}, {"maxAge": 1, "endDate": "2020-03-31", "cash": 260951, "netReceivables": 62827822, "inventory": 8380004, "otherCurrentAssets": 4748605, "totalCurrentAssets": 76246892, "propertyPlantEquipment": 2477770, "otherAssets": 127194, "deferredLongTermAssetCharges": 127194, "totalAssets": 78851856, "longTermDebt": 4715146, "totalCurrentLiabilities": 141063, "totalLiab": 4856209, "commonStock": 72081000, "retainedEarnings": 1914647, "totalStockholderEquity": 73995647, "netTangibleAssets": 73995647}, {"maxAge": 1, "endDate": "2019-12-31", "cash": 260951, "netReceivables": 62827822, "inventory": 8380004, "otherCurrentAssets": 4748605, "totalCurrentAssets": 76246892, "propertyPlantEquipment": 2477770, "otherAssets": 127194, "deferredLongTermAssetCharges": 127194, "totalAssets": 78851856, "longTermDebt": 4715146, "totalCurrentLiabilities": 141063, "totalLiab": 4856209, "commonStock": 72081000, "retainedEarnings": 1914647, "totalStockholderEquity": 73995647, "netTangibleAssets": 73995647}, {"maxAge": 1, "endDate": "2019-09-30", "cash": 588000, "netReceivables": 64709000, "inventory": 14739000, "otherCurrentAssets": 560000, "totalCurrentAssets": 80596000, "propertyPlantEquipment": 2644000, "otherAssets": 141000, "deferredLongTermAssetCharges": 141000, "totalAssets": 83381000, "otherCurrentLiab": 378000, "longTermDebt": 8747000, "totalCurrentLiabilities": 378000, "totalLiab": 9125000, "commonStock": 72081000, "treasuryStock": 2175000, "otherStockholderEquity": 2175000, "totalStockholderEquity": 74256000, "netTangibleAssets": 74256000}], "maxAge": 86400}, "indexTrend": {"maxAge": 1, "symbol": "SP5", "peRatio": 19.7411, "pegRatio": 1.34172, "estimates": [{"period": "0q", "growth": 0.549}, {"period": "+1q", "growth": 0.431}, {"period": "0y", "growth": 0.305}, {"period": "+1y", "growth": 0.109}, {"period": "+5y", "growth": 0.120859005}, {"period": "-5y"}]}, "insiderTransactions": {"transactions": [{"maxAge": 1, "shares": 1250000, "filerUrl": "", "transactionText": "", "filerName": "Agarwal (Sarita)", "filerRelation": "Director", "moneyText": "", "startDate": "2012-04-09", "ownership": "D"}, {"maxAge": 1, "shares": 100000, "filerUrl": "", "transactionText": "", "filerName": "Jindal (Pawan Kumar)", "filerRelation": "Director", "moneyText": "", "startDate": "2012-04-09", "ownership": "D"}, {"maxAge": 1, "shares": 1160000, "filerUrl": "", "transactionText": "", "filerName": "Jindal (Pawan Kumar) HUF", "filerRelation": "Promoter", "moneyText": "", "startDate": "2012-04-09", "ownership": "D"}, {"maxAge": 1, "shares": 1000000, "filerUrl": "", "transactionText": "", "filerName": "Jindal (Shray)", "filerRelation": "Promoter", "moneyText": "", "startDate": "2012-04-09", "ownership": "D"}, {"maxAge": 1, "shares": 280000, "filerUrl": "", "transactionText": "", "filerName": "PKJ Securities Pvt. Ltd.", "filerRelation": "Promoter", "moneyText": "", "startDate": "2012-04-09", "ownership": "D"}], "maxAge": 1}, "quoteType": {"exchange": "BSE", "quoteType": "EQUITY", "symbol": "JINDCAP.BO", "underlyingSymbol": "JINDCAP.BO", "shortName": "JINDAL CAPITAL LTD.", "longName": "Jindal Capital Limited", "firstTradeDateEpochUtc": "2001-02-14 09:15:00", "timeZoneFullName": "Asia/Kolkata", "timeZoneShortName": "IST", "uuid": "5990fe1a-2898-3314-a32a-dcdba66c93f2", "messageBoardId": null, "gmtOffSetMilliseconds": 19800000, "maxAge": 1}, "incomeStatementHistory": {"incomeStatementHistory": [{"maxAge": 1, "endDate": "2020-03-31", "totalRevenue": 121591449, "costOfRevenue": 119217754, "grossProfit": 2373695, "researchDevelopment": {}, "sellingGeneralAdministrative": 1857217, "nonRecurring": {}, "otherOperatingExpenses": 1144751, "totalOperatingExpenses": 122611152, "operatingIncome": -1019703, "totalOtherIncomeExpenseNet": -106129, "ebit": -1019703, "interestExpense": -125509, "incomeBeforeTax": -1125832, "incomeTaxExpense": -41710, "minorityInterest": {}, "netIncomeFromContinuingOps": -1084122, "discontinuedOperations": {}, "extraordinaryItems": {}, "effectOfAccountingCharges": {}, "otherItems": {}, "netIncome": -1084122, "netIncomeApplicableToCommonShares": -1084122}, {"maxAge": 1, "endDate": "2019-03-31", "totalRevenue": 112015016, "costOfRevenue": 106981254, "grossProfit": 5033762, "researchDevelopment": {}, "sellingGeneralAdministrative": 2405350, "nonRecurring": {}, "otherOperatingExpenses": 986945, "totalOperatingExpenses": 110742661, "operatingIncome": 1272355, "totalOtherIncomeExpenseNet": -227598, "ebit": 1272355, "interestExpense": -274975, "incomeBeforeTax": 1044757, "incomeTaxExpense": 621342, "minorityInterest": {}, "netIncomeFromContinuingOps": 423415, "discontinuedOperations": {}, "extraordinaryItems": {}, "effectOfAccountingCharges": {}, "otherItems": {}, "netIncome": 423415, "netIncomeApplicableToCommonShares": 423415}, {"maxAge": 1, "endDate": "2018-03-31", "totalRevenue": 115300632, "costOfRevenue": 110357858, "grossProfit": 4942774, "researchDevelopment": {}, "sellingGeneralAdministrative": 4469295, "nonRecurring": {}, "otherOperatingExpenses": 85671, "totalOperatingExpenses": 115193347, "operatingIncome": 107285, "totalOtherIncomeExpenseNet": 1280009, "ebit": 107285, "interestExpense": -378014, "incomeBeforeTax": 1387294, "incomeTaxExpense": 318167, "minorityInterest": {}, "netIncomeFromContinuingOps": 1069127, "discontinuedOperations": {}, "extraordinaryItems": {}, "effectOfAccountingCharges": {}, "otherItems": {}, "netIncome": 1069127, "netIncomeApplicableToCommonShares": 1069127}, {"maxAge": 1, "endDate": "2017-03-31", "totalRevenue": 105481869, "costOfRevenue": 100294663, "grossProfit": 5187206, "researchDevelopment": {}, "sellingGeneralAdministrative": 4554790, "nonRecurring": {}, "otherOperatingExpenses": 6618, "totalOperatingExpenses": 105153709, "operatingIncome": 328160, "totalOtherIncomeExpenseNet": -356570, "ebit": 328160, "interestExpense": -376588, "incomeBeforeTax": -28410, "incomeTaxExpense": -71935, "minorityInterest": {}, "netIncomeFromContinuingOps": 43525, "discontinuedOperations": {}, "extraordinaryItems": {}, "effectOfAccountingCharges": {}, "otherItems": {}, "netIncome": 43525, "netIncomeApplicableToCommonShares": 43525}], "maxAge": 86400}, "fundOwnership": {"maxAge": 1, "ownershipList": []}, "summaryDetail": {"maxAge": 1, "priceHint": 2, "previousClose": 11.3, "open": 11.3, "dayLow": 11.3, "dayHigh": 11.3, "regularMarketPreviousClose": 11.3, "regularMarketOpen": 11.3, "regularMarketDayLow": 11.3, "regularMarketDayHigh": 11.3, "trailingPE": 83.703705, "volume": 10, "regularMarketVolume": 10, "averageVolume": 3882, "averageVolume10days": 2819, "averageDailyVolume10Day": 2819, "bid": 11.0, "ask": 11.85, "bidSize": 0, "askSize": 0, "marketCap": 81451528, "fiftyTwoWeekLow": 3.61, "fiftyTwoWeekHigh": 11.3, "fiftyDayAverage": 9.030286, "twoHundredDayAverage": 6.4013767, "currency": "INR", "fromCurrency": null, "toCurrency": null, "lastMarket": null, "algorithm": null, "tradeable": false}, "incomeStatementHistoryQuarterly": {"incomeStatementHistory": [{"maxAge": 1, "endDate": "2020-06-30", "totalRevenue": 22228000, "costOfRevenue": 19284000, "grossProfit": 2944000, "researchDevelopment": {}, "sellingGeneralAdministrative": 315000, "nonRecurring": {}, "otherOperatingExpenses": 563000, "totalOperatingExpenses": 20264000, "operatingIncome": 1964000, "totalOtherIncomeExpenseNet": -37000, "ebit": 1964000, "interestExpense": -38000, "incomeBeforeTax": 1927000, "incomeTaxExpense": 0, "minorityInterest": {}, "netIncomeFromContinuingOps": 1927000, "discontinuedOperations": {}, "extraordinaryItems": {}, "effectOfAccountingCharges": {}, "otherItems": {}, "netIncome": 1927000, "netIncomeApplicableToCommonShares": 1927000}, {"maxAge": 1, "endDate": "2020-03-31", "totalRevenue": 32566225, "costOfRevenue": 31926377, "grossProfit": 639848, "researchDevelopment": {}, "sellingGeneralAdministrative": 583609, "nonRecurring": {}, "otherOperatingExpenses": 76876, "totalOperatingExpenses": 32689076, "operatingIncome": -122852, "totalOtherIncomeExpenseNet": -29065, "ebit": -122852, "interestExpense": -38755, "incomeBeforeTax": -151916, "incomeTaxExpense": -21855, "minorityInterest": {}, "netIncomeFromContinuingOps": -130061, "discontinuedOperations": {}, "extraordinaryItems": {}, "effectOfAccountingCharges": {}, "otherItems": {}, "netIncome": -130061, "netIncomeApplicableToCommonShares": -130061}, {"maxAge": 1, "endDate": "2019-12-31", "totalRevenue": 32566225, "costOfRevenue": 31926377, "grossProfit": 639848, "researchDevelopment": {}, "sellingGeneralAdministrative": 583609, "nonRecurring": {}, "otherOperatingExpenses": 76876, "totalOperatingExpenses": 32689076, "operatingIncome": -122852, "totalOtherIncomeExpenseNet": -29065, "ebit": -122852, "interestExpense": -38755, "incomeBeforeTax": -151916, "incomeTaxExpense": -21855, "minorityInterest": {}, "netIncomeFromContinuingOps": -130061, "discontinuedOperations": {}, "extraordinaryItems": {}, "effectOfAccountingCharges": {}, "otherItems": {}, "netIncome": -130061, "netIncomeApplicableToCommonShares": -130061}, {"maxAge": 1, "endDate": "2019-09-30", "totalRevenue": 23472000, "costOfRevenue": 23204000, "grossProfit": 268000, "researchDevelopment": {}, "sellingGeneralAdministrative": 430000, "nonRecurring": {}, "otherOperatingExpenses": 403000, "totalOperatingExpenses": 24133000, "operatingIncome": -661000, "totalOtherIncomeExpenseNet": -24000, "ebit": -661000, "interestExpense": -25000, "incomeBeforeTax": -685000, "incomeTaxExpense": 0, "minorityInterest": {}, "netIncomeFromContinuingOps": -685000, "discontinuedOperations": {}, "extraordinaryItems": {}, "effectOfAccountingCharges": {}, "otherItems": {}, "netIncome": -685000, "netIncomeApplicableToCommonShares": -685000}], "maxAge": 86400}, "cashflowStatementHistoryQuarterly": {"cashflowStatements": [{"maxAge": 1, "endDate": "2020-06-30", "netIncome": 1927000, "changeToLiabilities": 0}, {"maxAge": 1, "endDate": "2020-03-31", "netIncome": -130061, "changeToLiabilities": 0}, {"maxAge": 1, "endDate": "2019-12-31", "netIncome": -130061, "changeToLiabilities": 0}, {"maxAge": 1, "endDate": "2019-09-30", "netIncome": -685000, "changeToLiabilities": 0}], "maxAge": 86400}, "insiderHolders": {"holders": [{"maxAge": 1, "name": "Agarwal (Sarita)", "relation": "Director", "url": "", "transactionDescription": "Acquisition", "latestTransDate": "2012-04-09", "positionDirect": 1450814, "positionDirectDate": "2012-04-09"}, {"maxAge": 1, "name": "Jindal (Pawan Kumar)", "relation": "Director", "url": "", "transactionDescription": "Acquisition", "latestTransDate": "2012-04-09", "positionDirect": 278760, "positionDirectDate": "2012-04-09"}, {"maxAge": 1, "name": "Jindal (Pawan Kumar) HUF", "relation": "Promoter", "url": "", "transactionDescription": "Acquisition", "latestTransDate": "2012-04-09", "positionDirect": 1197255, "positionDirectDate": "2012-04-09"}, {"maxAge": 1, "name": "Jindal (Shray)", "relation": "Promoter", "url": "", "transactionDescription": "Acquisition", "latestTransDate": "2012-04-09", "positionDirect": 1000000, "positionDirectDate": "2012-04-09"}, {"maxAge": 1, "name": "PKJ Securities Pvt. Ltd.", "relation": "Promoter", "url": "", "transactionDescription": "Acquisition", "latestTransDate": "2012-04-09", "positionDirect": 1005000, "positionDirectDate": "2012-04-09"}], "maxAge": 1}, "calendarEvents": {"maxAge": 1, "earnings": {"earningsDate": []}}, "price": {"maxAge": 1, "regularMarketChangePercent": 0.0, "regularMarketChange": 0.0, "regularMarketTime": "2021-04-30 11:15:00", "priceHint": 2, "regularMarketPrice": 11.3, "regularMarketDayHigh": 11.3, "regularMarketDayLow": 11.3, "regularMarketVolume": 10, "averageDailyVolume10Day": 2819, "averageDailyVolume3Month": 3882, "regularMarketPreviousClose": 11.3, "regularMarketSource": "FREE_REALTIME", "regularMarketOpen": 11.3, "exchange": "BSE", "exchangeName": "BSE", "exchangeDataDelayedBy": 0, "marketState": "CLOSED", "quoteType": "EQUITY", "symbol": "JINDCAP.BO", "underlyingSymbol": null, "shortName": "JINDAL CAPITAL LTD.", "longName": "Jindal Capital Limited", "currency": "INR", "quoteSourceName": "Delayed Quote", "currencySymbol": "\u20b9", "fromCurrency": null, "toCurrency": null, "lastMarket": null, "marketCap": 81451528}, "balanceSheetHistory": {"balanceSheetStatements": [{"maxAge": 1, "endDate": "2020-03-31", "cash": 260951, "netReceivables": 62827822, "inventory": 8380004, "otherCurrentAssets": 4748605, "totalCurrentAssets": 76246892, "propertyPlantEquipment": 2477770, "otherAssets": 127194, "deferredLongTermAssetCharges": 127194, "totalAssets": 78851856, "longTermDebt": 4715146, "totalCurrentLiabilities": 141063, "totalLiab": 4856209, "commonStock": 72081000, "retainedEarnings": 1914647, "totalStockholderEquity": 73995647, "netTangibleAssets": 73995647}, {"maxAge": 1, "endDate": "2019-03-31", "cash": 5508254, "netReceivables": 53849251, "inventory": 13247985, "otherCurrentAssets": 2036827, "totalCurrentAssets": 74671457, "propertyPlantEquipment": 1917924, "otherAssets": 141400, "deferredLongTermAssetCharges": 141400, "totalAssets": 76730781, "otherCurrentLiab": 263637, "longTermDebt": 1112876, "otherLiab": 1, "totalCurrentLiabilities": 538135, "totalLiab": 1651012, "commonStock": 72081000, "retainedEarnings": 2998769, "totalStockholderEquity": 75079769, "netTangibleAssets": 75079769}, {"maxAge": 1, "endDate": "2018-03-31", "cash": 1674541, "netReceivables": 49458865, "otherCurrentAssets": 25867392, "totalCurrentAssets": 82768172, "propertyPlantEquipment": 2241536, "otherAssets": 140190, "deferredLongTermAssetCharges": 140190, "totalAssets": 85149898, "otherCurrentLiab": 2000, "longTermDebt": 10318758, "totalCurrentLiabilities": 280338, "totalLiab": 10599096, "commonStock": 72081000, "retainedEarnings": 2469802, "totalStockholderEquity": 74550802, "netTangibleAssets": 74550802}, {"maxAge": 1, "endDate": "2017-03-31", "cash": 579627, "netReceivables": 48832768, "otherCurrentAssets": 28057148, "totalCurrentAssets": 79017069, "propertyPlantEquipment": 558059, "otherAssets": 180898, "deferredLongTermAssetCharges": 180898, "totalAssets": 79756026, "otherCurrentLiab": 5093, "longTermDebt": 6362425, "otherLiab": 1, "totalCurrentLiabilities": 189385, "totalLiab": 6551811, "commonStock": 72081000, "retainedEarnings": 1123215, "totalStockholderEquity": 73204215, "netTangibleAssets": 73204215}], "maxAge": 86400}, "financialData": {"maxAge": 86400, "currentPrice": 11.3, "recommendationKey": "none", "grossProfits": 2373695, "financialCurrency": "INR"}}}