{"JINDALPOLY.NS": {"assetProfile": {"address1": "Local Shopping Complex", "address2": "Plot No. 12 Sector B-1 Vasant Kunj", "city": "New Delhi", "zip": "110070", "country": "India", "phone": "91 11 4032 2100", "fax": "91 11 4032 2129", "website": "http://www.jindalpoly.com", "industry": "Specialty Chemicals", "sector": "Basic Materials", "longBusinessSummary": "Jindal Poly Films Limited manufactures and sells BOPET and BOPP films in India and internationally. It operates through Packaging Films and Nonwoven Fabrics segments. The company's BOPP films include transparent BOPP heat sealable and non-heat sealable films, solid white films, matte films, coex films, pearlized films, label BOPP films, opaque films, release films, tape and textile films, and metallize BOPP films; and PET films comprise chemical treated, opaque white, matte, high strength yarn grade, co-extruded clear, and ultra-clear corona treated PET films for the converting and graphic arts industry, as well as electrical insulation, label, and other applications. It also provides metalized films for flexible packaging, gift wrap, and decorative applications, as well as sequins for textiles; coated films, such as PVDC, acrylic, silicon, AlOx, ink receptive, digital printable, and DG coated films, as well as coated high COF matte PET and lidding films; and CPP films for regular applications and specialty films for high barrier and retort applications. In addition, the company offers thermal lamination films; non tearable paper films for photo albums, certificates, playing cards, gift cards, visiting cards, calendar, menu cards, wedding cards, and modelling portfolio applications; and medical X-Ray films. Further, it manufactures polyester chips; and polypropylene based spunbond and spunmelt fabrics in roll goods form. Jindal Poly Films Limited was incorporated in 1974 and is based in New Delhi, India.", "fullTimeEmployees": 1751, "companyOfficers": [{"maxAge": 1, "name": "Mr. Rathi Binod Pal", "age": 51, "title": "Non-Exec. Director", "yearBorn": 1969, "fiscalYear": 2020, "totalPay": 6702730, "exercisedValue": 0, "unexercisedValue": 0}, {"maxAge": 1, "name": "Mr. Vinay  Jindal", "age": 42, "title": "Chief Financial Officer", "yearBorn": 1978, "fiscalYear": 2020, "totalPay": 5171395, "exercisedValue": 0, "unexercisedValue": 0}, {"maxAge": 1, "name": "Mr. Sanjeev  Kumar", "age": 55, "title": "Compliance Officer & Company Sec.", "yearBorn": 1965, "fiscalYear": 2020, "totalPay": 2319313, "exercisedValue": 0, "unexercisedValue": 0}, {"maxAge": 1, "name": "Mr. Sanjeev Kumar Saxena", "age": 52, "title": "Whole Time Director", "yearBorn": 1968, "fiscalYear": 2020, "totalPay": 5398515, "exercisedValue": 0, "unexercisedValue": 0}, {"maxAge": 1, "name": "Mr. Sagato  Mukerji", "age": 48, "title": "Whole-Time Director", "yearBorn": 1972, "fiscalYear": 2020, "totalPay": 7419891, "exercisedValue": 0, "unexercisedValue": 0}, {"maxAge": 1, "name": "Mr. Vinod Kumar Gupta", "age": 56, "title": "Chief Exec. Officer", "yearBorn": 1964, "exercisedValue": 0, "unexercisedValue": 0}, {"maxAge": 1, "name": "Mr. Rahul  Bhatia", "age": 51, "title": "Chief Operating Officer", "yearBorn": 1969, "exercisedValue": 0, "unexercisedValue": 0}, {"maxAge": 1, "name": "Mr. Devendra Singh Rawat", "title": "VP of Accounts", "exercisedValue": 0, "unexercisedValue": 0}, {"maxAge": 1, "name": "Mr. Mohan B. Vipra", "age": 55, "title": "Sr. VP", "yearBorn": 1965, "fiscalYear": 2019, "exercisedValue": 0, "unexercisedValue": 0}, {"maxAge": 1, "name": "Mr. Sanjeev  Yadav", "title": "Exec. Officer", "fiscalYear": 2019, "exercisedValue": 0, "unexercisedValue": 0}], "compensationAsOfEpochDate": "2020-12-31 05:30:00", "maxAge": 86400}, "recommendationTrend": {"trend": [{"period": "0m", "strongBuy": 0, "buy": 0, "hold": 0, "sell": 0, "strongSell": 0}, {"period": "-1m", "strongBuy": 0, "buy": 0, "hold": 0, "sell": 0, "strongSell": 0}, {"period": "-2m", "strongBuy": 0, "buy": 0, "hold": 0, "sell": 0, "strongSell": 0}, {"period": "-3m", "strongBuy": 0, "buy": 0, "hold": 0, "sell": 0, "strongSell": 0}], "maxAge": 86400}, "cashflowStatementHistory": {"cashflowStatements": [{"maxAge": 1, "endDate": "2020-03-31", "netIncome": 4886445000, "depreciation": 1170615000, "changeToNetincome": -1287812000, "changeToAccountReceivables": -56512000, "changeToLiabilities": 50141000, "changeToInventory": -1087649000, "totalCashFromOperatingActivities": 3688141000, "capitalExpenditures": -4753990000, "investments": -462188000, "otherCashflowsFromInvestingActivities": 1053786000, "totalCashflowsFromInvestingActivities": -4150022000, "dividendsPaid": -43786000, "netBorrowings": 3490626000, "otherCashflowsFromFinancingActivities": -675436000, "totalCashFromFinancingActivities": 2771404000, "changeInCash": 2291358000}, {"maxAge": 1, "endDate": "2019-03-31", "netIncome": -4086489000, "depreciation": 1032063000, "changeToNetincome": 7209278000, "changeToAccountReceivables": -34540000, "changeToLiabilities": 1548851000, "changeToInventory": -683236000, "totalCashFromOperatingActivities": 4993081000, "capitalExpenditures": -4227120000, "investments": -1951181000, "otherCashflowsFromInvestingActivities": 682028000, "totalCashflowsFromInvestingActivities": -5475516000, "dividendsPaid": -52297000, "netBorrowings": 843281000, "otherCashflowsFromFinancingActivities": -412301000, "totalCashFromFinancingActivities": 378683000, "changeInCash": -103752000}, {"maxAge": 1, "endDate": "2018-03-31", "netIncome": 852096000, "depreciation": 2386598000, "changeToNetincome": 2917055000, "changeToAccountReceivables": 1318011000, "changeToLiabilities": 2506041000, "changeToInventory": -2751691000, "totalCashFromOperatingActivities": 7393073000, "capitalExpenditures": -6653792000, "investments": -424915000, "otherCashflowsFromInvestingActivities": 202446000, "totalCashflowsFromInvestingActivities": -13490856000, "dividendsPaid": -92189000, "netBorrowings": 8224221000, "otherCashflowsFromFinancingActivities": -1115070000, "totalCashFromFinancingActivities": 7016962000, "changeInCash": 919179000}, {"maxAge": 1, "endDate": "2017-03-31", "netIncome": 1874379000, "depreciation": 2824456000, "changeToNetincome": 484348000, "changeToAccountReceivables": -129604000, "changeToLiabilities": 483542000, "changeToInventory": -504510000, "totalCashFromOperatingActivities": 5032611000, "capitalExpenditures": -4913826000, "investments": -1144983000, "otherCashflowsFromInvestingActivities": 1381802000, "totalCashflowsFromInvestingActivities": -4571695000, "dividendsPaid": -43786000, "netBorrowings": 805360000, "otherCashflowsFromFinancingActivities": -1395913000, "totalCashFromFinancingActivities": -634339000, "changeInCash": -173423000}], "maxAge": 86400}, "indexTrend": {"maxAge": 1, "symbol": "SP5", "peRatio": 19.7411, "pegRatio": 1.34172, "estimates": [{"period": "0q", "growth": 0.549}, {"period": "+1q", "growth": 0.431}, {"period": "0y", "growth": 0.305}, {"period": "+1y", "growth": 0.109}, {"period": "+5y", "growth": 0.120865}, {"period": "-5y"}]}, "defaultKeyStatistics": {"maxAge": 1, "priceHint": 2, "enterpriseValue": 31694561280, "profitMargins": 0.18377, "floatShares": 6331387, "sharesOutstanding": 43786400, "heldPercentInsiders": 0.79735, "heldPercentInstitutions": 0.06381, "beta": 0.615806, "category": null, "bookValue": 509.647, "priceToBook": 1.4296169, "fundFamily": null, "legalType": null, "lastFiscalYearEnd": "2020-03-31 05:30:00", "nextFiscalYearEnd": "2022-03-31 05:30:00", "mostRecentQuarter": "2020-12-31 05:30:00", "earningsQuarterlyGrowth": 0.632, "netIncomeToCommon": 6996645888, "trailingEps": 159.789, "lastSplitFactor": "2:1", "lastSplitDate": "2010-10-22 05:30:00", "enterpriseToRevenue": 0.832, "enterpriseToEbitda": 2.919, "52WeekChange": 2.0820644, "SandP52WeekChange": 0.48148263, "lastDividendValue": 1.0, "lastDividendDate": 1600732800}, "industryTrend": {"maxAge": 1, "symbol": null, "estimates": []}, "quoteType": {"exchange": "NSI", "quoteType": "EQUITY", "symbol": "JINDALPOLY.NS", "underlyingSymbol": "JINDALPOLY.NS", "shortName": "JINDAL POLY FILMS", "longName": "Jindal Poly Films Limited", "firstTradeDateEpochUtc": "2002-07-01 09:15:00", "timeZoneFullName": "Asia/Kolkata", "timeZoneShortName": "IST", "uuid": "01258e7a-e1ce-3bf4-b8f2-d66f113cebde", "messageBoardId": "finmb_8444532", "gmtOffSetMilliseconds": 19800000, "maxAge": 1}, "incomeStatementHistory": {"incomeStatementHistory": [{"maxAge": 1, "endDate": "2020-03-31", "totalRevenue": 35386319000, "costOfRevenue": 22132462000, "grossProfit": 13253857000, "researchDevelopment": {}, "sellingGeneralAdministrative": 1036016000, "nonRecurring": {}, "otherOperatingExpenses": 5228657000, "totalOperatingExpenses": 29580663000, "operatingIncome": 5805656000, "totalOtherIncomeExpenseNet": -533295000, "ebit": 5805656000, "interestExpense": -446576000, "incomeBeforeTax": 5272361000, "incomeTaxExpense": 385916000, "minorityInterest": {}, "netIncomeFromContinuingOps": 4886445000, "discontinuedOperations": {}, "extraordinaryItems": {}, "effectOfAccountingCharges": {}, "otherItems": {}, "netIncome": 4886445000, "netIncomeApplicableToCommonShares": 4886446000}, {"maxAge": 1, "endDate": "2019-03-31", "totalRevenue": 36274906000, "costOfRevenue": 25840025000, "grossProfit": 10434881000, "researchDevelopment": {}, "sellingGeneralAdministrative": 963570000, "nonRecurring": {}, "otherOperatingExpenses": 4759361000, "totalOperatingExpenses": 32602086000, "operatingIncome": 3672820000, "totalOtherIncomeExpenseNet": -6080837000, "ebit": 3672820000, "interestExpense": -442511000, "incomeBeforeTax": -2408017000, "incomeTaxExpense": 1678472000, "minorityInterest": {}, "netIncomeFromContinuingOps": -4086489000, "discontinuedOperations": {}, "extraordinaryItems": {}, "effectOfAccountingCharges": {}, "otherItems": {}, "netIncome": -4086489000, "netIncomeApplicableToCommonShares": -4086483000}, {"maxAge": 1, "endDate": "2018-03-31", "totalRevenue": 64479518000, "costOfRevenue": 37895865000, "grossProfit": 26583653000, "researchDevelopment": {}, "sellingGeneralAdministrative": 8201125000, "nonRecurring": {}, "otherOperatingExpenses": 12191070000, "totalOperatingExpenses": 60839490000, "operatingIncome": 3640028000, "totalOtherIncomeExpenseNet": -658092000, "ebit": 3640028000, "interestExpense": -909249000, "incomeBeforeTax": 2981936000, "incomeTaxExpense": 1458160000, "minorityInterest": {}, "netIncomeFromContinuingOps": 1523776000, "discontinuedOperations": {}, "extraordinaryItems": {}, "effectOfAccountingCharges": {}, "otherItems": {}, "netIncome": 852096000, "netIncomeApplicableToCommonShares": 852096000}, {"maxAge": 1, "endDate": "2017-03-31", "totalRevenue": 70148565000, "costOfRevenue": 39515934000, "grossProfit": 30632631000, "researchDevelopment": {}, "sellingGeneralAdministrative": 10165974000, "nonRecurring": {}, "otherOperatingExpenses": 13683471000, "totalOperatingExpenses": 66189835000, "operatingIncome": 3958730000, "totalOtherIncomeExpenseNet": -108589000, "ebit": 3958730000, "interestExpense": -850083000, "incomeBeforeTax": 3850141000, "incomeTaxExpense": 1156133000, "minorityInterest": 7273708000, "netIncomeFromContinuingOps": 2694008000, "discontinuedOperations": {}, "extraordinaryItems": {}, "effectOfAccountingCharges": {}, "otherItems": {}, "netIncome": 1874379000, "netIncomeApplicableToCommonShares": 1874379000}], "maxAge": 86400}, "fundOwnership": {"maxAge": 1, "ownershipList": [{"maxAge": 1, "reportDate": "2021-01-31", "organization": "DFA Emerging Markets Core Equity Portfolio", "pctHeld": 0.0041, "position": 179294, "value": 80664370}, {"maxAge": 1, "reportDate": "2021-01-31", "organization": "DFA Investment Dimensions-DFA Emerging Mkts Value", "pctHeld": 0.0026, "position": 111794, "value": 50296120}, {"maxAge": 1, "reportDate": "2021-01-31", "organization": "DFA Emerging Markets Small Cap Series", "pctHeld": 0.002, "position": 88708, "value": 39909729}, {"maxAge": 1, "reportDate": "2021-01-31", "organization": "DFA Investment Dimensions-World Ex U.S. Core Equity Port", "pctHeld": 0.0001, "position": 4651, "value": 2092484}, {"maxAge": 1, "reportDate": "2021-03-31", "organization": "Avantis Emerging Markets Equity Fund", "pctHeld": 0.0001, "position": 3378, "value": 2501746}, {"maxAge": 1, "reportDate": "2021-01-31", "organization": "DFA Emerging Markets Sustainability Core 1 Portfolio", "pctHeld": 0.0001, "position": 3327, "value": 1496817}, {"maxAge": 1, "reportDate": "2021-01-31", "organization": "DFA Investment Dimensions-Emerging Markets Social Core Equity", "pctHeld": 0.0001, "position": 2952, "value": 1328104}]}, "summaryDetail": {"maxAge": 1, "priceHint": 2, "previousClose": 722.4, "open": 721.0, "dayLow": 715.9, "dayHigh": 744.0, "regularMarketPreviousClose": 722.4, "regularMarketOpen": 721.0, "regularMarketDayLow": 715.9, "regularMarketDayHigh": 744.0, "dividendRate": 1.0, "dividendYield": 0.0014, "exDividendDate": "2020-09-22 05:30:00", "payoutRatio": 0.0063, "fiveYearAvgDividendYield": 0.32, "beta": 0.615806, "trailingPE": 4.559763, "volume": 96290, "regularMarketVolume": 96290, "averageVolume": 236499, "averageVolume10days": 148331, "averageDailyVolume10Day": 148331, "bid": 0.0, "ask": 0.0, "bidSize": 0, "askSize": 0, "marketCap": 31874062336, "fiftyTwoWeekLow": 220.0, "fiftyTwoWeekHigh": 939.7, "priceToSalesTrailing12Months": 0.83716697, "fiftyDayAverage": 767.5028, "twoHundredDayAverage": 555.9455, "trailingAnnualDividendRate": 1.0, "trailingAnnualDividendYield": 0.0013842746, "currency": "INR", "fromCurrency": null, "toCurrency": null, "lastMarket": null, "algorithm": null, "tradeable": false}, "insiderHolders": {"holders": [{"maxAge": 1, "name": "Aakriti Trust", "relation": "Promoter", "url": "", "transactionDescription": "Gift", "latestTransDate": "2020-10-19", "positionDirect": 0, "positionDirectDate": "2020-10-19"}, {"maxAge": 1, "name": "Agarwal (Aakriti Ankit)", "relation": "Promoter", "url": "", "transactionDescription": "Sale", "latestTransDate": "2020-10-19", "positionDirect": 0, "positionDirectDate": "2020-10-19"}, {"maxAge": 1, "name": "Bhavesh Trust", "relation": "Institution- Corporation", "url": "", "transactionDescription": "Other", "latestTransDate": "2020-03-31", "positionDirect": 2369000, "positionDirectDate": "2020-03-31"}, {"maxAge": 1, "name": "Consolidated Finvest & Holdings Ltd", "relation": "Promoter", "url": "", "transactionDescription": "Acquisition", "latestTransDate": "2012-09-26", "positionDirect": 1513700, "positionDirectDate": "2012-09-26"}, {"maxAge": 1, "name": "Jindal (Bhavesh)", "relation": "Promoter", "url": "", "transactionDescription": "Sale", "latestTransDate": "2017-03-30", "positionDirect": 1000, "positionDirectDate": "2017-03-30"}, {"maxAge": 1, "name": "Jindal (Shyam Sunder)", "relation": "Promoter", "url": "", "transactionDescription": "Sale", "latestTransDate": "2016-03-03", "positionDirect": 0, "positionDirectDate": "2016-03-03"}, {"maxAge": 1, "name": "Jindal Photo Investments Ltd", "relation": "Promoter", "url": "", "transactionDescription": "Other", "latestTransDate": "2020-03-31", "positionDirect": 9245410, "positionDirectDate": "2020-03-31"}, {"maxAge": 1, "name": "SSJ Trust", "relation": "Promoter", "url": "", "transactionDescription": "Gift", "latestTransDate": "2020-10-19", "positionIndirect": 1208958, "positionIndirectDate": 1603065600}], "maxAge": 1}, "calendarEvents": {"maxAge": 1, "earnings": {"earningsDate": []}, "exDividendDate": "2020-09-22 05:30:00"}, "price": {"maxAge": 1, "regularMarketChangePercent": 0.008582435, "regularMarketChange": 6.199951, "regularMarketTime": "2021-04-30 15:30:00", "priceHint": 2, "regularMarketPrice": 728.6, "regularMarketDayHigh": 744.0, "regularMarketDayLow": 715.9, "regularMarketVolume": 96290, "averageDailyVolume10Day": 148331, "averageDailyVolume3Month": 236499, "regularMarketPreviousClose": 722.4, "regularMarketSource": "FREE_REALTIME", "regularMarketOpen": 721.0, "exchange": "NSI", "exchangeName": "NSE", "exchangeDataDelayedBy": 15, "marketState": "CLOSED", "quoteType": "EQUITY", "symbol": "JINDALPOLY.NS", "underlyingSymbol": null, "shortName": "JINDAL POLY FILMS", "longName": "Jindal Poly Films Limited", "currency": "INR", "quoteSourceName": "Delayed Quote", "currencySymbol": "\u20b9", "fromCurrency": null, "toCurrency": null, "lastMarket": null, "marketCap": 31874062336}, "balanceSheetHistory": {"balanceSheetStatements": [{"maxAge": 1, "endDate": "2020-03-31", "cash": 2510641000, "netReceivables": 3650706000, "inventory": 6990012000, "otherCurrentAssets": 607636000, "totalCurrentAssets": 17577359000, "longTermInvestments": 601245000, "propertyPlantEquipment": 25382511000, "intangibleAssets": 56731000, "otherAssets": 217336000, "totalAssets": 43835182000, "accountsPayable": 2527686000, "shortLongTermDebt": 2071009000, "otherCurrentLiab": 2578278000, "longTermDebt": 9485570000, "otherLiab": 5724143000, "totalCurrentLiabilities": 10072651000, "totalLiab": 25292230000, "commonStock": 437864000, "retainedEarnings": 13777216000, "treasuryStock": 2220936000, "capitalSurplus": 2106936000, "otherStockholderEquity": 2220936000, "totalStockholderEquity": 18542952000, "netTangibleAssets": 18486221000}, {"maxAge": 1, "endDate": "2019-03-31", "cash": 225255000, "netReceivables": 4144209000, "inventory": 5137715000, "otherCurrentAssets": 830265000, "totalCurrentAssets": 14376902000, "longTermInvestments": 9885354000, "propertyPlantEquipment": 20861038000, "intangibleAssets": 52009000, "otherAssets": 629953000, "totalAssets": 45805256000, "accountsPayable": 2660390000, "shortLongTermDebt": 1854822000, "otherCurrentLiab": 1325567000, "longTermDebt": 6812198000, "otherLiab": 7401381000, "totalCurrentLiabilities": 9021596000, "totalLiab": 23235175000, "commonStock": 437864000, "retainedEarnings": 15554810000, "treasuryStock": 4470471000, "capitalSurplus": 2106936000, "otherStockholderEquity": 4470471000, "totalStockholderEquity": 22570081000, "netTangibleAssets": 22518072000}, {"maxAge": 1, "endDate": "2018-03-31", "cash": 323038000, "shortTermInvestments": 85071000, "netReceivables": 3348433000, "inventory": 5560145000, "otherCurrentAssets": 1284930000, "totalCurrentAssets": 12863520000, "longTermInvestments": 13171999000, "propertyPlantEquipment": 17991882000, "intangibleAssets": 18498000, "otherAssets": 345821000, "totalAssets": 44391720000, "accountsPayable": 2348588000, "shortLongTermDebt": 2106044000, "otherCurrentLiab": 876285000, "longTermDebt": 4840957000, "otherLiab": 5795965000, "totalCurrentLiabilities": 8985140000, "totalLiab": 19622062000, "commonStock": 437864000, "retainedEarnings": 19694080000, "treasuryStock": 2530778000, "capitalSurplus": 2106936000, "otherStockholderEquity": 2530778000, "totalStockholderEquity": 24769658000, "netTangibleAssets": 24751160000}, {"maxAge": 1, "endDate": "2017-03-31", "cash": 822556000, "shortTermInvestments": 44018000, "netReceivables": 9333770000, "inventory": 12777811000, "otherCurrentAssets": 2838311000, "totalCurrentAssets": 27979507000, "longTermInvestments": 7010145000, "propertyPlantEquipment": 33356999000, "intangibleAssets": 889067000, "otherAssets": 719518000, "totalAssets": 69955236000, "accountsPayable": 7110452000, "shortLongTermDebt": 3823285000, "otherCurrentLiab": 1150315000, "longTermDebt": 10587511000, "otherLiab": 7509757000, "minorityInterest": 7273708000, "totalCurrentLiabilities": 20585115000, "totalLiab": 39025159000, "commonStock": 437864000, "retainedEarnings": 15957969000, "treasuryStock": 5153600000, "capitalSurplus": 2106936000, "otherStockholderEquity": 5153600000, "totalStockholderEquity": 23656369000, "netTangibleAssets": 22767302000}], "maxAge": 86400}, "earningsTrend": {"trend": [{"maxAge": 1, "period": "0q", "endDate": null, "growth": {}, "earningsEstimate": {"avg": 0.0, "low": 0.0, "high": 0.0, "yearAgoEps": {}, "numberOfAnalysts": 0, "growth": {}}, "revenueEstimate": {"avg": 0, "low": 0, "high": 0, "numberOfAnalysts": 0, "yearAgoRevenue": {}, "growth": {}}, "epsTrend": {"current": 0.0, "7daysAgo": 0.0, "30daysAgo": 0.0, "60daysAgo": 0.0, "90daysAgo": 0.0}, "epsRevisions": {"upLast7days": 0, "upLast30days": 0, "downLast30days": 0, "downLast90days": {}}}, {"maxAge": 1, "period": "+1q", "endDate": null, "growth": {}, "earningsEstimate": {"avg": 0.0, "low": 0.0, "high": 0.0, "yearAgoEps": {}, "numberOfAnalysts": 0, "growth": {}}, "revenueEstimate": {"avg": 0, "low": 0, "high": 0, "numberOfAnalysts": 0, "yearAgoRevenue": {}, "growth": {}}, "epsTrend": {"current": 0.0, "7daysAgo": 0.0, "30daysAgo": 0.0, "60daysAgo": 0.0, "90daysAgo": 0.0}, "epsRevisions": {"upLast7days": 0, "upLast30days": 0, "downLast30days": 0, "downLast90days": {}}}, {"maxAge": 1, "period": "0y", "endDate": null, "growth": {}, "earningsEstimate": {"avg": 0.0, "low": 0.0, "high": 0.0, "yearAgoEps": {}, "numberOfAnalysts": 0, "growth": {}}, "revenueEstimate": {"avg": 0, "low": 0, "high": 0, "numberOfAnalysts": 0, "yearAgoRevenue": {}, "growth": {}}, "epsTrend": {"current": 0.0, "7daysAgo": 0.0, "30daysAgo": 0.0, "60daysAgo": 0.0, "90daysAgo": 0.0}, "epsRevisions": {"upLast7days": 0, "upLast30days": 0, "downLast30days": 0, "downLast90days": {}}}, {"maxAge": 1, "period": "+1y", "endDate": null, "growth": {}, "earningsEstimate": {"avg": 0.0, "low": 0.0, "high": 0.0, "yearAgoEps": {}, "numberOfAnalysts": 0, "growth": {}}, "revenueEstimate": {"avg": 0, "low": 0, "high": 0, "numberOfAnalysts": 0, "yearAgoRevenue": {}, "growth": {}}, "epsTrend": {"current": 0.0, "7daysAgo": 0.0, "30daysAgo": 0.0, "60daysAgo": 0.0, "90daysAgo": 0.0}, "epsRevisions": {"upLast7days": 0, "upLast30days": 0, "downLast30days": 0, "downLast90days": {}}}, {"maxAge": 1, "period": "+5y", "endDate": null, "growth": {}, "earningsEstimate": {"avg": {}, "low": {}, "high": {}, "yearAgoEps": {}, "numberOfAnalysts": {}, "growth": {}}, "revenueEstimate": {"avg": {}, "low": {}, "high": {}, "numberOfAnalysts": {}, "yearAgoRevenue": {}, "growth": {}}, "epsTrend": {"current": {}, "7daysAgo": {}, "30daysAgo": {}, "60daysAgo": {}, "90daysAgo": {}}, "epsRevisions": {"upLast7days": {}, "upLast30days": {}, "downLast30days": {}, "downLast90days": {}}}, {"maxAge": 1, "period": "-5y", "endDate": null, "growth": {}, "earningsEstimate": {"avg": {}, "low": {}, "high": {}, "yearAgoEps": {}, "numberOfAnalysts": {}, "growth": {}}, "revenueEstimate": {"avg": {}, "low": {}, "high": {}, "numberOfAnalysts": {}, "yearAgoRevenue": {}, "growth": {}}, "epsTrend": {"current": {}, "7daysAgo": {}, "30daysAgo": {}, "60daysAgo": {}, "90daysAgo": {}}, "epsRevisions": {"upLast7days": {}, "upLast30days": {}, "downLast30days": {}, "downLast90days": {}}}], "maxAge": 1}, "institutionOwnership": {"maxAge": 1, "ownershipList": []}, "majorHoldersBreakdown": {"maxAge": 1, "insidersPercentHeld": 0.79735, "institutionsPercentHeld": 0.06381, "institutionsFloatPercentHeld": 0.31485, "institutionsCount": 4}, "balanceSheetHistoryQuarterly": {"balanceSheetStatements": [{"maxAge": 1, "endDate": "2020-12-31", "totalStockholderEquity": 22317200000, "netTangibleAssets": 22268000000}, {"maxAge": 1, "endDate": "2020-09-30", "cash": 2567600000, "shortTermInvestments": 5718900000, "netReceivables": 1189100000, "inventory": 5910400000, "otherCurrentAssets": 1176200000, "totalCurrentAssets": 16562200000, "longTermInvestments": 570800000, "propertyPlantEquipment": 25322700000, "intangibleAssets": 49200000, "otherAssets": 164300000, "totalAssets": 42669200000, "accountsPayable": 2157700000, "otherCurrentLiab": 3808500000, "longTermDebt": 7085600000, "otherLiab": 6034000000, "totalCurrentLiabilities": 7225100000, "totalLiab": 20352000000, "commonStock": 437900000, "treasuryStock": 21879300000, "otherStockholderEquity": 21879300000, "totalStockholderEquity": 22317200000, "netTangibleAssets": 22268000000}, {"maxAge": 1, "endDate": "2020-06-30", "totalStockholderEquity": 18543000000, "netTangibleAssets": 18486300000}, {"maxAge": 1, "endDate": "2020-03-31", "cash": 2510641000, "netReceivables": 3650706000, "inventory": 6990012000, "otherCurrentAssets": 607636000, "totalCurrentAssets": 17577359000, "longTermInvestments": 601245000, "propertyPlantEquipment": 25382511000, "intangibleAssets": 56731000, "otherAssets": 217336000, "totalAssets": 43835182000, "accountsPayable": 2527686000, "shortLongTermDebt": 2071009000, "otherCurrentLiab": 2578278000, "longTermDebt": 9485570000, "otherLiab": 5724143000, "totalCurrentLiabilities": 10072651000, "totalLiab": 25292230000, "commonStock": 437864000, "retainedEarnings": 13777216000, "treasuryStock": 2220936000, "capitalSurplus": 2106936000, "otherStockholderEquity": 2220936000, "totalStockholderEquity": 18542952000, "netTangibleAssets": 18486221000}], "maxAge": 86400}, "earningsHistory": {"history": [{"maxAge": 1, "epsActual": {}, "epsEstimate": {}, "epsDifference": {}, "surprisePercent": {}, "quarter": {}, "period": "-4q"}, {"maxAge": 1, "epsActual": {}, "epsEstimate": {}, "epsDifference": {}, "surprisePercent": {}, "quarter": {}, "period": "-3q"}, {"maxAge": 1, "epsActual": {}, "epsEstimate": {}, "epsDifference": {}, "surprisePercent": {}, "quarter": {}, "period": "-2q"}, {"maxAge": 1, "epsActual": {}, "epsEstimate": {}, "epsDifference": {}, "surprisePercent": {}, "quarter": {}, "period": "-1q"}], "maxAge": 86400}, "summaryProfile": {"address1": "Local Shopping Complex", "address2": "Plot No. 12 Sector B-1 Vasant Kunj", "city": "New Delhi", "zip": "110070", "country": "India", "phone": "91 11 4032 2100", "fax": "91 11 4032 2129", "website": "http://www.jindalpoly.com", "industry": "Specialty Chemicals", "sector": "Basic Materials", "longBusinessSummary": "Jindal Poly Films Limited manufactures and sells BOPET and BOPP films in India and internationally. It operates through Packaging Films and Nonwoven Fabrics segments. The company's BOPP films include transparent BOPP heat sealable and non-heat sealable films, solid white films, matte films, coex films, pearlized films, label BOPP films, opaque films, release films, tape and textile films, and metallize BOPP films; and PET films comprise chemical treated, opaque white, matte, high strength yarn grade, co-extruded clear, and ultra-clear corona treated PET films for the converting and graphic arts industry, as well as electrical insulation, label, and other applications. It also provides metalized films for flexible packaging, gift wrap, and decorative applications, as well as sequins for textiles; coated films, such as PVDC, acrylic, silicon, AlOx, ink receptive, digital printable, and DG coated films, as well as coated high COF matte PET and lidding films; and CPP films for regular applications and specialty films for high barrier and retort applications. In addition, the company offers thermal lamination films; non tearable paper films for photo albums, certificates, playing cards, gift cards, visiting cards, calendar, menu cards, wedding cards, and modelling portfolio applications; and medical X-Ray films. Further, it manufactures polyester chips; and polypropylene based spunbond and spunmelt fabrics in roll goods form. Jindal Poly Films Limited was incorporated in 1974 and is based in New Delhi, India.", "fullTimeEmployees": 1751, "companyOfficers": [], "maxAge": 86400}, "netSharePurchaseActivity": {"maxAge": 1, "period": "6m", "buyInfoCount": 0, "buyInfoShares": 0, "sellInfoCount": 0, "netInfoCount": 0, "netInfoShares": 0, "netPercentInsiderShares": 0.0, "totalInsiderShares": 34912388}, "insiderTransactions": {"transactions": [{"maxAge": 1, "shares": 0, "filerUrl": "", "transactionText": "", "filerName": "SSJ Trust", "filerRelation": "Promoter", "moneyText": "", "startDate": "2020-10-19", "ownership": "I"}, {"maxAge": 1, "shares": 455525, "value": 2894269, "filerUrl": "", "transactionText": "Gift at price 6.35 per share.", "filerName": "Aakriti Trust", "filerRelation": "Promoter", "moneyText": "", "startDate": "2020-10-19", "ownership": "D"}, {"maxAge": 1, "shares": 1000, "filerUrl": "", "transactionText": "", "filerName": "Agarwal (Aakriti Ankit)", "filerRelation": "Promoter", "moneyText": "", "startDate": "2020-10-19", "ownership": "D"}, {"maxAge": 1, "shares": 1665483, "filerUrl": "", "transactionText": "", "filerName": "SSJ Trust", "filerRelation": "Promoter", "moneyText": "", "startDate": "2020-10-10", "ownership": "D"}, {"maxAge": 1, "shares": 21773242, "filerUrl": "", "transactionText": "", "filerName": "Jindal Photo Investments Ltd", "filerRelation": "Promoter", "moneyText": "", "startDate": "2020-03-31", "ownership": "D"}, {"maxAge": 1, "shares": 2250000, "filerUrl": "", "transactionText": "", "filerName": "Bhavesh Trust", "filerRelation": "Institution- Corporation", "moneyText": "", "startDate": "2020-03-31", "ownership": "D"}, {"maxAge": 1, "shares": 119000, "filerUrl": "", "transactionText": "", "filerName": "Jindal (Bhavesh)", "filerRelation": "Promoter", "moneyText": "", "startDate": "2017-03-30", "ownership": "D"}, {"maxAge": 1, "shares": 449000, "filerUrl": "", "transactionText": "", "filerName": "Agarwal (Aakriti Ankit)", "filerRelation": "Promoter", "moneyText": "", "startDate": "2017-03-30", "ownership": "D"}, {"maxAge": 1, "shares": 743200, "filerUrl": "", "transactionText": "", "filerName": "Jindal (Shyam Sunder)", "filerRelation": "Promoter", "moneyText": "", "startDate": "2016-03-03", "ownership": "D"}, {"maxAge": 1, "shares": 14210, "filerUrl": "", "transactionText": "", "filerName": "Consolidated Finvest & Holdings Ltd", "filerRelation": "Promoter", "moneyText": "", "startDate": "2012-09-26", "ownership": "D"}, {"maxAge": 1, "shares": 14202, "filerUrl": "", "transactionText": "", "filerName": "Consolidated Finvest & Holdings Ltd", "filerRelation": "Promoter", "moneyText": "", "startDate": "2012-09-25", "ownership": "D"}, {"maxAge": 1, "shares": 2801, "filerUrl": "", "transactionText": "", "filerName": "Consolidated Finvest & Holdings Ltd", "filerRelation": "Promoter", "moneyText": "", "startDate": "2012-09-24", "ownership": "D"}, {"maxAge": 1, "shares": 6854, "filerUrl": "", "transactionText": "", "filerName": "Consolidated Finvest & Holdings Ltd", "filerRelation": "Promoter", "moneyText": "", "startDate": "2012-09-20", "ownership": "D"}, {"maxAge": 1, "shares": 14399, "filerUrl": "", "transactionText": "", "filerName": "Consolidated Finvest & Holdings Ltd", "filerRelation": "Promoter", "moneyText": "", "startDate": "2012-09-13", "ownership": "D"}, {"maxAge": 1, "shares": 4785, "filerUrl": "", "transactionText": "", "filerName": "Consolidated Finvest & Holdings Ltd", "filerRelation": "Promoter", "moneyText": "", "startDate": "2012-09-11", "ownership": "D"}, {"maxAge": 1, "shares": 15228, "filerUrl": "", "transactionText": "", "filerName": "Consolidated Finvest & Holdings Ltd", "filerRelation": "Promoter", "moneyText": "", "startDate": "2012-09-10", "ownership": "D"}, {"maxAge": 1, "shares": 43216, "filerUrl": "", "transactionText": "", "filerName": "Consolidated Finvest & Holdings Ltd", "filerRelation": "Promoter", "moneyText": "", "startDate": "2012-09-07", "ownership": "D"}, {"maxAge": 1, "shares": 57000, "filerUrl": "", "transactionText": "", "filerName": "Consolidated Finvest & Holdings Ltd", "filerRelation": "Promoter", "moneyText": "", "startDate": "2012-09-06", "ownership": "D"}, {"maxAge": 1, "shares": 29200, "filerUrl": "", "transactionText": "", "filerName": "Consolidated Finvest & Holdings Ltd", "filerRelation": "Promoter", "moneyText": "", "startDate": "2012-09-05", "ownership": "D"}, {"maxAge": 1, "shares": 30000, "filerUrl": "", "transactionText": "", "filerName": "Consolidated Finvest & Holdings Ltd", "filerRelation": "Promoter", "moneyText": "", "startDate": "2012-09-04", "ownership": "D"}, {"maxAge": 1, "shares": 31544, "filerUrl": "", "transactionText": "", "filerName": "Consolidated Finvest & Holdings Ltd", "filerRelation": "Promoter", "moneyText": "", "startDate": "2012-09-03", "ownership": "D"}, {"maxAge": 1, "shares": 36070, "filerUrl": "", "transactionText": "", "filerName": "Consolidated Finvest & Holdings Ltd", "filerRelation": "Promoter", "moneyText": "", "startDate": "2012-08-22", "ownership": "D"}, {"maxAge": 1, "shares": 14600, "filerUrl": "", "transactionText": "", "filerName": "Consolidated Finvest & Holdings Ltd", "filerRelation": "Promoter", "moneyText": "", "startDate": "2012-08-21", "ownership": "D"}, {"maxAge": 1, "shares": 14507, "filerUrl": "", "transactionText": "", "filerName": "Consolidated Finvest & Holdings Ltd", "filerRelation": "Promoter", "moneyText": "", "startDate": "2012-08-17", "ownership": "D"}, {"maxAge": 1, "shares": 29086, "filerUrl": "", "transactionText": "", "filerName": "Consolidated Finvest & Holdings Ltd", "filerRelation": "Promoter", "moneyText": "", "startDate": "2012-08-16", "ownership": "D"}, {"maxAge": 1, "shares": 870800, "filerUrl": "", "transactionText": "", "filerName": "Consolidated Finvest & Holdings Ltd", "filerRelation": "Promoter", "moneyText": "", "startDate": "2012-08-03", "ownership": "D"}, {"maxAge": 1, "shares": 50000, "filerUrl": "", "transactionText": "", "filerName": "Agarwal (Aakriti Ankit)", "filerRelation": "Promoter", "moneyText": "", "startDate": "2012-08-03", "ownership": "D"}, {"maxAge": 1, "shares": 150000, "filerUrl": "", "transactionText": "", "filerName": "Jindal (Shyam Sunder)", "filerRelation": "Promoter", "moneyText": "", "startDate": "2012-08-03", "ownership": "D"}, {"maxAge": 1, "shares": 380000, "filerUrl": "", "transactionText": "", "filerName": "Jindal (Bhavesh)", "filerRelation": "Promoter", "moneyText": "", "startDate": "2012-08-03", "ownership": "D"}, {"maxAge": 1, "shares": 31018652, "filerUrl": "", "transactionText": "", "filerName": "Jindal Photo Investments Ltd", "filerRelation": "Promoter", "moneyText": "", "startDate": "2011-12-19", "ownership": "D"}, {"maxAge": 1, "shares": 1000000, "filerUrl": "", "transactionText": "", "filerName": "Consolidated Finvest & Holdings Ltd", "filerRelation": "Promoter", "moneyText": "", "startDate": "2010-07-03", "ownership": "D"}], "maxAge": 1}, "sectorTrend": {"maxAge": 1, "symbol": null, "estimates": []}, "incomeStatementHistoryQuarterly": {"incomeStatementHistory": [{"maxAge": 1, "endDate": "2020-12-31", "totalRevenue": 10689700000, "costOfRevenue": 5944900000, "grossProfit": 4744800000, "researchDevelopment": {}, "sellingGeneralAdministrative": 304600000, "nonRecurring": {}, "otherOperatingExpenses": 1404000000, "totalOperatingExpenses": 8031100000, "operatingIncome": 2658600000, "totalOtherIncomeExpenseNet": -13600000, "ebit": 2658600000, "interestExpense": -361200000, "incomeBeforeTax": 2645000000, "incomeTaxExpense": 672900000, "minorityInterest": {}, "netIncomeFromContinuingOps": 1972100000, "discontinuedOperations": {}, "extraordinaryItems": {}, "effectOfAccountingCharges": {}, "otherItems": {}, "netIncome": 1972100000, "netIncomeApplicableToCommonShares": 1972100000}, {"maxAge": 1, "endDate": "2020-09-30", "totalRevenue": 10912300000, "costOfRevenue": 5769400000, "grossProfit": 5142900000, "researchDevelopment": {}, "sellingGeneralAdministrative": 270000000, "nonRecurring": {}, "otherOperatingExpenses": 1492300000, "totalOperatingExpenses": 7896800000, "operatingIncome": 3015500000, "totalOtherIncomeExpenseNet": 112500000, "ebit": 3015500000, "interestExpense": -197500000, "incomeBeforeTax": 3128000000, "incomeTaxExpense": 664400000, "minorityInterest": {}, "netIncomeFromContinuingOps": 2463600000, "discontinuedOperations": {}, "extraordinaryItems": {}, "effectOfAccountingCharges": {}, "otherItems": {}, "netIncome": 2463600000, "netIncomeApplicableToCommonShares": 2463600000}, {"maxAge": 1, "endDate": "2020-06-30", "totalRevenue": 7712500000, "costOfRevenue": 4081500000, "grossProfit": 3631000000, "researchDevelopment": {}, "sellingGeneralAdministrative": 249300000, "nonRecurring": {}, "otherOperatingExpenses": 1237100000, "totalOperatingExpenses": 5913100000, "operatingIncome": 1799400000, "totalOtherIncomeExpenseNet": -39600000, "ebit": 1799400000, "interestExpense": -251600000, "incomeBeforeTax": 1759800000, "incomeTaxExpense": 455800000, "minorityInterest": {}, "netIncomeFromContinuingOps": 1304000000, "discontinuedOperations": {}, "extraordinaryItems": {}, "effectOfAccountingCharges": {}, "otherItems": {}, "netIncome": 1304000000, "netIncomeApplicableToCommonShares": 1304000000}, {"maxAge": 1, "endDate": "2020-03-31", "totalRevenue": 8863019000, "costOfRevenue": 5008962000, "grossProfit": 3854057000, "researchDevelopment": {}, "sellingGeneralAdministrative": 315616000, "nonRecurring": {}, "otherOperatingExpenses": 1130257000, "totalOperatingExpenses": 6744263000, "operatingIncome": 2118756000, "totalOtherIncomeExpenseNet": -473495000, "ebit": 2118756000, "interestExpense": -46876000, "incomeBeforeTax": 1645261000, "incomeTaxExpense": 252616000, "minorityInterest": {}, "netIncomeFromContinuingOps": 1392645000, "discontinuedOperations": {}, "extraordinaryItems": {}, "effectOfAccountingCharges": {}, "otherItems": {}, "netIncome": 1392645000, "netIncomeApplicableToCommonShares": 1392646000}], "maxAge": 86400}, "cashflowStatementHistoryQuarterly": {"cashflowStatements": [{"maxAge": 1, "endDate": "2020-12-31", "netIncome": 1972100000, "changeToLiabilities": 0}, {"maxAge": 1, "endDate": "2020-09-30", "netIncome": 2463600000, "changeToLiabilities": 0}, {"maxAge": 1, "endDate": "2020-06-30", "netIncome": 1304000000, "changeToLiabilities": 0}, {"maxAge": 1, "endDate": "2020-03-31", "netIncome": 1392645000, "changeToLiabilities": 0}], "maxAge": 86400}, "earnings": {"maxAge": 86400, "earningsChart": {"quarterly": [], "earningsDate": []}, "financialsChart": {"yearly": [{"date": 2017, "revenue": 70148565000, "earnings": 1874379000}, {"date": 2018, "revenue": 64479518000, "earnings": 852096000}, {"date": 2019, "revenue": 36274906000, "earnings": -4086489000}, {"date": 2020, "revenue": 35386319000, "earnings": 4886445000}], "quarterly": [{"date": "1Q2020", "revenue": 8863019000, "earnings": 1392645000}, {"date": "2Q2020", "revenue": 7712500000, "earnings": 1304000000}, {"date": "3Q2020", "revenue": 10912300000, "earnings": 2463600000}, {"date": "4Q2020", "revenue": 10689700000, "earnings": 1972100000}]}, "financialCurrency": "INR"}, "financialData": {"maxAge": 86400, "currentPrice": 728.6, "targetHighPrice": 565.0, "targetLowPrice": 565.0, "targetMeanPrice": 565.0, "targetMedianPrice": 565.0, "recommendationMean": 2.0, "recommendationKey": "buy", "numberOfAnalystOpinions": 1, "totalCash": 8286499840, "totalCashPerShare": 189.252, "ebitda": 10857746432, "totalDebt": 8350400000, "totalRevenue": 38073720832, "debtToEquity": 37.417, "revenuePerShare": 869.523, "grossProfits": 13253857000, "earningsGrowth": 0.632, "revenueGrowth": 0.096, "grossMargins": 0.45629, "ebitdaMargins": 0.28518, "operatingMargins": 0.25194, "profitMargins": 0.18377, "financialCurrency": "INR"}}}