{"JINDWORLD.BO": {"recommendationTrend": {"trend": [{"period": "0m", "strongBuy": 0, "buy": 0, "hold": 0, "sell": 0, "strongSell": 0}, {"period": "-1m", "strongBuy": 0, "buy": 0, "hold": 0, "sell": 0, "strongSell": 0}, {"period": "-2m", "strongBuy": 0, "buy": 0, "hold": 0, "sell": 0, "strongSell": 0}, {"period": "-3m", "strongBuy": 0, "buy": 0, "hold": 0, "sell": 0, "strongSell": 0}], "maxAge": 86400}, "cashflowStatementHistory": {"cashflowStatements": [{"maxAge": 1, "endDate": "2020-03-31", "netIncome": 284831000, "depreciation": 454937000, "changeToNetincome": 674482000, "changeToAccountReceivables": -631519000, "changeToLiabilities": -1412921000, "changeToInventory": 300871000, "changeToOperatingActivities": 545587000, "totalCashFromOperatingActivities": 216268000, "capitalExpenditures": -49135000, "investments": -166079000, "otherCashflowsFromInvestingActivities": 40257000, "totalCashflowsFromInvestingActivities": 2149788000, "dividendsPaid": -22112000, "netBorrowings": -1846624000, "otherCashflowsFromFinancingActivities": -628987000, "totalCashFromFinancingActivities": -2497723000, "changeInCash": -131668000}, {"maxAge": 1, "endDate": "2019-03-31", "netIncome": 300295000, "depreciation": 881655000, "changeToNetincome": 445736000, "changeToAccountReceivables": 319382000, "changeToLiabilities": 1059995000, "changeToInventory": -294637000, "changeToOperatingActivities": -2935000, "totalCashFromOperatingActivities": 2709491000, "capitalExpenditures": -723937000, "investments": -475359000, "otherCashflowsFromInvestingActivities": 10342000, "totalCashflowsFromInvestingActivities": -1183806000, "dividendsPaid": -10026000, "netBorrowings": -717253000, "otherCashflowsFromFinancingActivities": -706008000, "totalCashFromFinancingActivities": -1433287000, "changeInCash": 92397000}, {"maxAge": 1, "endDate": "2018-03-31", "netIncome": 585977000, "depreciation": 531185000, "changeToNetincome": 420832000, "changeToAccountReceivables": -1848708000, "changeToLiabilities": 2195236000, "changeToInventory": -1310048000, "changeToOperatingActivities": -185014000, "totalCashFromOperatingActivities": 389460000, "capitalExpenditures": -1511779000, "investments": -162872000, "otherCashflowsFromInvestingActivities": 14089000, "totalCashflowsFromInvestingActivities": -1659978000, "dividendsPaid": -12069000, "netBorrowings": 1747396000, "otherCashflowsFromFinancingActivities": -330755000, "totalCashFromFinancingActivities": 1404572000, "changeInCash": 134054000}, {"maxAge": 1, "endDate": "2017-03-31", "netIncome": 664247504, "depreciation": 487585163, "changeToNetincome": 204866264, "changeToAccountReceivables": -342885639, "changeToLiabilities": -185944730, "changeToInventory": -32048178, "changeToOperatingActivities": -718644438, "totalCashFromOperatingActivities": 77175946, "capitalExpenditures": -400310013, "investments": -1566000, "otherCashflowsFromInvestingActivities": 6974912, "totalCashflowsFromInvestingActivities": -95501101, "dividendsPaid": -12067082, "netBorrowings": 327851718, "otherCashflowsFromFinancingActivities": -317764984, "totalCashFromFinancingActivities": -1980348, "changeInCash": -20305503}], "maxAge": 86400}, "institutionOwnership": {"ownershipList": [], "maxAge": 1}, "balanceSheetHistoryQuarterly": {"balanceSheetStatements": [{"maxAge": 1, "endDate": "2020-06-30", "totalStockholderEquity": 3762332000, "netTangibleAssets": 3756545000}, {"maxAge": 1, "endDate": "2020-03-31", "cash": 211533000, "shortTermInvestments": 392772000, "netReceivables": 4279780000, "inventory": 2449532000, "otherCurrentAssets": 623958000, "totalCurrentAssets": 7957575000, "longTermInvestments": 197336000, "propertyPlantEquipment": 2950728000, "goodWill": 5787000, "otherAssets": 11828000, "totalAssets": 11123254000, "accountsPayable": 2602161000, "shortLongTermDebt": 280164000, "otherCurrentLiab": 413888000, "longTermDebt": 1508391000, "otherLiab": 170134000, "totalCurrentLiabilities": 5682397000, "totalLiab": 7360922000, "commonStock": 200520000, "treasuryStock": 3561812000, "otherStockholderEquity": 3561812000, "totalStockholderEquity": 3762332000, "netTangibleAssets": 3756545000}, {"maxAge": 1, "endDate": "2019-12-31", "totalStockholderEquity": 3695254000, "netTangibleAssets": 3682827000}, {"maxAge": 1, "endDate": "2019-09-30", "cash": 388485000, "shortTermInvestments": 641679000, "netReceivables": 3523189000, "inventory": 2546138000, "otherCurrentAssets": 1394863000, "totalCurrentAssets": 8494354000, "longTermInvestments": 37881000, "propertyPlantEquipment": 4923232000, "goodWill": 12427000, "otherAssets": 33217000, "totalAssets": 13501111000, "accountsPayable": 3052519000, "shortLongTermDebt": 535531000, "otherCurrentLiab": 489014000, "longTermDebt": 2599269000, "otherLiab": 169209000, "minorityInterest": 7978000, "totalCurrentLiabilities": 7029401000, "totalLiab": 9797879000, "commonStock": 200520000, "treasuryStock": 3494734000, "otherStockholderEquity": 3494734000, "totalStockholderEquity": 3695254000, "netTangibleAssets": 3682827000}], "maxAge": 86400}, "earningsHistory": {"history": [{"maxAge": 1, "epsActual": 1.02, "epsEstimate": 1.16, "epsDifference": -0.14, "surprisePercent": -0.12100001, "quarter": "2017-09-30", "period": "-4q"}, {"maxAge": 1, "epsActual": 0.79, "epsEstimate": 0.77, "epsDifference": 0.02, "surprisePercent": 0.025999999, "quarter": "2017-12-31", "period": "-3q"}, {"maxAge": 1, "epsActual": 0.25, "epsEstimate": 1.09, "epsDifference": -0.84, "surprisePercent": -0.77099997, "quarter": "2018-03-31", "period": "-2q"}, {"maxAge": 1, "epsActual": 0.79, "epsEstimate": 0.77, "epsDifference": 0.02, "surprisePercent": 0.025999999, "quarter": "2018-06-30", "period": "-1q"}], "maxAge": 86400}, "indexTrend": {"maxAge": 1, "symbol": "SP5", "peRatio": 19.7411, "pegRatio": 1.34172, "estimates": [{"period": "0q", "growth": 0.549}, {"period": "+1q", "growth": 0.431}, {"period": "0y", "growth": 0.305}, {"period": "+1y", "growth": 0.109}, {"period": "+5y", "growth": 0.120865}, {"period": "-5y"}]}, "industryTrend": {"maxAge": 1, "symbol": null, "estimates": []}, "insiderTransactions": {"transactions": [{"maxAge": 1, "shares": 20000, "filerUrl": "", "transactionText": "", "filerName": "Agrawal (Amit Yamunadutt)", "filerRelation": "Chief Executive Officer", "moneyText": "", "startDate": "2017-07-12", "ownership": "D"}, {"maxAge": 1, "shares": 975000, "filerUrl": "", "transactionText": "", "filerName": "Agrawal (Amit Yamunadutt)", "filerRelation": "Chief Executive Officer", "moneyText": "", "startDate": "2017-03-28", "ownership": "D"}, {"maxAge": 1, "shares": 745600, "filerUrl": "", "transactionText": "", "filerName": "Agrawal (Kailash)", "filerRelation": "UNREPORTED", "moneyText": "", "startDate": "2011-01-28", "ownership": "D"}, {"maxAge": 1, "shares": 3000000, "filerUrl": "", "transactionText": "", "filerName": "Agrawal (Saroj)", "filerRelation": "UNREPORTED", "moneyText": "", "startDate": "2011-01-28", "ownership": "D"}], "maxAge": 1}, "quoteType": {"exchange": "BSE", "quoteType": "EQUITY", "symbol": "JINDWORLD.BO", "underlyingSymbol": "JINDWORLD.BO", "shortName": "JINDAL WORLDWIDE LTD.", "longName": "Jindal Worldwide Limited", "firstTradeDateEpochUtc": "2002-01-04 09:15:00", "timeZoneFullName": "Asia/Kolkata", "timeZoneShortName": "IST", "uuid": "71d67061-b4c0-3086-ac38-964379dc8d42", "gmtOffSetMilliseconds": 19800000, "maxAge": 1}, "incomeStatementHistory": {"incomeStatementHistory": [{"maxAge": 1, "endDate": "2020-03-31", "totalRevenue": 21989494000, "costOfRevenue": 17340153000, "grossProfit": 4649341000, "researchDevelopment": {}, "sellingGeneralAdministrative": 124597000, "nonRecurring": {}, "otherOperatingExpenses": 3134366000, "totalOperatingExpenses": 21054053000, "operatingIncome": 935441000, "totalOtherIncomeExpenseNet": -542651000, "ebit": 935441000, "interestExpense": -609649000, "incomeBeforeTax": 392790000, "incomeTaxExpense": 107959000, "minorityInterest": {}, "netIncomeFromContinuingOps": 284831000, "discontinuedOperations": {}, "extraordinaryItems": {}, "effectOfAccountingCharges": {}, "otherItems": {}, "netIncome": 284831000, "netIncomeApplicableToCommonShares": 284831000}, {"maxAge": 1, "endDate": "2019-03-31", "totalRevenue": 22119830000, "costOfRevenue": 15640202000, "grossProfit": 6479628000, "researchDevelopment": {}, "sellingGeneralAdministrative": 345500000, "nonRecurring": {}, "otherOperatingExpenses": 4111119000, "totalOperatingExpenses": 20978476000, "operatingIncome": 1141354000, "totalOtherIncomeExpenseNet": -701210000, "ebit": 1141354000, "interestExpense": -392516000, "incomeBeforeTax": 440144000, "incomeTaxExpense": 133313000, "minorityInterest": 7744000, "netIncomeFromContinuingOps": 306831000, "discontinuedOperations": {}, "extraordinaryItems": {}, "effectOfAccountingCharges": {}, "otherItems": {}, "netIncome": 300295000, "netIncomeApplicableToCommonShares": 300295000}, {"maxAge": 1, "endDate": "2018-03-31", "totalRevenue": 16501872000, "costOfRevenue": 9662396000, "grossProfit": 6839476000, "researchDevelopment": {}, "sellingGeneralAdministrative": 119928000, "nonRecurring": {}, "otherOperatingExpenses": 4854335000, "totalOperatingExpenses": 15167844000, "operatingIncome": 1334028000, "totalOtherIncomeExpenseNet": -480588000, "ebit": 1334028000, "interestExpense": -377730000, "incomeBeforeTax": 853440000, "incomeTaxExpense": 266535000, "minorityInterest": 56019000, "netIncomeFromContinuingOps": 586905000, "discontinuedOperations": {}, "extraordinaryItems": {}, "effectOfAccountingCharges": {}, "otherItems": {}, "netIncome": 585977000, "netIncomeApplicableToCommonShares": 585977000}, {"maxAge": 1, "endDate": "2017-03-31", "totalRevenue": 11577066995, "costOfRevenue": 7283863015, "grossProfit": 4293203980, "researchDevelopment": {}, "sellingGeneralAdministrative": 98124795, "nonRecurring": {}, "otherOperatingExpenses": 2816433568, "totalOperatingExpenses": 10686006541, "operatingIncome": 891060454, "totalOtherIncomeExpenseNet": -83246948, "ebit": 891060454, "interestExpense": -358525366, "incomeBeforeTax": 807813506, "incomeTaxExpense": 143566002, "minorityInterest": 56019000, "netIncomeFromContinuingOps": 664247504, "discontinuedOperations": {}, "extraordinaryItems": {}, "effectOfAccountingCharges": {}, "otherItems": {}, "netIncome": 664247504, "netIncomeApplicableToCommonShares": 664247504}], "maxAge": 86400}, "fundOwnership": {"ownershipList": [], "maxAge": 1}, "summaryDetail": {"maxAge": 1, "priceHint": 2, "previousClose": 45.7, "open": 47.8, "dayLow": 45.4, "dayHigh": 47.8, "regularMarketPreviousClose": 45.7, "regularMarketOpen": 47.8, "regularMarketDayLow": 45.4, "regularMarketDayHigh": 47.8, "trailingPE": 191.4226, "forwardPE": 9.734043, "volume": 48465, "regularMarketVolume": 48465, "averageVolume": 75856, "averageVolume10days": 99095, "averageDailyVolume10Day": 99095, "bid": 45.65, "ask": 46.8, "bidSize": 0, "askSize": 0, "marketCap": 9173789696, "fiftyTwoWeekLow": 24.5, "fiftyTwoWeekHigh": 70.0, "fiftyDayAverage": 57.674244, "twoHundredDayAverage": 50.753307, "trailingAnnualDividendRate": 0.05, "trailingAnnualDividendYield": 0.0010940919, "currency": "INR", "fromCurrency": null, "lastMarket": null, "algorithm": null, "tradeable": false}, "sectorTrend": {"maxAge": 1, "symbol": null, "estimates": []}, "incomeStatementHistoryQuarterly": {"incomeStatementHistory": [{"maxAge": 1, "endDate": "2020-06-30", "totalRevenue": 545322000, "costOfRevenue": 309407000, "grossProfit": 235915000, "researchDevelopment": {}, "sellingGeneralAdministrative": 18888000, "nonRecurring": {}, "otherOperatingExpenses": 196813000, "totalOperatingExpenses": 598717000, "operatingIncome": -53395000, "totalOtherIncomeExpenseNet": -138104000, "ebit": -53395000, "interestExpense": -129148000, "incomeBeforeTax": -191499000, "incomeTaxExpense": -42516000, "minorityInterest": {}, "netIncomeFromContinuingOps": -148983000, "discontinuedOperations": {}, "extraordinaryItems": {}, "effectOfAccountingCharges": {}, "otherItems": {}, "netIncome": -148983000, "netIncomeApplicableToCommonShares": -148983000}, {"maxAge": 1, "endDate": "2020-03-31", "totalRevenue": 6396623000, "costOfRevenue": 5208438000, "grossProfit": 1188185000, "researchDevelopment": {}, "sellingGeneralAdministrative": 33064000, "nonRecurring": {}, "otherOperatingExpenses": 835636000, "totalOperatingExpenses": 6191876000, "operatingIncome": 204747000, "totalOtherIncomeExpenseNet": -186253000, "ebit": 204747000, "interestExpense": -207203000, "incomeBeforeTax": 18494000, "incomeTaxExpense": 15787000, "minorityInterest": {}, "netIncomeFromContinuingOps": 2707000, "discontinuedOperations": {}, "extraordinaryItems": {}, "effectOfAccountingCharges": {}, "otherItems": {}, "netIncome": 2707000, "netIncomeApplicableToCommonShares": 2707000}, {"maxAge": 1, "endDate": "2019-12-31", "totalRevenue": 4847153000, "costOfRevenue": 3790690000, "grossProfit": 1056463000, "researchDevelopment": {}, "sellingGeneralAdministrative": 34335000, "nonRecurring": {}, "otherOperatingExpenses": 643462000, "totalOperatingExpenses": 4585552000, "operatingIncome": 261601000, "totalOtherIncomeExpenseNet": -115135000, "ebit": 261601000, "interestExpense": -135203000, "incomeBeforeTax": 146466000, "incomeTaxExpense": 32714000, "minorityInterest": {}, "netIncomeFromContinuingOps": 113752000, "discontinuedOperations": {}, "extraordinaryItems": {}, "effectOfAccountingCharges": {}, "otherItems": {}, "netIncome": 113752000, "netIncomeApplicableToCommonShares": 113752000}, {"maxAge": 1, "endDate": "2019-09-30", "totalRevenue": 3904696000, "costOfRevenue": 2397612000, "grossProfit": 1507084000, "researchDevelopment": {}, "sellingGeneralAdministrative": 85130000, "nonRecurring": {}, "otherOperatingExpenses": 933728000, "totalOperatingExpenses": 3626679000, "operatingIncome": 278017000, "totalOtherIncomeExpenseNet": -161037000, "ebit": 278017000, "interestExpense": -176325000, "incomeBeforeTax": 116980000, "incomeTaxExpense": -4145000, "minorityInterest": 7978000, "netIncomeFromContinuingOps": 121125000, "discontinuedOperations": {}, "extraordinaryItems": {}, "effectOfAccountingCharges": {}, "otherItems": {}, "netIncome": 120993000, "netIncomeApplicableToCommonShares": 120993000}], "maxAge": 86400}, "cashflowStatementHistoryQuarterly": {"cashflowStatements": [{"maxAge": 1, "endDate": "2020-06-30", "netIncome": -148983000, "changeToLiabilities": 0}, {"maxAge": 1, "endDate": "2020-03-31", "netIncome": 2707000, "changeToLiabilities": 0}, {"maxAge": 1, "endDate": "2019-12-31", "netIncome": 113752000, "changeToLiabilities": 0}, {"maxAge": 1, "endDate": "2019-09-30", "netIncome": 120993000, "changeToLiabilities": 0}], "maxAge": 86400}, "insiderHolders": {"holders": [{"maxAge": 1, "name": "Agrawal (Amit Yamunadutt)", "relation": "Chief Executive Officer", "url": "", "transactionDescription": "Acquisition", "latestTransDate": "2017-07-12", "positionDirect": 3854200, "positionDirectDate": "2017-07-12"}, {"maxAge": 1, "name": "Agrawal (Kailash)", "relation": "UNREPORTED", "url": "", "transactionDescription": "Sale", "latestTransDate": "2011-01-28", "positionDirect": 0, "positionDirectDate": "2011-01-28"}, {"maxAge": 1, "name": "Agrawal (Saroj)", "relation": "UNREPORTED", "url": "", "transactionDescription": "Sale", "latestTransDate": "2011-01-28", "positionDirect": 0, "positionDirectDate": "2011-01-28"}], "maxAge": 1}, "earnings": {"maxAge": 86400, "earningsChart": {"quarterly": [{"date": "3Q2017", "actual": 1.02, "estimate": 1.16}, {"date": "4Q2017", "actual": 0.79, "estimate": 0.77}, {"date": "1Q2018", "actual": 0.25, "estimate": 1.09}, {"date": "2Q2018", "actual": 0.79, "estimate": 0.77}], "currentQuarterEstimateDate": "3Q", "currentQuarterEstimateYear": 2018, "earningsDate": []}, "financialsChart": {"yearly": [{"date": 2017, "revenue": 11577066995, "earnings": 664247504}, {"date": 2018, "revenue": 16501872000, "earnings": 585977000}, {"date": 2019, "revenue": 22119830000, "earnings": 300295000}, {"date": 2020, "revenue": 21989494000, "earnings": 284831000}], "quarterly": [{"date": "3Q2019", "revenue": 3904696000, "earnings": 120993000}, {"date": "4Q2019", "revenue": 4847153000, "earnings": 113752000}, {"date": "1Q2020", "revenue": 6396623000, "earnings": 2707000}, {"date": "2Q2020", "revenue": 545322000, "earnings": -148983000}]}, "financialCurrency": "INR"}, "calendarEvents": {"maxAge": 1, "earnings": {"earningsDate": [], "revenueAverage": 5510710000}}, "upgradeDowngradeHistory": {"history": [], "maxAge": 86400}, "price": {"maxAge": 1, "regularMarketChangePercent": 0.0010940752, "regularMarketChange": 0.049999237, "regularMarketTime": "2021-04-30 15:29:55", "priceHint": 2, "regularMarketPrice": 45.75, "regularMarketDayHigh": 47.8, "regularMarketDayLow": 45.4, "regularMarketVolume": 48465, "averageDailyVolume10Day": 99095, "averageDailyVolume3Month": 75856, "regularMarketPreviousClose": 45.7, "regularMarketSource": "FREE_REALTIME", "regularMarketOpen": 47.8, "exchange": "BSE", "exchangeName": "BSE", "exchangeDataDelayedBy": 0, "marketState": "CLOSED", "quoteType": "EQUITY", "symbol": "JINDWORLD.BO", "underlyingSymbol": null, "shortName": "JINDAL WORLDWIDE LTD.", "longName": "Jindal Worldwide Limited", "currency": "INR", "quoteSourceName": "Delayed Quote", "currencySymbol": "\u20b9", "fromCurrency": null, "lastMarket": null, "marketCap": 9173789696}, "balanceSheetHistory": {"balanceSheetStatements": [{"maxAge": 1, "endDate": "2020-03-31", "cash": 211533000, "shortTermInvestments": 392772000, "netReceivables": 4279780000, "inventory": 2449532000, "otherCurrentAssets": 623958000, "totalCurrentAssets": 7957575000, "longTermInvestments": 197336000, "propertyPlantEquipment": 2950728000, "goodWill": 5787000, "otherAssets": 11828000, "totalAssets": 11123254000, "accountsPayable": 2602161000, "shortLongTermDebt": 280164000, "otherCurrentLiab": 413888000, "longTermDebt": 1508391000, "otherLiab": 170134000, "totalCurrentLiabilities": 5682397000, "totalLiab": 7360922000, "commonStock": 200520000, "treasuryStock": 3561812000, "otherStockholderEquity": 3561812000, "totalStockholderEquity": 3762332000, "netTangibleAssets": 3756545000}, {"maxAge": 1, "endDate": "2019-03-31", "cash": 97752000, "shortTermInvestments": 161860000, "netReceivables": 3864522000, "inventory": 2750403000, "otherCurrentAssets": 1423123000, "totalCurrentAssets": 8304183000, "longTermInvestments": 37861000, "propertyPlantEquipment": 5659861000, "goodWill": 15275000, "otherAssets": 33665000, "totalAssets": 14050845000, "accountsPayable": 3629971000, "shortLongTermDebt": 716709000, "otherCurrentLiab": 244008000, "longTermDebt": 3509037000, "otherLiab": 205536000, "minorityInterest": 7744000, "totalCurrentLiabilities": 6831935000, "totalLiab": 10546508000, "commonStock": 200520000, "retainedEarnings": 3273203000, "treasuryStock": -757000, "capitalSurplus": 23627000, "otherStockholderEquity": -757000, "totalStockholderEquity": 3496593000, "netTangibleAssets": 3481318000}, {"maxAge": 1, "endDate": "2018-03-31", "cash": 107225000, "shortTermInvestments": 94141000, "netReceivables": 4262272000, "inventory": 2455766000, "otherCurrentAssets": 1298034000, "totalCurrentAssets": 8233597000, "longTermInvestments": 32456000, "propertyPlantEquipment": 4223576000, "goodWill": 235000, "otherAssets": 33244000, "totalAssets": 12523108000, "accountsPayable": 2971544000, "shortLongTermDebt": 474469000, "otherCurrentLiab": 413921000, "longTermDebt": 2875146000, "otherLiab": 209532000, "minorityInterest": 56019000, "totalCurrentLiabilities": 6178247000, "totalLiab": 9262925000, "commonStock": 200520000, "retainedEarnings": 2984214000, "treasuryStock": -4197000, "capitalSurplus": 23627000, "otherStockholderEquity": -4197000, "totalStockholderEquity": 3204164000, "netTangibleAssets": 3203929000}, {"maxAge": 1, "endDate": "2017-03-31", "cash": 42742639, "shortTermInvestments": 74085306, "netReceivables": 2279313597, "inventory": 1145718563, "otherCurrentAssets": 1235070607, "totalCurrentAssets": 4784324725, "longTermInvestments": 47825570, "propertyPlantEquipment": 3243962164, "otherAssets": 33570830, "totalAssets": 8109683289, "accountsPayable": 1008463173, "shortLongTermDebt": 297058334, "otherCurrentLiab": 362946831, "longTermDebt": 2061309449, "otherLiab": 277099170, "totalCurrentLiabilities": 3056898314, "totalLiab": 5395306933, "commonStock": 200520400, "retainedEarnings": 2490228027, "treasuryStock": 1054, "capitalSurplus": 23626875, "otherStockholderEquity": 1054, "totalStockholderEquity": 2714376356, "netTangibleAssets": 2714376356}], "maxAge": 86400}, "earningsTrend": {"trend": [{"maxAge": 1, "period": "0q", "endDate": "2018-09-30", "growth": {}, "earningsEstimate": {"avg": 0.0, "low": 0.0, "high": 0.0, "yearAgoEps": 1.02, "numberOfAnalysts": 0, "growth": {}}, "revenueEstimate": {"avg": 5510710000, "low": 0, "high": 0, "numberOfAnalysts": 0, "yearAgoRevenue": 3954560000, "growth": 0.39400002}, "epsTrend": {"current": 0.0, "7daysAgo": 0.0, "30daysAgo": 0.0, "60daysAgo": 0.0, "90daysAgo": 0.0}, "epsRevisions": {"upLast7days": 0, "upLast30days": 0, "downLast30days": 0, "downLast90days": {}}}, {"maxAge": 1, "period": "+1q", "endDate": "2018-12-31", "growth": {}, "earningsEstimate": {"avg": 0.0, "low": 0.0, "high": 0.0, "yearAgoEps": 0.79, "numberOfAnalysts": 0, "growth": {}}, "revenueEstimate": {"avg": 0, "low": 0, "high": 0, "numberOfAnalysts": 0, "yearAgoRevenue": {}, "growth": {}}, "epsTrend": {"current": 0.0, "7daysAgo": 0.0, "30daysAgo": 0.0, "60daysAgo": 0.0, "90daysAgo": 0.0}, "epsRevisions": {"upLast7days": 0, "upLast30days": 0, "downLast30days": 0, "downLast90days": {}}}, {"maxAge": 1, "period": "0y", "endDate": "2019-03-31", "growth": {}, "earningsEstimate": {"avg": 0.0, "low": 0.0, "high": 0.0, "yearAgoEps": {}, "numberOfAnalysts": 0, "growth": {}}, "revenueEstimate": {"avg": 19389900000, "low": 19389900000, "high": 19389900000, "numberOfAnalysts": 1, "yearAgoRevenue": 16432100000, "growth": 0.18}, "epsTrend": {"current": 0.0, "7daysAgo": 3.65, "30daysAgo": 3.65, "60daysAgo": 3.65, "90daysAgo": 3.65}, "epsRevisions": {"upLast7days": 0, "upLast30days": 0, "downLast30days": 0, "downLast90days": {}}}, {"maxAge": 1, "period": "+1y", "endDate": "2020-03-31", "growth": {}, "earningsEstimate": {"avg": 0.0, "low": 0.0, "high": 0.0, "yearAgoEps": {}, "numberOfAnalysts": 0, "growth": {}}, "revenueEstimate": {"avg": 23073900000, "low": 23073900000, "high": 23073900000, "numberOfAnalysts": 1, "yearAgoRevenue": 19389900000, "growth": 0.19}, "epsTrend": {"current": 0.0, "7daysAgo": 4.7, "30daysAgo": 4.7, "60daysAgo": 4.7, "90daysAgo": 4.7}, "epsRevisions": {"upLast7days": 0, "upLast30days": 0, "downLast30days": 0, "downLast90days": {}}}, {"maxAge": 1, "period": "+5y", "endDate": null, "growth": {}, "earningsEstimate": {"avg": {}, "low": {}, "high": {}, "yearAgoEps": {}, "numberOfAnalysts": {}, "growth": {}}, "revenueEstimate": {"avg": {}, "low": {}, "high": {}, "numberOfAnalysts": {}, "yearAgoRevenue": {}, "growth": {}}, "epsTrend": {"current": {}, "7daysAgo": {}, "30daysAgo": {}, "60daysAgo": {}, "90daysAgo": {}}, "epsRevisions": {"upLast7days": {}, "upLast30days": {}, "downLast30days": {}, "downLast90days": {}}}, {"maxAge": 1, "period": "-5y", "endDate": null, "growth": {}, "earningsEstimate": {"avg": {}, "low": {}, "high": {}, "yearAgoEps": {}, "numberOfAnalysts": {}, "growth": {}}, "revenueEstimate": {"avg": {}, "low": {}, "high": {}, "numberOfAnalysts": {}, "yearAgoRevenue": {}, "growth": {}}, "epsTrend": {"current": {}, "7daysAgo": {}, "30daysAgo": {}, "60daysAgo": {}, "90daysAgo": {}}, "epsRevisions": {"upLast7days": {}, "upLast30days": {}, "downLast30days": {}, "downLast90days": {}}}], "maxAge": 1}, "financialData": {"maxAge": 86400, "currentPrice": 45.75, "targetHighPrice": 180.0, "targetLowPrice": 180.0, "targetMeanPrice": 180.0, "targetMedianPrice": 180.0, "recommendationKey": "none", "numberOfAnalystOpinions": 1, "grossProfits": 4649341000, "financialCurrency": "INR"}}}