{"JINDHOT.BO": {"cashflowStatementHistory": {"cashflowStatements": [{"maxAge": 1, "endDate": "2020-03-31", "netIncome": 6793000, "depreciation": 48852000, "changeToNetincome": 44267000, "changeToAccountReceivables": 7121000, "changeToLiabilities": 3317000, "changeToInventory": -5585000, "changeToOperatingActivities": 5606000, "totalCashFromOperatingActivities": 113079000, "capitalExpenditures": -21544000, "otherCashflowsFromInvestingActivities": 747000, "totalCashflowsFromInvestingActivities": -19627000, "netBorrowings": -37226000, "otherCashflowsFromFinancingActivities": -47156000, "totalCashFromFinancingActivities": -84382000, "changeInCash": 9069000}, {"maxAge": 1, "endDate": "2019-03-31", "netIncome": 14965000, "depreciation": 49513000, "changeToNetincome": 45320000, "changeToAccountReceivables": -1715000, "changeToLiabilities": 3866000, "changeToInventory": -1977000, "changeToOperatingActivities": -14442000, "totalCashFromOperatingActivities": 101377000, "capitalExpenditures": -20479000, "investments": -200000, "otherCashflowsFromInvestingActivities": 232000, "totalCashflowsFromInvestingActivities": -20447000, "netBorrowings": -30056000, "otherCashflowsFromFinancingActivities": -47540000, "totalCashFromFinancingActivities": -77596000, "changeInCash": 3333000}, {"maxAge": 1, "endDate": "2018-03-31", "netIncome": 9178000, "depreciation": 62758000, "changeToNetincome": 38536000, "changeToAccountReceivables": -2173000, "changeToLiabilities": 702000, "changeToInventory": -6408000, "changeToOperatingActivities": 5733000, "totalCashFromOperatingActivities": 113122000, "capitalExpenditures": -81185000, "investments": 403000, "otherCashflowsFromInvestingActivities": 173000, "totalCashflowsFromInvestingActivities": -80609000, "dividendsPaid": -5777000, "netBorrowings": 8802000, "otherCashflowsFromFinancingActivities": -48195000, "totalCashFromFinancingActivities": -45170000, "changeInCash": -12657000}, {"maxAge": 1, "endDate": "2017-03-31", "netIncome": 2094000, "depreciation": 61602000, "changeToNetincome": 65953000, "changeToAccountReceivables": 9511000, "changeToLiabilities": 4187000, "changeToInventory": -8332000, "changeToOperatingActivities": -1471000, "totalCashFromOperatingActivities": 133572000, "capitalExpenditures": -55734000, "investments": 675000, "otherCashflowsFromInvestingActivities": -2721000, "totalCashflowsFromInvestingActivities": -54506000, "dividendsPaid": -5777000, "netBorrowings": -10688000, "otherCashflowsFromFinancingActivities": -59383000, "totalCashFromFinancingActivities": -75848000, "changeInCash": 3218000}], "maxAge": 86400}, "institutionOwnership": {"maxAge": 1, "ownershipList": []}, "balanceSheetHistoryQuarterly": {"balanceSheetStatements": [{"maxAge": 1, "endDate": "2020-06-30", "totalStockholderEquity": 272914000, "netTangibleAssets": 270932000}, {"maxAge": 1, "endDate": "2020-03-31", "cash": 13802000, "netReceivables": 11036000, "inventory": 66553000, "otherCurrentAssets": 12871000, "totalCurrentAssets": 107851000, "longTermInvestments": 4196000, "propertyPlantEquipment": 728119000, "intangibleAssets": 1982000, "otherAssets": 2953000, "totalAssets": 845101000, "accountsPayable": 18322000, "shortLongTermDebt": 23640000, "otherCurrentLiab": 7378000, "longTermDebt": 464549000, "otherLiab": 43885000, "totalCurrentLiabilities": 63753000, "totalLiab": 572187000, "commonStock": 60000000, "retainedEarnings": 188078000, "treasuryStock": 71000, "capitalSurplus": 24765000, "otherStockholderEquity": 71000, "totalStockholderEquity": 272914000, "netTangibleAssets": 270932000}, {"maxAge": 1, "endDate": "2019-12-31", "totalStockholderEquity": 264233000, "netTangibleAssets": 260937000}, {"maxAge": 1, "endDate": "2019-09-30", "cash": 3778000, "netReceivables": 25755000, "inventory": 64076000, "otherCurrentAssets": 20128000, "totalCurrentAssets": 113737000, "longTermInvestments": 4228000, "propertyPlantEquipment": 743823000, "intangibleAssets": 3296000, "otherAssets": 3256000, "totalAssets": 868340000, "accountsPayable": 13380000, "shortLongTermDebt": 35483000, "otherCurrentLiab": 19371000, "longTermDebt": 477235000, "otherLiab": 40558000, "totalCurrentLiabilities": 86314000, "totalLiab": 604107000, "commonStock": 60000000, "treasuryStock": 204233000, "otherStockholderEquity": 204233000, "totalStockholderEquity": 264233000, "netTangibleAssets": 260937000}], "maxAge": 86400}, "indexTrend": {"maxAge": 1, "symbol": "SP5", "peRatio": 19.7411, "pegRatio": 1.34172, "estimates": [{"period": "0q", "growth": 0.549}, {"period": "+1q", "growth": 0.431}, {"period": "0y", "growth": 0.305}, {"period": "+1y", "growth": 0.109}, {"period": "+5y", "growth": 0.120859005}, {"period": "-5y"}]}, "insiderTransactions": {"transactions": [{"maxAge": 1, "shares": 650000, "value": 176734, "filerUrl": "", "transactionText": "Other at price 0.27 per share.", "filerName": "Riser Holding Pvt. Ltd.", "filerRelation": "Promoter", "moneyText": "", "startDate": "2020-09-19", "ownership": "D"}, {"maxAge": 1, "shares": 0, "filerUrl": "", "transactionText": "", "filerName": "Shah (Piyush Daudayal)", "filerRelation": "Managing Director", "moneyText": "", "startDate": "2019-07-22", "ownership": "I"}, {"maxAge": 1, "shares": 224, "filerUrl": "", "transactionText": "", "filerName": "Shah (Piyush Daudayal)", "filerRelation": "Managing Director", "moneyText": "", "startDate": "2019-07-19", "ownership": "D"}, {"maxAge": 1, "shares": 23305, "filerUrl": "", "transactionText": "", "filerName": "Agrawal (Chanda Piyush)", "filerRelation": "Promoter", "moneyText": "", "startDate": "2019-03-26", "ownership": "D"}, {"maxAge": 1, "shares": 23435, "filerUrl": "", "transactionText": "", "filerName": "Agrawal (Satvik Piyush)", "filerRelation": "Promoter", "moneyText": "", "startDate": "2019-03-26", "ownership": "D"}, {"maxAge": 1, "shares": 23370, "filerUrl": "", "transactionText": "", "filerName": "Mehra (Shagun)", "filerRelation": "Wholetime Director", "moneyText": "", "startDate": "2019-03-26", "ownership": "D"}, {"maxAge": 1, "shares": 24205, "filerUrl": "", "transactionText": "", "filerName": "Shah (Piyush Daudayal) HUF", "filerRelation": "Promoter", "moneyText": "", "startDate": "2019-03-26", "ownership": "D"}, {"maxAge": 1, "shares": 16995, "filerUrl": "", "transactionText": "", "filerName": "Agrawal (Chanda Piyush)", "filerRelation": "Promoter", "moneyText": "", "startDate": "2018-12-31", "ownership": "D"}, {"maxAge": 1, "shares": 18045, "filerUrl": "", "transactionText": "", "filerName": "Agrawal (Satvik Piyush)", "filerRelation": "Promoter", "moneyText": "", "startDate": "2018-12-31", "ownership": "D"}, {"maxAge": 1, "shares": 18035, "filerUrl": "", "transactionText": "", "filerName": "Mehra (Shagun)", "filerRelation": "Wholetime Director", "moneyText": "", "startDate": "2018-12-31", "ownership": "D"}, {"maxAge": 1, "shares": 18110, "filerUrl": "", "transactionText": "", "filerName": "Shah (Piyush Daudayal) HUF", "filerRelation": "Promoter", "moneyText": "", "startDate": "2018-12-31", "ownership": "D"}, {"maxAge": 1, "shares": 22245, "filerUrl": "", "transactionText": "", "filerName": "Agrawal (Chanda Piyush)", "filerRelation": "Promoter", "moneyText": "", "startDate": "2018-12-03", "ownership": "D"}, {"maxAge": 1, "shares": 41610, "filerUrl": "", "transactionText": "", "filerName": "Agrawal (Satvik Piyush)", "filerRelation": "Promoter", "moneyText": "", "startDate": "2018-11-30", "ownership": "D"}, {"maxAge": 1, "shares": 28165, "filerUrl": "", "transactionText": "", "filerName": "Mehra (Shagun)", "filerRelation": "Wholetime Director", "moneyText": "", "startDate": "2018-11-30", "ownership": "D"}, {"maxAge": 1, "shares": 29455, "filerUrl": "", "transactionText": "", "filerName": "Shah (Piyush Daudayal) HUF", "filerRelation": "Promoter", "moneyText": "", "startDate": "2018-11-30", "ownership": "D"}, {"maxAge": 1, "shares": 33400, "filerUrl": "", "transactionText": "", "filerName": "Shah (Piyush Daudayal)", "filerRelation": "Managing Director", "moneyText": "", "startDate": "2018-11-21", "ownership": "D"}], "maxAge": 1}, "quoteType": {"exchange": "BSE", "quoteType": "EQUITY", "symbol": "JINDHOT.BO", "underlyingSymbol": "JINDHOT.BO", "shortName": "JINDAL HOTELS LTD.", "longName": "Jindal Hotels Limited", "firstTradeDateEpochUtc": "2002-03-18 09:15:00", "timeZoneFullName": "Asia/Kolkata", "timeZoneShortName": "IST", "uuid": "c38bea3b-d002-38aa-a9d2-45604f6923e5", "messageBoardId": null, "gmtOffSetMilliseconds": 19800000, "maxAge": 1}, "incomeStatementHistory": {"incomeStatementHistory": [{"maxAge": 1, "endDate": "2020-03-31", "totalRevenue": 377262000, "costOfRevenue": 158027000, "grossProfit": 219235000, "researchDevelopment": {}, "sellingGeneralAdministrative": 24248000, "nonRecurring": {}, "otherOperatingExpenses": 87473000, "totalOperatingExpenses": 321308000, "operatingIncome": 55954000, "totalOtherIncomeExpenseNet": -45364000, "ebit": 55954000, "interestExpense": -46807000, "incomeBeforeTax": 10590000, "incomeTaxExpense": 3797000, "minorityInterest": {}, "netIncomeFromContinuingOps": 6793000, "discontinuedOperations": {}, "extraordinaryItems": {}, "effectOfAccountingCharges": {}, "otherItems": {}, "netIncome": 6793000, "netIncomeApplicableToCommonShares": 6793000}, {"maxAge": 1, "endDate": "2019-03-31", "totalRevenue": 380304000, "costOfRevenue": 157053000, "grossProfit": 223251000, "researchDevelopment": {}, "sellingGeneralAdministrative": 20522000, "nonRecurring": {}, "otherOperatingExpenses": 84051000, "totalOperatingExpenses": 316986000, "operatingIncome": 63318000, "totalOtherIncomeExpenseNet": -46869000, "ebit": 63318000, "interestExpense": -47262000, "incomeBeforeTax": 16449000, "incomeTaxExpense": 1484000, "minorityInterest": {}, "netIncomeFromContinuingOps": 14965000, "discontinuedOperations": {}, "extraordinaryItems": {}, "effectOfAccountingCharges": {}, "otherItems": {}, "netIncome": 14965000, "netIncomeApplicableToCommonShares": 14965000}, {"maxAge": 1, "endDate": "2018-03-31", "totalRevenue": 337818000, "costOfRevenue": 137571000, "grossProfit": 200247000, "researchDevelopment": {}, "sellingGeneralAdministrative": 14153000, "nonRecurring": {}, "otherOperatingExpenses": 67550000, "totalOperatingExpenses": 286828000, "operatingIncome": 50990000, "totalOtherIncomeExpenseNet": -47867000, "ebit": 50990000, "interestExpense": -48209000, "incomeBeforeTax": 3123000, "incomeTaxExpense": -6055000, "minorityInterest": {}, "netIncomeFromContinuingOps": 9178000, "discontinuedOperations": {}, "extraordinaryItems": {}, "effectOfAccountingCharges": {}, "otherItems": {}, "netIncome": 9178000, "netIncomeApplicableToCommonShares": 9178000}, {"maxAge": 1, "endDate": "2017-03-31", "totalRevenue": 361492000, "costOfRevenue": 142642000, "grossProfit": 218850000, "researchDevelopment": {}, "sellingGeneralAdministrative": 11846000, "nonRecurring": {}, "otherOperatingExpenses": 73657000, "totalOperatingExpenses": 289775000, "operatingIncome": 71717000, "totalOtherIncomeExpenseNet": -59447000, "ebit": 71717000, "interestExpense": -59555000, "incomeBeforeTax": 12270000, "incomeTaxExpense": 10176000, "minorityInterest": {}, "netIncomeFromContinuingOps": 2094000, "discontinuedOperations": {}, "extraordinaryItems": {}, "effectOfAccountingCharges": {}, "otherItems": {}, "netIncome": 2094000, "netIncomeApplicableToCommonShares": 2094000}], "maxAge": 86400}, "fundOwnership": {"maxAge": 1, "ownershipList": []}, "summaryDetail": {"maxAge": 1, "priceHint": 2, "previousClose": 22.8, "open": 23.8, "dayLow": 21.55, "dayHigh": 23.9, "regularMarketPreviousClose": 22.8, "regularMarketOpen": 23.8, "regularMarketDayLow": 21.55, "regularMarketDayHigh": 23.9, "volume": 7571, "regularMarketVolume": 7571, "averageVolume": 4662, "averageVolume10days": 1893, "averageDailyVolume10Day": 1893, "bid": 22.45, "ask": 22.7, "bidSize": 0, "askSize": 0, "marketCap": 135000000, "fiftyTwoWeekLow": 13.95, "fiftyTwoWeekHigh": 35.8, "fiftyDayAverage": 25.397142, "twoHundredDayAverage": 23.41314, "trailingAnnualDividendRate": 0.8, "trailingAnnualDividendYield": 0.03508772, "currency": "INR", "fromCurrency": null, "toCurrency": null, "lastMarket": null, "algorithm": null, "tradeable": false}, "incomeStatementHistoryQuarterly": {"incomeStatementHistory": [{"maxAge": 1, "endDate": "2020-06-30", "totalRevenue": 6274000, "costOfRevenue": 7182000, "grossProfit": -908000, "researchDevelopment": {}, "sellingGeneralAdministrative": {}, "nonRecurring": {}, "otherOperatingExpenses": 17347000, "totalOperatingExpenses": 36864000, "operatingIncome": -30590000, "totalOtherIncomeExpenseNet": -8093000, "ebit": -30590000, "interestExpense": -8093000, "incomeBeforeTax": -38683000, "incomeTaxExpense": -1219000, "minorityInterest": {}, "netIncomeFromContinuingOps": -37464000, "discontinuedOperations": {}, "extraordinaryItems": {}, "effectOfAccountingCharges": {}, "otherItems": {}, "netIncome": -37464000, "netIncomeApplicableToCommonShares": -37464000}, {"maxAge": 1, "endDate": "2020-03-31", "totalRevenue": 100479000, "costOfRevenue": 51327000, "grossProfit": 49152000, "researchDevelopment": {}, "sellingGeneralAdministrative": 24248000, "nonRecurring": {}, "otherOperatingExpenses": 4832000, "totalOperatingExpenses": 93408000, "operatingIncome": 7071000, "totalOtherIncomeExpenseNet": -9534000, "ebit": 7071000, "interestExpense": -10977000, "incomeBeforeTax": -2463000, "incomeTaxExpense": -3538000, "minorityInterest": {}, "netIncomeFromContinuingOps": 1075000, "discontinuedOperations": {}, "extraordinaryItems": {}, "effectOfAccountingCharges": {}, "otherItems": {}, "netIncome": 1075000, "netIncomeApplicableToCommonShares": 1075000}, {"maxAge": 1, "endDate": "2019-12-31", "totalRevenue": 110036000, "costOfRevenue": 37536000, "grossProfit": 72500000, "researchDevelopment": {}, "sellingGeneralAdministrative": 24248000, "nonRecurring": {}, "otherOperatingExpenses": 30937000, "totalOperatingExpenses": 81408000, "operatingIncome": 28628000, "totalOtherIncomeExpenseNet": -11815000, "ebit": 28628000, "interestExpense": -11815000, "incomeBeforeTax": 16813000, "incomeTaxExpense": 8679000, "minorityInterest": {}, "netIncomeFromContinuingOps": 8134000, "discontinuedOperations": {}, "extraordinaryItems": {}, "effectOfAccountingCharges": {}, "otherItems": {}, "netIncome": 8134000, "netIncomeApplicableToCommonShares": 8134000}, {"maxAge": 1, "endDate": "2019-09-30", "totalRevenue": 83553000, "costOfRevenue": 33478000, "grossProfit": 50075000, "researchDevelopment": {}, "sellingGeneralAdministrative": 24248000, "nonRecurring": {}, "otherOperatingExpenses": 25189000, "totalOperatingExpenses": 71487000, "operatingIncome": 12066000, "totalOtherIncomeExpenseNet": -11955000, "ebit": 12066000, "interestExpense": -11953000, "incomeBeforeTax": 111000, "incomeTaxExpense": 48000, "minorityInterest": {}, "netIncomeFromContinuingOps": 63000, "discontinuedOperations": {}, "extraordinaryItems": {}, "effectOfAccountingCharges": {}, "otherItems": {}, "netIncome": 63000, "netIncomeApplicableToCommonShares": 63000}], "maxAge": 86400}, "cashflowStatementHistoryQuarterly": {"cashflowStatements": [{"maxAge": 1, "endDate": "2020-06-30", "netIncome": -37464000, "changeToLiabilities": 0}, {"maxAge": 1, "endDate": "2020-03-31", "netIncome": 1075000, "changeToLiabilities": 0}, {"maxAge": 1, "endDate": "2019-12-31", "netIncome": 8134000, "changeToLiabilities": 0}, {"maxAge": 1, "endDate": "2019-09-30", "netIncome": 63000, "changeToLiabilities": 0}], "maxAge": 86400}, "insiderHolders": {"holders": [{"maxAge": 1, "name": "Agrawal (Chanda Piyush)", "relation": "Promoter", "url": "", "transactionDescription": "Acquisition", "latestTransDate": "2019-03-26", "positionDirect": 690370, "positionDirectDate": "2019-03-26"}, {"maxAge": 1, "name": "Agrawal (Satvik Piyush)", "relation": "Promoter", "url": "", "transactionDescription": "Acquisition", "latestTransDate": "2019-03-26", "positionDirect": 413100, "positionDirectDate": "2019-03-26"}, {"maxAge": 1, "name": "Mehra (Shagun)", "relation": "Wholetime Director", "url": "", "transactionDescription": "Acquisition", "latestTransDate": "2019-03-26", "positionDirect": 463670, "positionDirectDate": "2019-03-26"}, {"maxAge": 1, "name": "Riser Holding Pvt. Ltd.", "relation": "Promoter", "url": "", "transactionDescription": "Other", "latestTransDate": "2020-09-19", "positionDirect": 650000, "positionDirectDate": "2020-09-19"}, {"maxAge": 1, "name": "Shah (Piyush Daudayal)", "relation": "Managing Director", "url": "", "transactionDescription": "Other", "latestTransDate": "2019-07-22", "positionIndirectDate": 1563753600}, {"maxAge": 1, "name": "Shah (Piyush Daudayal) HUF", "relation": "Promoter", "url": "", "transactionDescription": "Acquisition", "latestTransDate": "2019-03-26", "positionDirect": 239765, "positionDirectDate": "2019-03-26"}], "maxAge": 1}, "calendarEvents": {"maxAge": 1, "earnings": {"earningsDate": ["2020-08-11 05:30:S"]}}, "price": {"maxAge": 1, "regularMarketChangePercent": -0.013157861, "regularMarketChange": -0.29999924, "regularMarketTime": "2021-04-30 15:29:04", "priceHint": 2, "regularMarketPrice": 22.5, "regularMarketDayHigh": 23.9, "regularMarketDayLow": 21.55, "regularMarketVolume": 7571, "averageDailyVolume10Day": 1893, "averageDailyVolume3Month": 4662, "regularMarketPreviousClose": 22.8, "regularMarketSource": "FREE_REALTIME", "regularMarketOpen": 23.8, "exchange": "BSE", "exchangeName": "BSE", "exchangeDataDelayedBy": 0, "marketState": "CLOSED", "quoteType": "EQUITY", "symbol": "JINDHOT.BO", "underlyingSymbol": null, "shortName": "JINDAL HOTELS LTD.", "longName": "Jindal Hotels Limited", "currency": "INR", "quoteSourceName": "Delayed Quote", "currencySymbol": "\u20b9", "fromCurrency": null, "toCurrency": null, "lastMarket": null, "marketCap": 135000000}, "balanceSheetHistory": {"balanceSheetStatements": [{"maxAge": 1, "endDate": "2020-03-31", "cash": 13802000, "netReceivables": 11036000, "inventory": 66553000, "otherCurrentAssets": 12871000, "totalCurrentAssets": 107851000, "longTermInvestments": 4196000, "propertyPlantEquipment": 728119000, "intangibleAssets": 1982000, "otherAssets": 2953000, "totalAssets": 845101000, "accountsPayable": 18322000, "shortLongTermDebt": 23640000, "otherCurrentLiab": 7378000, "longTermDebt": 464549000, "otherLiab": 43885000, "totalCurrentLiabilities": 63753000, "totalLiab": 572187000, "commonStock": 60000000, "retainedEarnings": 188078000, "treasuryStock": 71000, "capitalSurplus": 24765000, "otherStockholderEquity": 71000, "totalStockholderEquity": 272914000, "netTangibleAssets": 270932000}, {"maxAge": 1, "endDate": "2019-03-31", "cash": 4733000, "netReceivables": 18014000, "inventory": 60968000, "otherCurrentAssets": 12399000, "totalCurrentAssets": 101416000, "longTermInvestments": 4228000, "propertyPlantEquipment": 755387000, "intangibleAssets": 4650000, "otherAssets": 3254000, "totalAssets": 868935000, "accountsPayable": 15005000, "shortLongTermDebt": 22210000, "otherCurrentLiab": 5789000, "longTermDebt": 485038000, "otherLiab": 41654000, "totalCurrentLiabilities": 75775000, "totalLiab": 602467000, "commonStock": 60000000, "retainedEarnings": 181632000, "treasuryStock": 71000, "capitalSurplus": 24765000, "otherStockholderEquity": 71000, "totalStockholderEquity": 266468000, "netTangibleAssets": 261818000}, {"maxAge": 1, "endDate": "2018-03-31", "cash": 1400000, "netReceivables": 15511000, "inventory": 58992000, "otherCurrentAssets": 10001000, "totalCurrentAssets": 89358000, "longTermInvestments": 4314000, "propertyPlantEquipment": 784582000, "intangibleAssets": 10279000, "otherAssets": 3310000, "totalAssets": 891843000, "accountsPayable": 11139000, "shortLongTermDebt": 19576000, "otherCurrentLiab": 14040000, "longTermDebt": 532533000, "otherLiab": 41383000, "totalCurrentLiabilities": 66784000, "totalLiab": 640700000, "commonStock": 60000000, "retainedEarnings": 166307000, "treasuryStock": 71000, "capitalSurplus": 24765000, "otherStockholderEquity": 71000, "totalStockholderEquity": 251143000, "netTangibleAssets": 240864000}, {"maxAge": 1, "endDate": "2017-03-31", "cash": 14057000, "netReceivables": 13274000, "inventory": 52585000, "otherCurrentAssets": 10054000, "totalCurrentAssets": 93270000, "longTermInvestments": 4886000, "propertyPlantEquipment": 769122000, "intangibleAssets": 6745000, "otherAssets": 8660000, "totalAssets": 882683000, "accountsPayable": 10436000, "shortLongTermDebt": 16969000, "otherCurrentLiab": 14467000, "longTermDebt": 529700000, "otherLiab": 47471000, "totalCurrentLiabilities": 57373000, "totalLiab": 634544000, "commonStock": 60000000, "retainedEarnings": 163026000, "treasuryStock": 348000, "capitalSurplus": 24765000, "otherStockholderEquity": 348000, "totalStockholderEquity": 248139000, "netTangibleAssets": 241394000}], "maxAge": 86400}, "financialData": {"maxAge": 86400, "currentPrice": 22.5, "recommendationKey": "none", "grossProfits": 219235000, "financialCurrency": "INR"}}}