{"JINDWORLD.NS": {"assetProfile": {"address1": "Jindal House", "address2": "Opp. D-Mart, I.O.C. Petrol Pump Lane Shivranjani Shyamal 132 Ft Ring Road Satellite", "city": "Ahmedabad", "zip": "380015", "country": "India", "phone": "91 79 7100 1500", "fax": "91 79 2644 0603", "website": "http://www.jindaltextiles.com", "industry": "Textile Manufacturing", "sector": "Consumer Cyclical", "longBusinessSummary": "Jindal Worldwide Limited, together with its subsidiaries, manufactures, sells, and exports textile products in India and internationally. The company offers denim products, bottom weight fabrics, shirting fabrics, yarn dyed fabrics, specialized fabrics, and technical fabrics and intermediates. It also provides bed sheets, such as quilt covers/duvet covers, flat and fitted sheets, pillow covers, valance sheets, and bloster cases. Jindal Worldwide Limited was founded in 1986 and is based in Ahmedabad, India.", "fullTimeEmployees": 2255, "companyOfficers": [{"maxAge": 1, "name": "Mr. Amit Yamunadutt Agrawal", "age": 43, "title": "MD & Director", "yearBorn": 1977, "fiscalYear": 2020, "totalPay": 2400000, "exercisedValue": 0, "unexercisedValue": 0}, {"maxAge": 1, "name": "Mr. Vikram P. Oza", "age": 61, "title": "CFO & Director", "yearBorn": 1959, "fiscalYear": 2020, "totalPay": 166380, "exercisedValue": 0, "unexercisedValue": 0}, {"maxAge": 1, "name": "Dr. Yamunadutt Amilal Agrawal", "age": 75, "title": "Founder & Chairman", "yearBorn": 1945, "exercisedValue": 0, "unexercisedValue": 0}, {"maxAge": 1, "name": "Dharmendra Lalbhai Patel", "age": 56, "title": "VP of HR & Admin.", "yearBorn": 1964, "exercisedValue": 0, "unexercisedValue": 0}, {"maxAge": 1, "name": "Ms. Kiran  Geryani", "title": "Whole Time Company Sec. & Compliance Officer", "exercisedValue": 0, "unexercisedValue": 0}, {"maxAge": 1, "name": "Nishant  Giri", "age": 41, "title": "Marketing Exec.", "yearBorn": 1979, "exercisedValue": 0, "unexercisedValue": 0}, {"maxAge": 1, "name": "Rajan Jyotishchandra Patel", "age": 62, "title": "Marketing Exec.", "yearBorn": 1958, "exercisedValue": 0, "unexercisedValue": 0}, {"maxAge": 1, "name": "G. D. Patel", "age": 49, "title": "Exec. Officer", "yearBorn": 1971, "exercisedValue": 0, "unexercisedValue": 0}, {"maxAge": 1, "name": "N. R. Malek", "age": 39, "title": "Exec. Officer", "yearBorn": 1981, "exercisedValue": 0, "unexercisedValue": 0}, {"maxAge": 1, "name": "Rajesh Khimabhai Malam", "age": 44, "title": "Exec. Officer", "yearBorn": 1976, "exercisedValue": 0, "unexercisedValue": 0}], "compensationAsOfEpochDate": "2020-12-31 05:30:00", "maxAge": 86400}, "cashflowStatementHistory": {"cashflowStatements": [{"maxAge": 1, "endDate": "2020-03-31", "netIncome": 284831000, "depreciation": 454937000, "changeToNetincome": 674482000, "changeToAccountReceivables": -631519000, "changeToLiabilities": -1412921000, "changeToInventory": 300871000, "changeToOperatingActivities": 545587000, "totalCashFromOperatingActivities": 216268000, "capitalExpenditures": -49135000, "investments": -166079000, "otherCashflowsFromInvestingActivities": 40257000, "totalCashflowsFromInvestingActivities": 2149788000, "dividendsPaid": -20051000, "netBorrowings": -1846624000, "otherCashflowsFromFinancingActivities": -631048000, "totalCashFromFinancingActivities": -2497723000, "changeInCash": -131668000}, {"maxAge": 1, "endDate": "2019-03-31", "netIncome": 300295000, "depreciation": 881655000, "changeToNetincome": 445736000, "changeToAccountReceivables": 319382000, "changeToLiabilities": 1059995000, "changeToInventory": -294637000, "changeToOperatingActivities": -2935000, "totalCashFromOperatingActivities": 2709491000, "capitalExpenditures": -723937000, "investments": -475359000, "otherCashflowsFromInvestingActivities": 10342000, "totalCashflowsFromInvestingActivities": -1183806000, "dividendsPaid": -10026000, "netBorrowings": -717253000, "otherCashflowsFromFinancingActivities": -766208000, "totalCashFromFinancingActivities": -1433287000, "changeInCash": 92397000, "issuanceOfStock": 60200000}, {"maxAge": 1, "endDate": "2018-03-31", "netIncome": 585977000, "depreciation": 531185000, "changeToNetincome": 420832000, "changeToAccountReceivables": -1848708000, "changeToLiabilities": 2195236000, "changeToInventory": -1310048000, "changeToOperatingActivities": -185014000, "totalCashFromOperatingActivities": 389460000, "capitalExpenditures": -1511779000, "investments": -162872000, "otherCashflowsFromInvestingActivities": 14089000, "totalCashflowsFromInvestingActivities": -1659978000, "dividendsPaid": -12069000, "netBorrowings": 1747396000, "otherCashflowsFromFinancingActivities": -330755000, "totalCashFromFinancingActivities": 1404572000, "changeInCash": 134054000, "issuanceOfStock": 60200000}, {"maxAge": 1, "endDate": "2017-03-31", "netIncome": 664247504, "depreciation": 487585163, "changeToNetincome": 204866264, "changeToAccountReceivables": -342885639, "changeToLiabilities": -185944730, "changeToInventory": -32048178, "changeToOperatingActivities": -718644438, "totalCashFromOperatingActivities": 77175946, "capitalExpenditures": -400310013, "investments": -1566000, "otherCashflowsFromInvestingActivities": 6974912, "totalCashflowsFromInvestingActivities": -95501101, "dividendsPaid": -12067082, "netBorrowings": 327851718, "otherCashflowsFromFinancingActivities": -317764984, "totalCashFromFinancingActivities": -1980348, "changeInCash": -20305503, "issuanceOfStock": 60200000}], "maxAge": 86400}, "institutionOwnership": {"maxAge": 1, "ownershipList": []}, "majorHoldersBreakdown": {"maxAge": 1, "insidersPercentHeld": 0.92974997, "institutionsPercentHeld": 0.0, "institutionsFloatPercentHeld": 0.0, "institutionsCount": 0}, "balanceSheetHistoryQuarterly": {"balanceSheetStatements": [{"maxAge": 1, "endDate": "2020-12-31", "totalStockholderEquity": 3771366000, "netTangibleAssets": 3771366000}, {"maxAge": 1, "endDate": "2020-09-30", "cash": 262332000, "shortTermInvestments": 281326000, "netReceivables": 3832329000, "inventory": 2372259000, "otherCurrentAssets": 1162248000, "totalCurrentAssets": 7910494000, "longTermInvestments": 101416000, "propertyPlantEquipment": 2840986000, "otherAssets": 11789000, "totalAssets": 10864685000, "accountsPayable": 2057844000, "shortLongTermDebt": 373608000, "otherCurrentLiab": 752584000, "longTermDebt": 1465773000, "otherLiab": 164216000, "totalCurrentLiabilities": 5463330000, "totalLiab": 7093319000, "commonStock": 200520000, "treasuryStock": 3570846000, "otherStockholderEquity": 3570846000, "totalStockholderEquity": 3771366000, "netTangibleAssets": 3771366000}, {"maxAge": 1, "endDate": "2020-06-30", "totalStockholderEquity": 3762332000, "netTangibleAssets": 3756545000}, {"maxAge": 1, "endDate": "2020-03-31", "cash": 66097000, "shortTermInvestments": 146949000, "netReceivables": 4450487000, "inventory": 2449532000, "otherCurrentAssets": 837025000, "totalCurrentAssets": 7957575000, "longTermInvestments": 197336000, "propertyPlantEquipment": 2950728000, "goodWill": 5787000, "otherAssets": 11828000, "totalAssets": 11123254000, "accountsPayable": 2602161000, "shortLongTermDebt": 280164000, "otherCurrentLiab": 407414000, "longTermDebt": 1508391000, "otherLiab": 170134000, "totalCurrentLiabilities": 5682397000, "totalLiab": 7360922000, "commonStock": 200520000, "retainedEarnings": 3538942000, "treasuryStock": -757000, "capitalSurplus": 23627000, "otherStockholderEquity": -757000, "totalStockholderEquity": 3762332000, "netTangibleAssets": 3756545000}], "maxAge": 86400}, "indexTrend": {"maxAge": 1, "symbol": "SP5", "peRatio": 19.7411, "pegRatio": 1.34172, "estimates": [{"period": "0q", "growth": 0.549}, {"period": "+1q", "growth": 0.431}, {"period": "0y", "growth": 0.305}, {"period": "+1y", "growth": 0.109}, {"period": "+5y", "growth": 0.120865}, {"period": "-5y"}]}, "defaultKeyStatistics": {"maxAge": 1, "priceHint": 2, "enterpriseValue": 12740397056, "profitMargins": 0.01661, "floatShares": 9353490, "sharesOutstanding": 200520000, "heldPercentInsiders": 0.92974997, "heldPercentInstitutions": 0.0, "beta": 1.392873, "category": null, "bookValue": 18.855, "priceToBook": 2.4237604, "fundFamily": null, "legalType": null, "lastFiscalYearEnd": "2020-03-31 05:30:00", "nextFiscalYearEnd": "2022-03-31 05:30:00", "mostRecentQuarter": "2020-12-31 05:30:00", "earningsQuarterlyGrowth": 1.217, "netIncomeToCommon": 281884992, "trailingEps": 1.402, "lastSplitFactor": "5:1", "lastSplitDate": "2018-10-31 05:30:00", "enterpriseToRevenue": 0.751, "enterpriseToEbitda": 11.58, "52WeekChange": 0.7084112, "SandP52WeekChange": 0.48148263, "lastDividendValue": 0.05, "lastDividendDate": 1584576000}, "summaryProfile": {"address1": "Jindal House", "address2": "Opp. D-Mart, I.O.C. Petrol Pump Lane Shivranjani Shyamal 132 Ft Ring Road Satellite", "city": "Ahmedabad", "zip": "380015", "country": "India", "phone": "91 79 7100 1500", "fax": "91 79 2644 0603", "website": "http://www.jindaltextiles.com", "industry": "Textile Manufacturing", "sector": "Consumer Cyclical", "longBusinessSummary": "Jindal Worldwide Limited, together with its subsidiaries, manufactures, sells, and exports textile products in India and internationally. The company offers denim products, bottom weight fabrics, shirting fabrics, yarn dyed fabrics, specialized fabrics, and technical fabrics and intermediates. It also provides bed sheets, such as quilt covers/duvet covers, flat and fitted sheets, pillow covers, valance sheets, and bloster cases. Jindal Worldwide Limited was founded in 1986 and is based in Ahmedabad, India.", "fullTimeEmployees": 2255, "companyOfficers": [], "maxAge": 86400}, "netSharePurchaseActivity": {"maxAge": 1, "period": "6m", "buyInfoCount": 0, "buyInfoShares": 0, "sellInfoCount": 0, "netInfoCount": 0, "netInfoShares": 0, "netPercentInsiderShares": 0.0, "totalInsiderShares": 186059200}, "insiderTransactions": {"transactions": [{"maxAge": 1, "shares": 20000, "filerUrl": "", "transactionText": "", "filerName": "Agrawal (Amit Yamunadutt)", "filerRelation": "Chief Executive Officer", "moneyText": "", "startDate": "2017-07-12", "ownership": "D"}, {"maxAge": 1, "shares": 975000, "filerUrl": "", "transactionText": "", "filerName": "Agrawal (Amit Yamunadutt)", "filerRelation": "Chief Executive Officer", "moneyText": "", "startDate": "2017-03-28", "ownership": "D"}, {"maxAge": 1, "shares": 745600, "filerUrl": "", "transactionText": "", "filerName": "Agrawal (Kailash)", "filerRelation": "UNREPORTED", "moneyText": "", "startDate": "2011-01-28", "ownership": "D"}, {"maxAge": 1, "shares": 3000000, "filerUrl": "", "transactionText": "", "filerName": "Agrawal (Saroj)", "filerRelation": "UNREPORTED", "moneyText": "", "startDate": "2011-01-28", "ownership": "D"}], "maxAge": 1}, "quoteType": {"exchange": "NSI", "quoteType": "EQUITY", "symbol": "JINDWORLD.NS", "underlyingSymbol": "JINDWORLD.NS", "shortName": "JINDAL WORLDWIDE", "longName": "Jindal Worldwide Limited", "firstTradeDateEpochUtc": "2010-11-25 09:15:00", "timeZoneFullName": "Asia/Kolkata", "timeZoneShortName": "IST", "uuid": "7ffb1ffe-48ed-3654-adde-7ee8958aa6ec", "messageBoardId": "finmb_23861937", "gmtOffSetMilliseconds": 19800000, "maxAge": 1}, "incomeStatementHistory": {"incomeStatementHistory": [{"maxAge": 1, "endDate": "2020-03-31", "totalRevenue": 21989494000, "costOfRevenue": 17462169000, "grossProfit": 4527325000, "researchDevelopment": {}, "sellingGeneralAdministrative": 124989000, "nonRecurring": {}, "otherOperatingExpenses": 2954726000, "totalOperatingExpenses": 20996821000, "operatingIncome": 992673000, "totalOtherIncomeExpenseNet": -599883000, "ebit": 992673000, "interestExpense": -551433000, "incomeBeforeTax": 392790000, "incomeTaxExpense": 107959000, "minorityInterest": {}, "netIncomeFromContinuingOps": 284831000, "discontinuedOperations": {}, "extraordinaryItems": {}, "effectOfAccountingCharges": {}, "otherItems": {}, "netIncome": 284831000, "netIncomeApplicableToCommonShares": 284831000}, {"maxAge": 1, "endDate": "2019-03-31", "totalRevenue": 22119830000, "costOfRevenue": 15640202000, "grossProfit": 6479628000, "researchDevelopment": {}, "sellingGeneralAdministrative": 345500000, "nonRecurring": {}, "otherOperatingExpenses": 4111119000, "totalOperatingExpenses": 20978476000, "operatingIncome": 1141354000, "totalOtherIncomeExpenseNet": -701161000, "ebit": 1141354000, "interestExpense": -688481000, "incomeBeforeTax": 440193000, "incomeTaxExpense": 133362000, "minorityInterest": 7744000, "netIncomeFromContinuingOps": 306831000, "discontinuedOperations": {}, "extraordinaryItems": {}, "effectOfAccountingCharges": {}, "otherItems": {}, "netIncome": 300295000, "netIncomeApplicableToCommonShares": 300295000}, {"maxAge": 1, "endDate": "2018-03-31", "totalRevenue": 16501872000, "costOfRevenue": 9662396000, "grossProfit": 6839476000, "researchDevelopment": {}, "sellingGeneralAdministrative": 119928000, "nonRecurring": {}, "otherOperatingExpenses": 4854335000, "totalOperatingExpenses": 15167844000, "operatingIncome": 1334028000, "totalOtherIncomeExpenseNet": -480588000, "ebit": 1334028000, "interestExpense": -504591000, "incomeBeforeTax": 853440000, "incomeTaxExpense": 266535000, "minorityInterest": 56019000, "netIncomeFromContinuingOps": 586905000, "discontinuedOperations": {}, "extraordinaryItems": {}, "effectOfAccountingCharges": {}, "otherItems": {}, "netIncome": 585977000, "netIncomeApplicableToCommonShares": 585977000}, {"maxAge": 1, "endDate": "2017-03-31", "totalRevenue": 11577066995, "costOfRevenue": 7283863015, "grossProfit": 4293203980, "researchDevelopment": {}, "sellingGeneralAdministrative": 98124795, "nonRecurring": {}, "otherOperatingExpenses": 2816433568, "totalOperatingExpenses": 10686006541, "operatingIncome": 891060454, "totalOtherIncomeExpenseNet": -83246948, "ebit": 891060454, "interestExpense": -358525366, "incomeBeforeTax": 807813506, "incomeTaxExpense": 143566002, "minorityInterest": 56019000, "netIncomeFromContinuingOps": 664247504, "discontinuedOperations": {}, "extraordinaryItems": {}, "effectOfAccountingCharges": {}, "otherItems": {}, "netIncome": 664247504, "netIncomeApplicableToCommonShares": 664247504}], "maxAge": 86400}, "fundOwnership": {"maxAge": 1, "ownershipList": []}, "summaryDetail": {"maxAge": 1, "priceHint": 2, "previousClose": 45.8, "open": 45.4, "dayLow": 45.25, "dayHigh": 46.35, "regularMarketPreviousClose": 45.8, "regularMarketOpen": 45.4, "regularMarketDayLow": 45.25, "regularMarketDayHigh": 46.35, "exDividendDate": "2020-03-19 05:30:00", "payoutRatio": 0.0356, "fiveYearAvgDividendYield": 0.13, "beta": 1.392873, "trailingPE": 32.596294, "volume": 145001, "regularMarketVolume": 145001, "averageVolume": 191686, "averageVolume10days": 165799, "averageDailyVolume10Day": 165799, "bid": 0.0, "ask": 0.0, "bidSize": 0, "askSize": 0, "marketCap": 9143793664, "fiftyTwoWeekLow": 23.25, "fiftyTwoWeekHigh": 67.65, "priceToSalesTrailing12Months": 0.53868556, "fiftyDayAverage": 48.179413, "twoHundredDayAverage": 52.891903, "trailingAnnualDividendRate": 0.0, "trailingAnnualDividendYield": 0.0, "currency": "INR", "fromCurrency": null, "toCurrency": null, "lastMarket": null, "algorithm": null, "tradeable": false}, "incomeStatementHistoryQuarterly": {"incomeStatementHistory": [{"maxAge": 1, "endDate": "2020-12-31", "totalRevenue": 5895497000, "costOfRevenue": 4554138000, "grossProfit": 1341359000, "researchDevelopment": {}, "sellingGeneralAdministrative": 36802000, "nonRecurring": {}, "otherOperatingExpenses": 845723000, "totalOperatingExpenses": 5511828000, "operatingIncome": 383669000, "totalOtherIncomeExpenseNet": -54587000, "ebit": 383669000, "interestExpense": -86503000, "incomeBeforeTax": 329082000, "incomeTaxExpense": 76934000, "minorityInterest": {}, "netIncomeFromContinuingOps": 252148000, "discontinuedOperations": {}, "extraordinaryItems": {}, "effectOfAccountingCharges": {}, "otherItems": {}, "netIncome": 252148000, "netIncomeApplicableToCommonShares": 252148000}, {"maxAge": 1, "endDate": "2020-09-30", "totalRevenue": 4136826000, "costOfRevenue": 3104299000, "grossProfit": 1032527000, "researchDevelopment": {}, "sellingGeneralAdministrative": 27517000, "nonRecurring": {}, "otherOperatingExpenses": 557096000, "totalOperatingExpenses": 3763678000, "operatingIncome": 373148000, "totalOtherIncomeExpenseNet": -140530000, "ebit": 373148000, "interestExpense": -170885000, "incomeBeforeTax": 232618000, "incomeTaxExpense": 56603000, "minorityInterest": {}, "netIncomeFromContinuingOps": 176015000, "discontinuedOperations": {}, "extraordinaryItems": {}, "effectOfAccountingCharges": {}, "otherItems": {}, "netIncome": 176015000, "netIncomeApplicableToCommonShares": 176015000}, {"maxAge": 1, "endDate": "2020-06-30", "totalRevenue": 545322000, "costOfRevenue": 309407000, "grossProfit": 235915000, "researchDevelopment": {}, "sellingGeneralAdministrative": 18888000, "nonRecurring": {}, "otherOperatingExpenses": 196813000, "totalOperatingExpenses": 598717000, "operatingIncome": -53395000, "totalOtherIncomeExpenseNet": -138104000, "ebit": -53395000, "interestExpense": -129148000, "incomeBeforeTax": -191499000, "incomeTaxExpense": -42516000, "minorityInterest": {}, "netIncomeFromContinuingOps": -148983000, "discontinuedOperations": {}, "extraordinaryItems": {}, "effectOfAccountingCharges": {}, "otherItems": {}, "netIncome": -148983000, "netIncomeApplicableToCommonShares": -148983000}, {"maxAge": 1, "endDate": "2020-03-31", "totalRevenue": 6396623000, "costOfRevenue": 5330555000, "grossProfit": 1066068000, "researchDevelopment": {}, "sellingGeneralAdministrative": 33456000, "nonRecurring": {}, "otherOperatingExpenses": 655996000, "totalOperatingExpenses": 6134745000, "operatingIncome": 261878000, "totalOtherIncomeExpenseNet": -243384000, "ebit": 261878000, "interestExpense": -148987000, "incomeBeforeTax": 18494000, "incomeTaxExpense": 15788000, "minorityInterest": {}, "netIncomeFromContinuingOps": 2706000, "discontinuedOperations": {}, "extraordinaryItems": {}, "effectOfAccountingCharges": {}, "otherItems": {}, "netIncome": 2706000, "netIncomeApplicableToCommonShares": 2706000}], "maxAge": 86400}, "cashflowStatementHistoryQuarterly": {"cashflowStatements": [{"maxAge": 1, "endDate": "2020-12-31", "netIncome": 252148000, "changeToLiabilities": 0}, {"maxAge": 1, "endDate": "2020-09-30", "netIncome": 176015000, "changeToLiabilities": 0}, {"maxAge": 1, "endDate": "2020-06-30", "netIncome": -148983000, "changeToLiabilities": 0}, {"maxAge": 1, "endDate": "2020-03-31", "netIncome": 2706000, "changeToLiabilities": 0}], "maxAge": 86400}, "insiderHolders": {"holders": [{"maxAge": 1, "name": "Agrawal (Amit Yamunadutt)", "relation": "Chief Executive Officer", "url": "", "transactionDescription": "Acquisition", "latestTransDate": "2017-07-12", "positionDirect": 3854200, "positionDirectDate": "2017-07-12"}, {"maxAge": 1, "name": "Agrawal (Kailash)", "relation": "UNREPORTED", "url": "", "transactionDescription": "Sale", "latestTransDate": "2011-01-28", "positionDirect": 0, "positionDirectDate": "2011-01-28"}, {"maxAge": 1, "name": "Agrawal (Saroj)", "relation": "UNREPORTED", "url": "", "transactionDescription": "Sale", "latestTransDate": "2011-01-28", "positionDirect": 0, "positionDirectDate": "2011-01-28"}], "maxAge": 1}, "calendarEvents": {"maxAge": 1, "earnings": {"earningsDate": []}, "exDividendDate": "2020-03-19 05:30:00"}, "price": {"maxAge": 1, "regularMarketChangePercent": -0.0021833729, "regularMarketChange": -0.099998474, "regularMarketTime": "2021-04-30 15:29:47", "priceHint": 2, "regularMarketPrice": 45.7, "regularMarketDayHigh": 46.35, "regularMarketDayLow": 45.25, "regularMarketVolume": 145001, "averageDailyVolume10Day": 165799, "averageDailyVolume3Month": 191686, "regularMarketPreviousClose": 45.8, "regularMarketSource": "FREE_REALTIME", "regularMarketOpen": 45.4, "exchange": "NSI", "exchangeName": "NSE", "exchangeDataDelayedBy": 15, "marketState": "CLOSED", "quoteType": "EQUITY", "symbol": "JINDWORLD.NS", "underlyingSymbol": null, "shortName": "JINDAL WORLDWIDE", "longName": "Jindal Worldwide Limited", "currency": "INR", "quoteSourceName": "Delayed Quote", "currencySymbol": "\u20b9", "fromCurrency": null, "toCurrency": null, "lastMarket": null, "marketCap": 9143793664}, "balanceSheetHistory": {"balanceSheetStatements": [{"maxAge": 1, "endDate": "2020-03-31", "cash": 66097000, "shortTermInvestments": 146949000, "netReceivables": 4450487000, "inventory": 2449532000, "otherCurrentAssets": 837025000, "totalCurrentAssets": 7957575000, "longTermInvestments": 197336000, "propertyPlantEquipment": 2950728000, "goodWill": 5787000, "otherAssets": 11828000, "totalAssets": 11123254000, "accountsPayable": 2602161000, "shortLongTermDebt": 280164000, "otherCurrentLiab": 407414000, "longTermDebt": 1508391000, "otherLiab": 170134000, "totalCurrentLiabilities": 5682397000, "totalLiab": 7360922000, "commonStock": 200520000, "retainedEarnings": 3538942000, "treasuryStock": -757000, "capitalSurplus": 23627000, "otherStockholderEquity": -757000, "totalStockholderEquity": 3762332000, "netTangibleAssets": 3756545000}, {"maxAge": 1, "endDate": "2019-03-31", "cash": 97752000, "shortTermInvestments": 161860000, "netReceivables": 3864522000, "inventory": 2750403000, "otherCurrentAssets": 1423123000, "totalCurrentAssets": 8304183000, "longTermInvestments": 37861000, "propertyPlantEquipment": 5659861000, "goodWill": 15275000, "otherAssets": 33665000, "totalAssets": 14050845000, "accountsPayable": 3629971000, "shortLongTermDebt": 716709000, "otherCurrentLiab": 244008000, "longTermDebt": 3509037000, "otherLiab": 205536000, "minorityInterest": 7744000, "totalCurrentLiabilities": 6831935000, "totalLiab": 10546508000, "commonStock": 200520000, "retainedEarnings": 3273203000, "treasuryStock": -757000, "capitalSurplus": 23627000, "otherStockholderEquity": -757000, "totalStockholderEquity": 3496593000, "netTangibleAssets": 3481318000}, {"maxAge": 1, "endDate": "2018-03-31", "cash": 107225000, "shortTermInvestments": 94141000, "netReceivables": 4262272000, "inventory": 2455766000, "otherCurrentAssets": 1298034000, "totalCurrentAssets": 8233597000, "longTermInvestments": 32456000, "propertyPlantEquipment": 4223576000, "goodWill": 235000, "otherAssets": 33244000, "totalAssets": 12523108000, "accountsPayable": 2971544000, "shortLongTermDebt": 474469000, "otherCurrentLiab": 413921000, "longTermDebt": 2875146000, "otherLiab": 209532000, "minorityInterest": 56019000, "totalCurrentLiabilities": 6178247000, "totalLiab": 9262925000, "commonStock": 200520000, "retainedEarnings": 2984214000, "treasuryStock": -4197000, "capitalSurplus": 23627000, "otherStockholderEquity": -4197000, "totalStockholderEquity": 3204164000, "netTangibleAssets": 3203929000}, {"maxAge": 1, "endDate": "2017-03-31", "cash": 42742639, "shortTermInvestments": 74085306, "netReceivables": 2279313597, "inventory": 1145718563, "otherCurrentAssets": 1235070607, "totalCurrentAssets": 4784324725, "longTermInvestments": 47825570, "propertyPlantEquipment": 3243962164, "otherAssets": 33570830, "totalAssets": 8109683289, "accountsPayable": 1008463173, "shortLongTermDebt": 297058334, "otherCurrentLiab": 362946831, "longTermDebt": 2061309449, "otherLiab": 277099170, "totalCurrentLiabilities": 3056898314, "totalLiab": 5395306933, "commonStock": 200520400, "retainedEarnings": 2490228027, "treasuryStock": 1054, "capitalSurplus": 23626875, "otherStockholderEquity": 1054, "totalStockholderEquity": 2714376356, "netTangibleAssets": 2714376356}], "maxAge": 86400}, "financialData": {"maxAge": 86400, "currentPrice": 45.7, "recommendationKey": "none", "totalCash": 543657984, "totalCashPerShare": 2.717, "ebitda": 1100198528, "totalDebt": 4118674944, "totalRevenue": 16974268416, "debtToEquity": 109.209, "revenuePerShare": 84.411, "grossProfits": 4527325000, "earningsGrowth": 1.211, "revenueGrowth": 0.216, "grossMargins": 0.21655001, "ebitdaMargins": 0.06481, "operatingMargins": 0.05687, "profitMargins": 0.01661, "financialCurrency": "INR"}}}