{"JISLJALEQS.NS": {"assetProfile": {"address1": "Jain Plastic Park", "address2": "NH No. 6 Bambhori", "city": "Jalgaon", "zip": "425001", "country": "India", "phone": "91 25 7225 8011", "fax": "91 25 7225 8111", "website": "http://www.jains.com", "industry": "Farm & Heavy Construction Machinery", "sector": "Industrials", "longBusinessSummary": "Jain Irrigation Systems Limited operates as a micro-irrigation company in India, Europe, North America, and internationally. The company operates through Hi-Tech Agri Input Products, Plastic, Agro Processing, and Other Business divisions. It provides drip irrigation, sprinkler irrigation, PE piping, and plumbing systems; and polyvinyl chloride pipes and pipe fittings, and EX-CEL plastic sheets. The company also offers protected cultivation products, including greenhouses, poly houses and tunnels, and net houses; tissue culture plants for bananas, pomegranates, and strawberries; and solar photovoltaic modules, solar pumping systems and appliances, solar PV power plants, module mounting solutions, and water heating systems. In addition, it provides Jain Logic, a monitoring and control solution, as well as bio-fertilizers; and generates power through solar and biogas power plants. Further, the company is involved in the fruits, onion, vegetable, and spice processing activities; and operates vegetable and horticulture nurseries. Jain Irrigation Systems Limited was founded in 1963 and is headquartered in Jalgaon, India.", "fullTimeEmployees": 9665, "companyOfficers": [{"maxAge": 1, "name": "Mr. Ashok Bhavarlal Jain B.Com., B. Com", "age": 68, "title": "Exec. Chairman", "yearBorn": 1952, "fiscalYear": 2020, "totalPay": 35320847, "exercisedValue": 0, "unexercisedValue": 0}, {"maxAge": 1, "name": "Mr. Anil Bhavarlal Jain", "age": 54, "title": "MD & Vice Chairman", "yearBorn": 1966, "fiscalYear": 2020, "totalPay": 35320847, "exercisedValue": 0, "unexercisedValue": 0}, {"maxAge": 1, "name": "Mr. Atul Bhavarlal Jain", "title": "Joint MD, CFO & Exec. Director", "fiscalYear": 2020, "totalPay": 35320847, "exercisedValue": 0, "unexercisedValue": 0}, {"maxAge": 1, "name": "Mr. Ajit Bhavarlal Jain", "title": "Joint MD & Exec. Director", "fiscalYear": 2020, "totalPay": 35320847, "exercisedValue": 0, "unexercisedValue": 0}, {"maxAge": 1, "name": "Mr. Avdhut V. Ghodgaonkar", "title": "Company Sec. & Chief Compliance Officer", "exercisedValue": 0, "unexercisedValue": 0}, {"maxAge": 1, "name": "Mr. Ramanathan  Swaminathan", "title": "Exec. Director", "fiscalYear": 2020, "totalPay": 3621008, "exercisedValue": 0, "unexercisedValue": 0}, {"maxAge": 1, "name": "Mr. Narinder  Gupta", "title": "COO & VP of Intl. Bus. Jain Irrgation USA", "exercisedValue": 0, "unexercisedValue": 0}, {"maxAge": 1, "name": "Mr. Arun S. Ajgaonkar", "title": "Sr. Pres of Corp. Admin.", "exercisedValue": 0, "unexercisedValue": 0}, {"maxAge": 1, "name": "Mr. Anilkumar O. Mungad", "title": "Sr. VP of Internal Audits", "exercisedValue": 0, "unexercisedValue": 0}, {"maxAge": 1, "name": "Mr. Sunil D. Gupta", "title": "Exec. VP of QA Food Processing", "exercisedValue": 0, "unexercisedValue": 0}], "compensationAsOfEpochDate": "2020-12-31 05:30:00", "maxAge": 86400}, "cashflowStatementHistory": {"cashflowStatements": [{"maxAge": 1, "endDate": "2020-03-31", "netIncome": -7151380000, "depreciation": 3538370000, "changeToNetincome": 4048630000, "changeToAccountReceivables": -299100000, "changeToLiabilities": -6260980000, "changeToInventory": 3148730000, "changeToOperatingActivities": -3887800000, "totalCashFromOperatingActivities": -6746700000, "capitalExpenditures": -2802210000, "investments": 87790000, "otherCashflowsFromInvestingActivities": 38080000, "totalCashflowsFromInvestingActivities": -2583020000, "dividendsPaid": -2230000, "netBorrowings": 15069950000, "otherCashflowsFromFinancingActivities": -4611310000, "totalCashFromFinancingActivities": 10456410000, "changeInCash": 1126690000}, {"maxAge": 1, "endDate": "2019-03-31", "netIncome": 2390940000, "depreciation": 3040370000, "changeToNetincome": 4988250000, "changeToAccountReceivables": -4442920000, "changeToLiabilities": -2569110000, "changeToInventory": -24190000, "changeToOperatingActivities": -1908080000, "totalCashFromOperatingActivities": 1563460000, "capitalExpenditures": -3908090000, "investments": 1992880000, "otherCashflowsFromInvestingActivities": 74840000, "totalCashflowsFromInvestingActivities": -3463370000, "dividendsPaid": -509310000, "netBorrowings": 6610960000, "otherCashflowsFromFinancingActivities": -4996830000, "totalCashFromFinancingActivities": 1104820000, "changeInCash": -795100000}, {"maxAge": 1, "endDate": "2018-03-31", "netIncome": 2193350000, "depreciation": 3321350000, "changeToNetincome": 5336490000, "changeToAccountReceivables": -1260900000, "changeToLiabilities": 3544440000, "changeToInventory": -1334350000, "changeToOperatingActivities": 1261420000, "totalCashFromOperatingActivities": 13126300000, "capitalExpenditures": -5284130000, "investments": -660510000, "otherCashflowsFromInvestingActivities": 155720000, "totalCashflowsFromInvestingActivities": -10596730000, "dividendsPaid": -432400000, "netBorrowings": 3605960000, "otherCashflowsFromFinancingActivities": -4845140000, "totalCashFromFinancingActivities": -1671580000, "changeInCash": 857990000}, {"maxAge": 1, "endDate": "2017-03-31", "netIncome": 1694720000, "depreciation": 2954580000, "changeToNetincome": 5789350000, "changeToAccountReceivables": -1047660000, "changeToLiabilities": 1880180000, "changeToInventory": -3921630000, "changeToOperatingActivities": -670620000, "totalCashFromOperatingActivities": 6738090000, "capitalExpenditures": -3054210000, "investments": -1109030000, "otherCashflowsFromInvestingActivities": 74540000, "totalCashflowsFromInvestingActivities": -4169130000, "dividendsPaid": -288930000, "netBorrowings": -516520000, "otherCashflowsFromFinancingActivities": -4547050000, "totalCashFromFinancingActivities": -5199530000, "changeInCash": -2630570000, "issuanceOfStock": 152970000}], "maxAge": 86400}, "institutionOwnership": {"maxAge": 1, "ownershipList": []}, "majorHoldersBreakdown": {"maxAge": 1, "insidersPercentHeld": 0.44355, "institutionsPercentHeld": 0.08327, "institutionsFloatPercentHeld": 0.14964, "institutionsCount": 8}, "balanceSheetHistoryQuarterly": {"balanceSheetStatements": [{"maxAge": 1, "endDate": "2020-12-31", "totalStockholderEquity": 31054800000, "netTangibleAssets": 21997600000}, {"maxAge": 1, "endDate": "2020-09-30", "cash": 2822100000, "shortTermInvestments": 570200000, "netReceivables": 26116200000, "inventory": 21236400000, "otherCurrentAssets": 11496300000, "totalCurrentAssets": 62241200000, "longTermInvestments": 4333500000, "propertyPlantEquipment": 49511600000, "goodWill": 7988500000, "intangibleAssets": 1068700000, "otherAssets": 3034900000, "deferredLongTermAssetCharges": 1849500000, "totalAssets": 128178400000, "accountsPayable": 8898000000, "otherCurrentLiab": 20203900000, "longTermDebt": 26089100000, "otherLiab": 3614700000, "minorityInterest": 1374500000, "totalCurrentLiabilities": 66045300000, "totalLiab": 95749100000, "commonStock": 1031300000, "treasuryStock": 30023500000, "otherStockholderEquity": 30023500000, "totalStockholderEquity": 31054800000, "netTangibleAssets": 21997600000}, {"maxAge": 1, "endDate": "2020-06-30", "totalStockholderEquity": 34711000000, "netTangibleAssets": 25662300000}, {"maxAge": 1, "endDate": "2020-03-31", "cash": 2300780000, "shortTermInvestments": 10000000, "netReceivables": 31830840000, "inventory": 21764270000, "otherCurrentAssets": 8010950000, "totalCurrentAssets": 64541760000, "longTermInvestments": 889980000, "propertyPlantEquipment": 51173690000, "goodWill": 8361630000, "intangibleAssets": 687030000, "otherAssets": 6167000000, "deferredLongTermAssetCharges": 1701200000, "totalAssets": 131821090000, "accountsPayable": 11254390000, "shortLongTermDebt": 5700350000, "otherCurrentLiab": 3432350000, "longTermDebt": 27642430000, "otherLiab": 3448660000, "minorityInterest": 1430610000, "totalCurrentLiabilities": 62984260000, "totalLiab": 95679470000, "commonStock": 1031320000, "retainedEarnings": 20359740000, "treasuryStock": -1252000000, "capitalSurplus": 14571950000, "otherStockholderEquity": -1252000000, "totalStockholderEquity": 34711010000, "netTangibleAssets": 25662350000}], "maxAge": 86400}, "indexTrend": {"maxAge": 1, "symbol": "SP5", "peRatio": 19.7411, "pegRatio": 1.34172, "estimates": [{"period": "0q", "growth": 0.549}, {"period": "+1q", "growth": 0.431}, {"period": "0y", "growth": 0.305}, {"period": "+1y", "growth": 0.109}, {"period": "+5y", "growth": 0.120865}, {"period": "-5y"}]}, "defaultKeyStatistics": {"maxAge": 1, "priceHint": 2, "enterpriseValue": 71082098688, "profitMargins": -0.13442999, "floatShares": 271990241, "sharesOutstanding": 496366016, "heldPercentInsiders": 0.44355, "heldPercentInstitutions": 0.08327, "beta": 1.800822, "impliedSharesOutstanding": 515660000, "category": null, "bookValue": 60.217, "priceToBook": 0.31718618, "fundFamily": null, "legalType": null, "lastFiscalYearEnd": "2020-03-31 05:30:00", "nextFiscalYearEnd": "2022-03-31 05:30:00", "mostRecentQuarter": "2020-12-31 05:30:00", "netIncomeToCommon": -7690180096, "trailingEps": -14.922, "lastSplitFactor": "21:20", "lastSplitDate": "2011-11-08 05:30:00", "enterpriseToRevenue": 1.243, "enterpriseToEbitda": -65.787, "52WeekChange": 1.5986395, "SandP52WeekChange": 0.48148263, "lastDividendValue": 1.0, "lastDividendDate": 1568246400}, "summaryProfile": {"address1": "Jain Plastic Park", "address2": "NH No. 6 Bambhori", "city": "Jalgaon", "zip": "425001", "country": "India", "phone": "91 25 7225 8011", "fax": "91 25 7225 8111", "website": "http://www.jains.com", "industry": "Farm & Heavy Construction Machinery", "sector": "Industrials", "longBusinessSummary": "Jain Irrigation Systems Limited operates as a micro-irrigation company in India, Europe, North America, and internationally. The company operates through Hi-Tech Agri Input Products, Plastic, Agro Processing, and Other Business divisions. It provides drip irrigation, sprinkler irrigation, PE piping, and plumbing systems; and polyvinyl chloride pipes and pipe fittings, and EX-CEL plastic sheets. The company also offers protected cultivation products, including greenhouses, poly houses and tunnels, and net houses; tissue culture plants for bananas, pomegranates, and strawberries; and solar photovoltaic modules, solar pumping systems and appliances, solar PV power plants, module mounting solutions, and water heating systems. In addition, it provides Jain Logic, a monitoring and control solution, as well as bio-fertilizers; and generates power through solar and biogas power plants. Further, the company is involved in the fruits, onion, vegetable, and spice processing activities; and operates vegetable and horticulture nurseries. Jain Irrigation Systems Limited was founded in 1963 and is headquartered in Jalgaon, India.", "fullTimeEmployees": 9665, "companyOfficers": [], "maxAge": 86400}, "netSharePurchaseActivity": {"maxAge": 1, "period": "6m", "buyInfoCount": 0, "buyInfoShares": 0, "sellInfoCount": 0, "netInfoCount": 0, "netInfoShares": 0, "netPercentInsiderShares": 0.0, "totalInsiderShares": 228994688}, "insiderTransactions": {"transactions": [{"maxAge": 1, "shares": 1381146, "filerUrl": "", "transactionText": "", "filerName": "JISL Employees ESOP''s Trust", "filerRelation": "Institution- Corporation", "moneyText": "", "startDate": "2019-06-18", "ownership": "D"}, {"maxAge": 1, "shares": 515283, "filerUrl": "", "transactionText": "", "filerName": "JISL Employees ESOP''s Trust", "filerRelation": "Institution- Corporation", "moneyText": "", "startDate": "2019-02-14", "ownership": "D"}, {"maxAge": 1, "shares": 100000, "filerUrl": "", "transactionText": "", "filerName": "Jalgaon Investment Pvt Ltd", "filerRelation": "Promoter", "moneyText": "", "startDate": "2018-07-03", "ownership": "D"}, {"maxAge": 1, "shares": 200000, "filerUrl": "", "transactionText": "", "filerName": "Jalgaon Investment Pvt Ltd", "filerRelation": "Promoter", "moneyText": "", "startDate": "2018-07-02", "ownership": "D"}, {"maxAge": 1, "shares": 400200, "filerUrl": "", "transactionText": "", "filerName": "Jalgaon Investment Pvt Ltd", "filerRelation": "Promoter", "moneyText": "", "startDate": "2018-06-29", "ownership": "D"}, {"maxAge": 1, "shares": 93993836, "filerUrl": "", "transactionText": "", "filerName": "Jalgaon Investment Pvt Ltd", "filerRelation": "Promoter", "moneyText": "", "startDate": "2018-06-27", "ownership": "D"}, {"maxAge": 1, "shares": 1238836, "filerUrl": "", "transactionText": "", "filerName": "Jalgaon Investment Pvt Ltd", "filerRelation": "Institution- Corporation", "moneyText": "", "startDate": "2017-11-29", "ownership": "D"}, {"maxAge": 1, "shares": 1238836, "filerUrl": "", "transactionText": "", "filerName": "Jain Brothers Industries Pvt. Ltd.", "filerRelation": "Promoter", "moneyText": "", "startDate": "2017-11-29", "ownership": "D"}, {"maxAge": 1, "shares": 1250000, "filerUrl": "", "transactionText": "", "filerName": "Jalgaon Investment Pvt Ltd", "filerRelation": "Promoter", "moneyText": "", "startDate": "2017-11-27", "ownership": "D"}, {"maxAge": 1, "shares": 1250000, "filerUrl": "", "transactionText": "", "filerName": "Jain Brothers Industries Pvt. Ltd.", "filerRelation": "Promoter", "moneyText": "", "startDate": "2017-11-27", "ownership": "D"}, {"maxAge": 1, "shares": 67250, "filerUrl": "", "transactionText": "", "filerName": "Jain (Atul Bhavarlal)", "filerRelation": "Joint Managing director", "moneyText": "", "startDate": "2015-12-21", "ownership": "D"}, {"maxAge": 1, "shares": 7500000, "filerUrl": "", "transactionText": "", "filerName": "Jalgaon Investment Pvt Ltd", "filerRelation": "Promoter", "moneyText": "", "startDate": "2014-03-24", "ownership": "D"}, {"maxAge": 1, "shares": 8500000, "filerUrl": "", "transactionText": "", "filerName": "Macquarie Bank Limited", "filerRelation": "Investment Advisor", "moneyText": "", "startDate": "2012-11-19", "ownership": "D"}, {"maxAge": 1, "shares": 47705, "filerUrl": "", "transactionText": "", "filerName": "Jain Brothers Industries Pvt. Ltd.", "filerRelation": "Promoter", "moneyText": "", "startDate": "2012-04-20", "ownership": "D"}, {"maxAge": 1, "shares": 2441131, "filerUrl": "", "transactionText": "", "filerName": "Jain Brothers Industries Pvt. Ltd.", "filerRelation": "Promoter", "moneyText": "", "startDate": "2012-03-30", "ownership": "D"}, {"maxAge": 1, "shares": 1333170, "filerUrl": "", "transactionText": "", "filerName": "Jain (Atul Bhavarlal)", "filerRelation": "Joint Managing director", "moneyText": "", "startDate": "2011-10-18", "ownership": "D"}, {"maxAge": 1, "shares": 818524, "filerUrl": "", "transactionText": "", "filerName": "Emerging Markets Growth Fund, Inc.", "filerRelation": "Investment Management Company", "moneyText": "", "startDate": "2011-09-19", "ownership": "D"}, {"maxAge": 1, "shares": 1340500, "filerUrl": "", "transactionText": "", "filerName": "Jain (Anil Bhavarlal)", "filerRelation": "Managing Director", "moneyText": "", "startDate": "2011-03-25", "ownership": "D"}, {"maxAge": 1, "shares": 1340500, "filerUrl": "", "transactionText": "", "filerName": "Jain (Atul Bhavarlal)", "filerRelation": "Joint Managing director", "moneyText": "", "startDate": "2011-03-25", "ownership": "D"}], "maxAge": 1}, "quoteType": {"exchange": "NSI", "quoteType": "EQUITY", "symbol": "JISLJALEQS.NS", "underlyingSymbol": "JISLJALEQS.NS", "shortName": "JAIN IRRIGATION", "longName": "Jain Irrigation Systems Limited", "firstTradeDateEpochUtc": "2002-01-18 09:15:00", "timeZoneFullName": "Asia/Kolkata", "timeZoneShortName": "IST", "uuid": "c5dcfff3-6776-3e26-adfb-b7f64fd2f9d4", "messageBoardId": "finmb_881275", "gmtOffSetMilliseconds": 19800000, "maxAge": 1}, "incomeStatementHistory": {"incomeStatementHistory": [{"maxAge": 1, "endDate": "2020-03-31", "totalRevenue": 62158100000, "costOfRevenue": 35464710000, "grossProfit": 26693390000, "researchDevelopment": {}, "sellingGeneralAdministrative": 11071110000, "nonRecurring": {}, "otherOperatingExpenses": 16312410000, "totalOperatingExpenses": 66503430000, "operatingIncome": -4345330000, "totalOtherIncomeExpenseNet": -5854260000, "ebit": -4345330000, "interestExpense": -5675760000, "incomeBeforeTax": -10199590000, "incomeTaxExpense": -3005110000, "minorityInterest": 1430610000, "netIncomeFromContinuingOps": -7194480000, "discontinuedOperations": {}, "extraordinaryItems": {}, "effectOfAccountingCharges": {}, "otherItems": {}, "netIncome": -7151380000, "netIncomeApplicableToCommonShares": -7151380000}, {"maxAge": 1, "endDate": "2019-03-31", "totalRevenue": 85769390000, "costOfRevenue": 46483670000, "grossProfit": 39285720000, "researchDevelopment": {}, "sellingGeneralAdministrative": 11754170000, "nonRecurring": {}, "otherOperatingExpenses": 16871600000, "totalOperatingExpenses": 78238010000, "operatingIncome": 7531380000, "totalOtherIncomeExpenseNet": -3789770000, "ebit": 7531380000, "interestExpense": -3789200000, "incomeBeforeTax": 3741610000, "incomeTaxExpense": 1199280000, "minorityInterest": 1412690000, "netIncomeFromContinuingOps": 2542330000, "discontinuedOperations": {}, "extraordinaryItems": {}, "effectOfAccountingCharges": {}, "otherItems": {}, "netIncome": 2390940000, "netIncomeApplicableToCommonShares": 2390940000}, {"maxAge": 1, "endDate": "2018-03-31", "totalRevenue": 78432410000, "costOfRevenue": 42462230000, "grossProfit": 35970180000, "researchDevelopment": {}, "sellingGeneralAdministrative": 10559000000, "nonRecurring": {}, "otherOperatingExpenses": 15775310000, "totalOperatingExpenses": 72182390000, "operatingIncome": 6250020000, "totalOtherIncomeExpenseNet": -3258230000, "ebit": 6250020000, "interestExpense": -3580790000, "incomeBeforeTax": 2991790000, "incomeTaxExpense": 778860000, "minorityInterest": 1302090000, "netIncomeFromContinuingOps": 2212930000, "discontinuedOperations": {}, "extraordinaryItems": {}, "effectOfAccountingCharges": {}, "otherItems": {}, "netIncome": 2193350000, "netIncomeApplicableToCommonShares": 2193350000}, {"maxAge": 1, "endDate": "2017-03-31", "totalRevenue": 67697830000, "costOfRevenue": 36361780000, "grossProfit": 31336050000, "researchDevelopment": {}, "sellingGeneralAdministrative": 8652720000, "nonRecurring": {}, "otherOperatingExpenses": 13234850000, "totalOperatingExpenses": 61263100000, "operatingIncome": 6434730000, "totalOtherIncomeExpenseNet": -4005090000, "ebit": 6434730000, "interestExpense": -3622590000, "incomeBeforeTax": 2429640000, "incomeTaxExpense": 667260000, "minorityInterest": 1089030000, "netIncomeFromContinuingOps": 1762380000, "discontinuedOperations": {}, "extraordinaryItems": {}, "effectOfAccountingCharges": {}, "otherItems": {}, "netIncome": 1694720000, "netIncomeApplicableToCommonShares": 1694720000}], "maxAge": 86400}, "fundOwnership": {"maxAge": 1, "ownershipList": [{"maxAge": 1, "reportDate": "2021-02-28", "organization": "GMO Climate Change Fund", "pctHeld": 0.0018000001, "position": 891358, "value": 16935802}, {"maxAge": 1, "reportDate": "2021-03-31", "organization": "SPDR Portfolio Emerging Markets ETF", "pctHeld": 0.0005, "position": 232619, "value": 4280189}, {"maxAge": 1, "reportDate": "2021-02-28", "organization": "Avantis Emerging Markets Equity ETF", "pctHeld": 0.0001, "position": 72937, "value": 1385803}]}, "summaryDetail": {"maxAge": 1, "priceHint": 2, "previousClose": 19.5, "open": 19.0, "dayLow": 18.9, "dayHigh": 19.65, "regularMarketPreviousClose": 19.5, "regularMarketOpen": 19.0, "regularMarketDayLow": 18.9, "regularMarketDayHigh": 19.65, "exDividendDate": "2019-09-12 05:30:00", "payoutRatio": 0.0, "beta": 1.800822, "volume": 1093768, "regularMarketVolume": 1093768, "averageVolume": 3152107, "averageVolume10days": 2288825, "averageDailyVolume10Day": 2288825, "bid": 0.0, "ask": 0.0, "bidSize": 0, "askSize": 0, "marketCap": 9684827136, "fiftyTwoWeekLow": 6.35, "fiftyTwoWeekHigh": 26.35, "priceToSalesTrailing12Months": 0.16930301, "fiftyDayAverage": 19.125, "twoHundredDayAverage": 18.802414, "trailingAnnualDividendRate": 1.0, "trailingAnnualDividendYield": 0.051282052, "currency": "INR", "fromCurrency": null, "toCurrency": null, "lastMarket": null, "algorithm": null, "tradeable": false}, "incomeStatementHistoryQuarterly": {"incomeStatementHistory": [{"maxAge": 1, "endDate": "2020-12-31", "totalRevenue": 14282900000, "costOfRevenue": 7754000000, "grossProfit": 6528900000, "researchDevelopment": {}, "sellingGeneralAdministrative": 2373400000, "nonRecurring": {}, "otherOperatingExpenses": 3314200000, "totalOperatingExpenses": 14393900000, "operatingIncome": -111000000, "totalOtherIncomeExpenseNet": -1744100000, "ebit": -111000000, "interestExpense": -1831900000, "incomeBeforeTax": -1855100000, "incomeTaxExpense": -626700000, "minorityInterest": {}, "netIncomeFromContinuingOps": -1228400000, "discontinuedOperations": {}, "extraordinaryItems": {}, "effectOfAccountingCharges": {}, "otherItems": {}, "netIncome": -1192600000, "netIncomeApplicableToCommonShares": -1192600000}, {"maxAge": 1, "endDate": "2020-09-30", "totalRevenue": 12682900000, "costOfRevenue": 6711300000, "grossProfit": 5971600000, "researchDevelopment": {}, "sellingGeneralAdministrative": 2263800000, "nonRecurring": {}, "otherOperatingExpenses": 3235100000, "totalOperatingExpenses": 13181600000, "operatingIncome": -498700000, "totalOtherIncomeExpenseNet": -1838100000, "ebit": -498700000, "interestExpense": -1839400000, "incomeBeforeTax": -2336800000, "incomeTaxExpense": -633200000, "minorityInterest": 1374500000, "netIncomeFromContinuingOps": -1703600000, "discontinuedOperations": {}, "extraordinaryItems": {}, "effectOfAccountingCharges": {}, "otherItems": {}, "netIncome": -1686400000, "netIncomeApplicableToCommonShares": -1686400000}, {"maxAge": 1, "endDate": "2020-06-30", "totalRevenue": 13876200000, "costOfRevenue": 7888000000, "grossProfit": 5988200000, "researchDevelopment": {}, "sellingGeneralAdministrative": 2316000000, "nonRecurring": {}, "otherOperatingExpenses": 3419700000, "totalOperatingExpenses": 14547900000, "operatingIncome": -671700000, "totalOtherIncomeExpenseNet": -1585700000, "ebit": -671700000, "interestExpense": -1858100000, "incomeBeforeTax": -2257400000, "incomeTaxExpense": -671300000, "minorityInterest": 1374500000, "netIncomeFromContinuingOps": -1586100000, "discontinuedOperations": {}, "extraordinaryItems": {}, "effectOfAccountingCharges": {}, "otherItems": {}, "netIncome": -1568700000, "netIncomeApplicableToCommonShares": -1568700000}, {"maxAge": 1, "endDate": "2020-03-31", "totalRevenue": 16362100000, "costOfRevenue": 10625610000, "grossProfit": 5736490000, "researchDevelopment": {}, "sellingGeneralAdministrative": 3698210000, "nonRecurring": {}, "otherOperatingExpenses": 3631110000, "totalOperatingExpenses": 18981730000, "operatingIncome": -2619630000, "totalOtherIncomeExpenseNet": -2078460000, "ebit": -2619630000, "interestExpense": -785560000, "incomeBeforeTax": -4698090000, "incomeTaxExpense": -1456410000, "minorityInterest": 1430610000, "netIncomeFromContinuingOps": -3241680000, "discontinuedOperations": {}, "extraordinaryItems": {}, "effectOfAccountingCharges": {}, "otherItems": {}, "netIncome": -3242480000, "netIncomeApplicableToCommonShares": -3242480000}], "maxAge": 86400}, "cashflowStatementHistoryQuarterly": {"cashflowStatements": [{"maxAge": 1, "endDate": "2020-12-31", "netIncome": -1192600000, "changeToLiabilities": 0}, {"maxAge": 1, "endDate": "2020-09-30", "netIncome": -1686400000, "changeToLiabilities": 0}, {"maxAge": 1, "endDate": "2020-06-30", "netIncome": -1568700000, "changeToLiabilities": 0}, {"maxAge": 1, "endDate": "2020-03-31", "netIncome": -3242480000, "changeToLiabilities": 0}], "maxAge": 86400}, "insiderHolders": {"holders": [{"maxAge": 1, "name": "Emerging Markets Growth Fund, Inc.", "relation": "Investment Management Company", "url": "", "transactionDescription": "Acquisition", "latestTransDate": "2011-09-19", "positionDirect": 19457864, "positionDirectDate": "2011-09-19"}, {"maxAge": 1, "name": "JISL Employees ESOP''s Trust", "relation": "Institution- Corporation", "url": "", "transactionDescription": "Acquisition", "latestTransDate": "2019-06-18", "positionDirect": 1896429, "positionDirectDate": "2019-06-18"}, {"maxAge": 1, "name": "Jain (Anil Bhavarlal)", "relation": "Managing Director", "url": "", "transactionDescription": "Acquisition", "latestTransDate": "2011-03-25", "positionDirect": 1454190, "positionDirectDate": "2011-03-25"}, {"maxAge": 1, "name": "Jain (Atul Bhavarlal)", "relation": "Joint Managing director", "url": "", "transactionDescription": "Purchase", "latestTransDate": "2015-12-21", "positionDirect": 175980, "positionDirectDate": "2015-12-21"}, {"maxAge": 1, "name": "Jain Brothers Industries Pvt. Ltd.", "relation": "Promoter", "url": "", "transactionDescription": "Other", "latestTransDate": "2017-11-29", "positionDirect": 0, "positionDirectDate": "2017-11-29"}, {"maxAge": 1, "name": "Jalgaon Investment Pvt Ltd", "relation": "Promoter", "url": "", "transactionDescription": "Acquisition", "latestTransDate": "2018-07-03", "positionDirect": 107494036, "positionDirectDate": "2018-07-03"}, {"maxAge": 1, "name": "Macquarie Bank Limited", "relation": "Investment Advisor", "url": "", "transactionDescription": "Acquisition", "latestTransDate": "2012-11-19", "positionDirect": 21154568, "positionDirectDate": "2012-11-19"}], "maxAge": 1}, "calendarEvents": {"maxAge": 1, "earnings": {"earningsDate": []}, "exDividendDate": "2019-09-12 05:30:00"}, "price": {"maxAge": 1, "regularMarketChangePercent": -0.0205128, "regularMarketChange": -0.39999962, "regularMarketTime": "2021-04-30 15:30:01", "priceHint": 2, "regularMarketPrice": 19.1, "regularMarketDayHigh": 19.65, "regularMarketDayLow": 18.9, "regularMarketVolume": 1093768, "averageDailyVolume10Day": 2288825, "averageDailyVolume3Month": 3152107, "regularMarketPreviousClose": 19.5, "regularMarketSource": "FREE_REALTIME", "regularMarketOpen": 19.0, "exchange": "NSI", "exchangeName": "NSE", "exchangeDataDelayedBy": 15, "marketState": "CLOSED", "quoteType": "EQUITY", "symbol": "JISLJALEQS.NS", "underlyingSymbol": null, "shortName": "JAIN IRRIGATION", "longName": "Jain Irrigation Systems Limited", "currency": "INR", "quoteSourceName": "Delayed Quote", "currencySymbol": "\u20b9", "fromCurrency": null, "toCurrency": null, "lastMarket": null, "marketCap": 9684827136}, "balanceSheetHistory": {"balanceSheetStatements": [{"maxAge": 1, "endDate": "2020-03-31", "cash": 2300780000, "shortTermInvestments": 10000000, "netReceivables": 31830840000, "inventory": 21764270000, "otherCurrentAssets": 8010950000, "totalCurrentAssets": 64541760000, "longTermInvestments": 889980000, "propertyPlantEquipment": 51173690000, "goodWill": 8361630000, "intangibleAssets": 687030000, "otherAssets": 6167000000, "deferredLongTermAssetCharges": 1701200000, "totalAssets": 131821090000, "accountsPayable": 11254390000, "shortLongTermDebt": 5700350000, "otherCurrentLiab": 3432350000, "longTermDebt": 27642430000, "otherLiab": 3448660000, "minorityInterest": 1430610000, "totalCurrentLiabilities": 62984260000, "totalLiab": 95679470000, "commonStock": 1031320000, "retainedEarnings": 20359740000, "treasuryStock": -1252000000, "capitalSurplus": 14571950000, "otherStockholderEquity": -1252000000, "totalStockholderEquity": 34711010000, "netTangibleAssets": 25662350000}, {"maxAge": 1, "endDate": "2019-03-31", "cash": 1174090000, "netReceivables": 34117520000, "inventory": 24839770000, "otherCurrentAssets": 4877180000, "totalCurrentAssets": 66228470000, "longTermInvestments": 854430000, "propertyPlantEquipment": 48260000000, "goodWill": 7896850000, "intangibleAssets": 642240000, "otherAssets": 4905990000, "deferredLongTermAssetCharges": 1208070000, "totalAssets": 128787980000, "accountsPayable": 17588000000, "shortLongTermDebt": 3910100000, "otherCurrentLiab": 4217190000, "longTermDebt": 29395200000, "otherLiab": 5869530000, "minorityInterest": 1412690000, "totalCurrentLiabilities": 47979640000, "totalLiab": 83244370000, "commonStock": 1031320000, "retainedEarnings": 27506400000, "treasuryStock": 1021250000, "capitalSurplus": 14571950000, "otherStockholderEquity": 1021250000, "totalStockholderEquity": 44130920000, "netTangibleAssets": 35591830000}, {"maxAge": 1, "endDate": "2018-03-31", "cash": 1969190000, "shortTermInvestments": 1999130000, "netReceivables": 29436020000, "inventory": 24565250000, "otherCurrentAssets": 4747930000, "totalCurrentAssets": 63899060000, "longTermInvestments": 872740000, "propertyPlantEquipment": 46758100000, "goodWill": 6526970000, "intangibleAssets": 526920000, "otherAssets": 4095390000, "deferredLongTermAssetCharges": 1159350000, "totalAssets": 122679180000, "accountsPayable": 19907370000, "shortLongTermDebt": 3066770000, "otherCurrentLiab": 4870790000, "longTermDebt": 26489060000, "otherLiab": 5704640000, "minorityInterest": 1302090000, "totalCurrentLiabilities": 45672870000, "totalLiab": 77866570000, "commonStock": 1031320000, "retainedEarnings": 25825600000, "treasuryStock": 2081650000, "capitalSurplus": 14571950000, "otherStockholderEquity": 2081650000, "totalStockholderEquity": 43510520000, "netTangibleAssets": 36456630000}, {"maxAge": 1, "endDate": "2017-03-31", "cash": 1111200000, "shortTermInvestments": 1286840000, "netReceivables": 26206800000, "inventory": 22580730000, "otherCurrentAssets": 5805440000, "totalCurrentAssets": 57798290000, "longTermInvestments": 811230000, "propertyPlantEquipment": 44214020000, "goodWill": 3769750000, "intangibleAssets": 432940000, "otherAssets": 4528610000, "deferredLongTermAssetCharges": 1488510000, "totalAssets": 111554840000, "accountsPayable": 15380240000, "shortLongTermDebt": 5788080000, "otherCurrentLiab": 4283620000, "longTermDebt": 22198970000, "otherLiab": 6150940000, "minorityInterest": 1089030000, "totalCurrentLiabilities": 40538290000, "totalLiab": 68888200000, "commonStock": 958920000, "retainedEarnings": 24040330000, "treasuryStock": 4654970000, "capitalSurplus": 11923390000, "otherStockholderEquity": 4654970000, "totalStockholderEquity": 41577610000, "netTangibleAssets": 37374920000}], "maxAge": 86400}, "financialData": {"maxAge": 86400, "currentPrice": 19.1, "recommendationKey": "none", "totalCash": 3392300032, "totalCashPerShare": 6.571, "ebitda": -1080494976, "totalDebt": 63032500224, "totalRevenue": 57204101120, "debtToEquity": 194.369, "revenuePerShare": 110.984, "grossProfits": 26693390000, "revenueGrowth": 0.099, "grossMargins": 0.42349, "ebitdaMargins": -0.01889, "operatingMargins": -0.06819, "profitMargins": -0.13442999, "financialCurrency": "INR"}}}