{"JITFINFRA.NS": {"assetProfile": {"address1": "Jindal ITF Centre", "address2": "28, Shivaji Marg", "city": "New Delhi", "zip": "110015", "country": "India", "phone": "91 11 6646 3983", "fax": "91 11 6646 3982", "website": "http://www.jindalinfralogistics.com", "industry": "Integrated Freight & Logistics", "sector": "Industrials", "longBusinessSummary": "JITF Infralogistics Limited, through its subsidiaries, engages in water infrastructure, municipal solid waste processing and power generation, and rail wagon manufacturing businesses in India. It operates through Railway Freight Wagons, Water Infrastructure, Urban Infrastructure, and Trading Activity segments. The company is involved in the waste to power, railway rolling stock and freight wagons manufacturing, and water and waste water EPC business. It undertakes projects in the areas of water, wastewater, solid waste management, logistics, and transportation equipment fabrication. The company was incorporated in 2008 and is based in New Delhi, India.", "fullTimeEmployees": 6, "companyOfficers": [{"maxAge": 1, "name": "Mr. Amarendra Kumar Sinha", "age": 50, "title": "Whole Time Director", "yearBorn": 1970, "fiscalYear": 2020, "totalPay": 5087384, "exercisedValue": 0, "unexercisedValue": 0}, {"maxAge": 1, "name": "Mr. Anuj  Kumar", "age": 56, "title": "Chief Financial Officer", "yearBorn": 1964, "fiscalYear": 2020, "totalPay": 6137776, "exercisedValue": 0, "unexercisedValue": 0}, {"maxAge": 1, "name": "Mr. Alok  Kumar", "age": 38, "title": "Company Sec.", "yearBorn": 1982, "fiscalYear": 2020, "totalPay": 1941976, "exercisedValue": 0, "unexercisedValue": 0}], "compensationAsOfEpochDate": "2020-12-31 05:30:00", "maxAge": 86400}, "cashflowStatementHistory": {"cashflowStatements": [{"maxAge": 1, "endDate": "2020-03-31", "netIncome": -1359505000, "depreciation": 231627000, "changeToNetincome": 2153724000, "changeToAccountReceivables": -527196000, "changeToLiabilities": 1119883000, "changeToInventory": 90970000, "changeToOperatingActivities": -983554000, "totalCashFromOperatingActivities": 729172000, "capitalExpenditures": -1562261000, "otherCashflowsFromInvestingActivities": 44840000, "totalCashflowsFromInvestingActivities": -950843000, "netBorrowings": 1974433000, "otherCashflowsFromFinancingActivities": -1978176000, "totalCashFromFinancingActivities": -3743000, "changeInCash": -225414000}, {"maxAge": 1, "endDate": "2019-03-31", "netIncome": -1105536000, "depreciation": 230547000, "changeToNetincome": 1570241000, "changeToAccountReceivables": -671368000, "changeToLiabilities": 964947000, "changeToInventory": -466655000, "changeToOperatingActivities": -1045767000, "totalCashFromOperatingActivities": -520978000, "capitalExpenditures": -2654253000, "otherCashflowsFromInvestingActivities": 29643000, "totalCashflowsFromInvestingActivities": -2610295000, "netBorrowings": 4754510000, "otherCashflowsFromFinancingActivities": -1510574000, "totalCashFromFinancingActivities": 3243936000, "changeInCash": 112663000}, {"maxAge": 1, "endDate": "2018-03-31", "netIncome": -1567846000, "depreciation": 323671000, "changeToNetincome": 1175158000, "changeToAccountReceivables": 42092000, "changeToLiabilities": -442104000, "changeToInventory": 479378000, "changeToOperatingActivities": 31701000, "totalCashFromOperatingActivities": 43693000, "capitalExpenditures": -598824000, "otherCashflowsFromInvestingActivities": 48765000, "totalCashflowsFromInvestingActivities": -548678000, "netBorrowings": 1944753000, "otherCashflowsFromFinancingActivities": -1420525000, "totalCashFromFinancingActivities": 524228000, "changeInCash": 19243000}, {"maxAge": 1, "endDate": "2017-03-31", "netIncome": -1108669000, "depreciation": 256578000, "changeToNetincome": 673389000, "changeToAccountReceivables": -179688000, "changeToLiabilities": -990480000, "changeToInventory": -15141000, "changeToOperatingActivities": -264746000, "totalCashFromOperatingActivities": -1628757000, "capitalExpenditures": -135030000, "investments": 505000, "otherCashflowsFromInvestingActivities": 45807000, "totalCashflowsFromInvestingActivities": -88718000, "netBorrowings": 2862143000, "otherCashflowsFromFinancingActivities": -1188691000, "totalCashFromFinancingActivities": 1673452000, "changeInCash": -44023000}], "maxAge": 86400}, "institutionOwnership": {"maxAge": 1, "ownershipList": []}, "majorHoldersBreakdown": {"maxAge": 1, "insidersPercentHeld": 0.70396006, "institutionsPercentHeld": 0.035550002, "institutionsFloatPercentHeld": 0.12009, "institutionsCount": 1}, "balanceSheetHistoryQuarterly": {"balanceSheetStatements": [{"maxAge": 1, "endDate": "2020-12-31", "totalStockholderEquity": -5550737000, "netTangibleAssets": -5558411000}, {"maxAge": 1, "endDate": "2020-09-30", "cash": 1022657000, "shortTermInvestments": 2090479000, "netReceivables": 2543448000, "inventory": 761572000, "otherCurrentAssets": 1738194000, "totalCurrentAssets": 8156350000, "longTermInvestments": 358308000, "propertyPlantEquipment": 11094113000, "intangibleAssets": 7674000, "otherAssets": 1320068000, "deferredLongTermAssetCharges": 1111577000, "totalAssets": 20936513000, "accountsPayable": 1996333000, "otherCurrentLiab": 1805093000, "longTermDebt": 19947225000, "otherLiab": 649142000, "minorityInterest": 135883000, "totalCurrentLiabilities": 5755000000, "totalLiab": 26351367000, "commonStock": 51407000, "treasuryStock": -5602144000, "otherStockholderEquity": -5602144000, "totalStockholderEquity": -5550737000, "netTangibleAssets": -5558411000}, {"maxAge": 1, "endDate": "2020-06-30", "totalStockholderEquity": -4719313000, "netTangibleAssets": -4728165000}, {"maxAge": 1, "endDate": "2020-03-31", "cash": 46560000, "netReceivables": 5438228000, "inventory": 1040936000, "otherCurrentAssets": 1119305000, "totalCurrentAssets": 7645029000, "longTermInvestments": 130366000, "propertyPlantEquipment": 10616890000, "intangibleAssets": 8852000, "otherAssets": 1465293000, "deferredLongTermAssetCharges": 1035917000, "totalAssets": 19866430000, "accountsPayable": 2615256000, "shortLongTermDebt": 407535000, "otherCurrentLiab": 931365000, "longTermDebt": 18179781000, "otherLiab": 364602000, "deferredLongTermLiab": 33725000, "minorityInterest": 120876000, "totalCurrentLiabilities": 5914057000, "totalLiab": 24464867000, "commonStock": 51407000, "retainedEarnings": -7712179000, "treasuryStock": 19843000, "capitalSurplus": 2921616000, "otherStockholderEquity": 19843000, "totalStockholderEquity": -4719313000, "netTangibleAssets": -4728165000}], "maxAge": 86400}, "indexTrend": {"maxAge": 1, "symbol": "SP5", "peRatio": 19.7411, "pegRatio": 1.34172, "estimates": [{"period": "0q", "growth": 0.549}, {"period": "+1q", "growth": 0.431}, {"period": "0y", "growth": 0.305}, {"period": "+1y", "growth": 0.109}, {"period": "+5y", "growth": 0.120865}, {"period": "-5y"}]}, "defaultKeyStatistics": {"maxAge": 1, "priceHint": 2, "enterpriseValue": 19133376512, "profitMargins": -0.22694, "floatShares": 8714387, "sharesOutstanding": 25703700, "heldPercentInsiders": 0.70396006, "heldPercentInstitutions": 0.035550002, "beta": 1.857489, "category": null, "bookValue": -215.937, "fundFamily": null, "legalType": null, "lastFiscalYearEnd": "2020-03-31 05:30:00", "nextFiscalYearEnd": "2022-03-31 05:30:00", "mostRecentQuarter": "2020-12-31 05:30:00", "netIncomeToCommon": -1677970048, "trailingEps": -65.283, "lastSplitFactor": null, "enterpriseToRevenue": 2.588, "enterpriseToEbitda": 24.586, "52WeekChange": 0.82795703, "SandP52WeekChange": 0.48148263}, "summaryProfile": {"address1": "Jindal ITF Centre", "address2": "28, Shivaji Marg", "city": "New Delhi", "zip": "110015", "country": "India", "phone": "91 11 6646 3983", "fax": "91 11 6646 3982", "website": "http://www.jindalinfralogistics.com", "industry": "Integrated Freight & Logistics", "sector": "Industrials", "longBusinessSummary": "JITF Infralogistics Limited, through its subsidiaries, engages in water infrastructure, municipal solid waste processing and power generation, and rail wagon manufacturing businesses in India. It operates through Railway Freight Wagons, Water Infrastructure, Urban Infrastructure, and Trading Activity segments. The company is involved in the waste to power, railway rolling stock and freight wagons manufacturing, and water and waste water EPC business. It undertakes projects in the areas of water, wastewater, solid waste management, logistics, and transportation equipment fabrication. The company was incorporated in 2008 and is based in New Delhi, India.", "fullTimeEmployees": 6, "companyOfficers": [], "maxAge": 86400}, "netSharePurchaseActivity": {"maxAge": 1, "period": "6m", "buyInfoCount": 0, "buyInfoShares": 0, "sellInfoCount": 0, "netInfoCount": 0, "netInfoShares": 0, "netPercentInsiderShares": 0.0, "totalInsiderShares": 18091838}, "insiderTransactions": {"transactions": [{"maxAge": 1, "shares": 62107, "filerUrl": "", "transactionText": "", "filerName": "Glebe Trading Pvt. Ltd.", "filerRelation": "Institution- Corporation", "moneyText": "", "startDate": "2021-02-10", "ownership": "D"}, {"maxAge": 1, "shares": 1956974, "filerUrl": "", "transactionText": "Acquisition at price 0.00 per share.", "filerName": "Siddeshwari Tradex Pvt Ltd", "filerRelation": "Institution- Corporation", "moneyText": "", "startDate": "2021-02-10", "ownership": "D"}, {"maxAge": 1, "shares": 3500, "filerUrl": "", "transactionText": "", "filerName": "Jatia (Shradha)", "filerRelation": "UNREPORTED", "moneyText": "", "startDate": "2019-09-26", "ownership": "D"}, {"maxAge": 1, "shares": 0, "filerUrl": "", "transactionText": "", "filerName": "Green Lamina Investment, Ltd.", "filerRelation": "Institution- Corporation", "moneyText": "", "startDate": "2018-11-05", "ownership": "I"}, {"maxAge": 1, "shares": 7934, "filerUrl": "", "transactionText": "", "filerName": "Jindal (Prithavi Raj)", "filerRelation": "Promoter", "moneyText": "", "startDate": "2018-11-05", "ownership": "D"}, {"maxAge": 1, "shares": 100, "filerUrl": "", "transactionText": "", "filerName": "Sajjan Jindal Family Trust", "filerRelation": "Institution- Corporation", "moneyText": "", "startDate": "2017-04-06", "ownership": "D"}, {"maxAge": 1, "shares": 100, "filerUrl": "", "transactionText": "", "filerName": "Sajjan Jindal Lineage Trust", "filerRelation": "Institution- Corporation", "moneyText": "", "startDate": "2017-04-06", "ownership": "D"}, {"maxAge": 1, "shares": 429598, "filerUrl": "", "transactionText": "", "filerName": "Divino Multiventures Pvt. Ltd.", "filerRelation": "Institution- Corporation", "moneyText": "", "startDate": "2017-03-25", "ownership": "D"}], "maxAge": 1}, "quoteType": {"exchange": "NSI", "quoteType": "EQUITY", "symbol": "JITFINFRA.NS", "underlyingSymbol": "JITFINFRA.NS", "shortName": "JITF INFRALOGISTIC", "longName": "JITF Infralogistics Limited", "firstTradeDateEpochUtc": "2017-02-27 09:15:00", "timeZoneFullName": "Asia/Kolkata", "timeZoneShortName": "IST", "uuid": "a5723f00-bd2c-3b20-98a9-d24e32fcadbd", "messageBoardId": "finmb_204608420", "gmtOffSetMilliseconds": 19800000, "maxAge": 1}, "incomeStatementHistory": {"incomeStatementHistory": [{"maxAge": 1, "endDate": "2020-03-31", "totalRevenue": 8453435000, "costOfRevenue": 6223363000, "grossProfit": 2230072000, "researchDevelopment": {}, "sellingGeneralAdministrative": 624578000, "nonRecurring": {}, "otherOperatingExpenses": 463056000, "totalOperatingExpenses": 7735130000, "operatingIncome": 718305000, "totalOtherIncomeExpenseNet": -1977608000, "ebit": 718305000, "interestExpense": -1920488000, "incomeBeforeTax": -1259303000, "incomeTaxExpense": 103321000, "minorityInterest": 120876000, "netIncomeFromContinuingOps": -1362624000, "discontinuedOperations": {}, "extraordinaryItems": {}, "effectOfAccountingCharges": {}, "otherItems": {}, "netIncome": -1359505000, "netIncomeApplicableToCommonShares": -1359505000}, {"maxAge": 1, "endDate": "2019-03-31", "totalRevenue": 5821731000, "costOfRevenue": 3729301000, "grossProfit": 2092430000, "researchDevelopment": {}, "sellingGeneralAdministrative": 535649000, "nonRecurring": {}, "otherOperatingExpenses": 764476000, "totalOperatingExpenses": 5392349000, "operatingIncome": 429382000, "totalOtherIncomeExpenseNet": -1611084000, "ebit": 429382000, "interestExpense": -1540397000, "incomeBeforeTax": -1181702000, "incomeTaxExpense": -43761000, "minorityInterest": -107356000, "netIncomeFromContinuingOps": -1137941000, "discontinuedOperations": {}, "extraordinaryItems": {}, "effectOfAccountingCharges": {}, "otherItems": {}, "netIncome": -1105536000, "netIncomeApplicableToCommonShares": -1105536000}, {"maxAge": 1, "endDate": "2018-03-31", "totalRevenue": 3999047000, "costOfRevenue": 2988460000, "grossProfit": 1010587000, "researchDevelopment": {}, "sellingGeneralAdministrative": 525312000, "nonRecurring": {}, "otherOperatingExpenses": 692355000, "totalOperatingExpenses": 4594586000, "operatingIncome": -595539000, "totalOtherIncomeExpenseNet": -1289767000, "ebit": -595539000, "interestExpense": -1234540000, "incomeBeforeTax": -1885306000, "incomeTaxExpense": -320182000, "minorityInterest": -74953000, "netIncomeFromContinuingOps": -1565124000, "discontinuedOperations": {}, "extraordinaryItems": {}, "effectOfAccountingCharges": {}, "otherItems": {}, "netIncome": -1567846000, "netIncomeApplicableToCommonShares": -1544163000}, {"maxAge": 1, "endDate": "2017-03-31", "totalRevenue": 5429570000, "costOfRevenue": 4414620000, "grossProfit": 1014950000, "researchDevelopment": {}, "sellingGeneralAdministrative": 532755000, "nonRecurring": {}, "otherOperatingExpenses": 490641000, "totalOperatingExpenses": 5694594000, "operatingIncome": -265024000, "totalOtherIncomeExpenseNet": -1164443000, "ebit": -265024000, "interestExpense": -1086835000, "incomeBeforeTax": -1429467000, "incomeTaxExpense": -295765000, "minorityInterest": -77655000, "netIncomeFromContinuingOps": -1133702000, "discontinuedOperations": {}, "extraordinaryItems": {}, "effectOfAccountingCharges": {}, "otherItems": {}, "netIncome": -1108669000, "netIncomeApplicableToCommonShares": -1097735000}], "maxAge": 86400}, "fundOwnership": {"maxAge": 1, "ownershipList": []}, "summaryDetail": {"maxAge": 1, "priceHint": 2, "previousClose": 8.85, "open": 8.75, "dayLow": 8.45, "dayHigh": 9.25, "regularMarketPreviousClose": 8.85, "regularMarketOpen": 8.75, "regularMarketDayLow": 8.45, "regularMarketDayHigh": 9.25, "payoutRatio": 0.0, "beta": 1.857489, "volume": 22837, "regularMarketVolume": 22837, "averageVolume": 6914, "averageVolume10days": 13105, "averageDailyVolume10Day": 13105, "bid": 0.0, "ask": 0.0, "bidSize": 0, "askSize": 0, "marketCap": 217987600, "fiftyTwoWeekLow": 3.25, "fiftyTwoWeekHigh": 13.4, "priceToSalesTrailing12Months": 0.029481605, "fiftyDayAverage": 8.221212, "twoHundredDayAverage": 8.753192, "currency": "INR", "fromCurrency": null, "toCurrency": null, "lastMarket": null, "algorithm": null, "tradeable": false}, "incomeStatementHistoryQuarterly": {"incomeStatementHistory": [{"maxAge": 1, "endDate": "2020-12-31", "totalRevenue": 2191705000, "costOfRevenue": 1474355000, "grossProfit": 717350000, "researchDevelopment": {}, "sellingGeneralAdministrative": 158984000, "nonRecurring": {}, "otherOperatingExpenses": 119336000, "totalOperatingExpenses": 1809432000, "operatingIncome": 382273000, "totalOtherIncomeExpenseNet": -542665000, "ebit": 382273000, "interestExpense": -556592000, "incomeBeforeTax": -160392000, "incomeTaxExpense": 26568000, "minorityInterest": {}, "netIncomeFromContinuingOps": -186960000, "discontinuedOperations": {}, "extraordinaryItems": {}, "effectOfAccountingCharges": {}, "otherItems": {}, "netIncome": -277304000, "netIncomeApplicableToCommonShares": -277304000}, {"maxAge": 1, "endDate": "2020-09-30", "totalRevenue": 1958083000, "costOfRevenue": 1444757000, "grossProfit": 513326000, "researchDevelopment": {}, "sellingGeneralAdministrative": 152865000, "nonRecurring": {}, "otherOperatingExpenses": 124595000, "totalOperatingExpenses": 1778669000, "operatingIncome": 179414000, "totalOtherIncomeExpenseNet": -535864000, "ebit": 179414000, "interestExpense": -550334000, "incomeBeforeTax": -356450000, "incomeTaxExpense": -4445000, "minorityInterest": 135883000, "netIncomeFromContinuingOps": -352005000, "discontinuedOperations": {}, "extraordinaryItems": {}, "effectOfAccountingCharges": {}, "otherItems": {}, "netIncome": -398947000, "netIncomeApplicableToCommonShares": -398947000}, {"maxAge": 1, "endDate": "2020-06-30", "totalRevenue": 811854000, "costOfRevenue": 516103000, "grossProfit": 295751000, "researchDevelopment": {}, "sellingGeneralAdministrative": 153471000, "nonRecurring": {}, "otherOperatingExpenses": 89059000, "totalOperatingExpenses": 815436000, "operatingIncome": -3582000, "totalOtherIncomeExpenseNet": -513852000, "ebit": -3582000, "interestExpense": -527650000, "incomeBeforeTax": -517434000, "incomeTaxExpense": -57165000, "minorityInterest": 135883000, "netIncomeFromContinuingOps": -460269000, "discontinuedOperations": {}, "extraordinaryItems": {}, "effectOfAccountingCharges": {}, "otherItems": {}, "netIncome": -428854000, "netIncomeApplicableToCommonShares": -428854000}, {"maxAge": 1, "endDate": "2020-03-31", "totalRevenue": 2432379000, "costOfRevenue": 2028375000, "grossProfit": 404004000, "researchDevelopment": {}, "sellingGeneralAdministrative": 172308000, "nonRecurring": {}, "otherOperatingExpenses": -38067000, "totalOperatingExpenses": 2411411000, "operatingIncome": 20968000, "totalOtherIncomeExpenseNet": -571938000, "ebit": 20968000, "interestExpense": -437313000, "incomeBeforeTax": -550970000, "incomeTaxExpense": 10472000, "minorityInterest": 120876000, "netIncomeFromContinuingOps": -561442000, "discontinuedOperations": {}, "extraordinaryItems": {}, "effectOfAccountingCharges": {}, "otherItems": {}, "netIncome": -572865000, "netIncomeApplicableToCommonShares": -572865000}], "maxAge": 86400}, "cashflowStatementHistoryQuarterly": {"cashflowStatements": [{"maxAge": 1, "endDate": "2020-12-31", "netIncome": -277304000, "changeToLiabilities": 0}, {"maxAge": 1, "endDate": "2020-09-30", "netIncome": -398947000, "changeToLiabilities": 0}, {"maxAge": 1, "endDate": "2020-06-30", "netIncome": -428854000, "changeToLiabilities": 0}, {"maxAge": 1, "endDate": "2020-03-31", "netIncome": -572865000, "changeToLiabilities": 0}], "maxAge": 86400}, "insiderHolders": {"holders": [{"maxAge": 1, "name": "Divino Multiventures Pvt. Ltd.", "relation": "Institution- Corporation", "url": "", "transactionDescription": "Purchase", "latestTransDate": "2017-03-25", "positionDirect": 429598, "positionDirectDate": "2017-03-25"}, {"maxAge": 1, "name": "Glebe Trading Pvt. Ltd.", "relation": "Institution- Corporation", "url": "", "transactionDescription": "Sale", "latestTransDate": "2021-02-10", "positionDirect": 0, "positionDirectDate": "2021-02-10"}, {"maxAge": 1, "name": "Green Lamina Investment, Ltd.", "relation": "Institution- Corporation", "url": "", "transactionDescription": "Other", "latestTransDate": "2018-11-05", "positionIndirect": 0, "positionIndirectDate": 1541376000}, {"maxAge": 1, "name": "Jatia (Shradha)", "relation": "UNREPORTED", "url": "", "transactionDescription": "Acquisition", "latestTransDate": "2019-09-26", "positionDirect": 3500, "positionDirectDate": "2019-09-26"}, {"maxAge": 1, "name": "Jindal (Prithavi Raj)", "relation": "Promoter", "url": "", "transactionDescription": "Other", "latestTransDate": "2018-11-05", "positionDirect": 7934, "positionDirectDate": "2018-11-05"}, {"maxAge": 1, "name": "Sajjan Jindal Family Trust", "relation": "Institution- Corporation", "url": "", "transactionDescription": "Acquisition", "latestTransDate": "2017-04-06", "positionDirect": 100, "positionDirectDate": "2017-04-06"}, {"maxAge": 1, "name": "Sajjan Jindal Lineage Trust", "relation": "Institution- Corporation", "url": "", "transactionDescription": "Acquisition", "latestTransDate": "2017-04-06", "positionDirect": 100, "positionDirectDate": "2017-04-06"}, {"maxAge": 1, "name": "Siddeshwari Tradex Pvt Ltd", "relation": "Institution- Corporation", "url": "", "transactionDescription": "Acquisition", "latestTransDate": "2021-02-10", "positionDirect": 3002350, "positionDirectDate": "2021-02-10"}], "maxAge": 1}, "calendarEvents": {"maxAge": 1, "earnings": {"earningsDate": []}}, "price": {"maxAge": 1, "regularMarketChangePercent": -0.039548066, "regularMarketChange": -0.35000038, "regularMarketTime": "2021-04-30 15:29:43", "priceHint": 2, "regularMarketPrice": 8.5, "regularMarketDayHigh": 9.25, "regularMarketDayLow": 8.45, "regularMarketVolume": 22837, "averageDailyVolume10Day": 13105, "averageDailyVolume3Month": 6914, "regularMarketPreviousClose": 8.85, "regularMarketSource": "FREE_REALTIME", "regularMarketOpen": 8.75, "exchange": "NSI", "exchangeName": "NSE", "exchangeDataDelayedBy": 15, "marketState": "CLOSED", "quoteType": "EQUITY", "symbol": "JITFINFRA.NS", "underlyingSymbol": null, "shortName": "JITF INFRALOGISTIC", "longName": "JITF Infralogistics Limited", "currency": "INR", "quoteSourceName": "Delayed Quote", "currencySymbol": "\u20b9", "fromCurrency": null, "toCurrency": null, "lastMarket": null, "marketCap": 217987600}, "balanceSheetHistory": {"balanceSheetStatements": [{"maxAge": 1, "endDate": "2020-03-31", "cash": 46560000, "netReceivables": 5438228000, "inventory": 1040936000, "otherCurrentAssets": 1119305000, "totalCurrentAssets": 7645029000, "longTermInvestments": 130366000, "propertyPlantEquipment": 10616890000, "intangibleAssets": 8852000, "otherAssets": 1465293000, "deferredLongTermAssetCharges": 1035917000, "totalAssets": 19866430000, "accountsPayable": 2615256000, "shortLongTermDebt": 407535000, "otherCurrentLiab": 931365000, "longTermDebt": 18179781000, "otherLiab": 364602000, "deferredLongTermLiab": 33725000, "minorityInterest": 120876000, "totalCurrentLiabilities": 5914057000, "totalLiab": 24464867000, "commonStock": 51407000, "retainedEarnings": -7712179000, "treasuryStock": 19843000, "capitalSurplus": 2921616000, "otherStockholderEquity": 19843000, "totalStockholderEquity": -4719313000, "netTangibleAssets": -4728165000}, {"maxAge": 1, "endDate": "2019-03-31", "cash": 271974000, "netReceivables": 3854501000, "inventory": 1131906000, "otherCurrentAssets": 1307950000, "totalCurrentAssets": 6566331000, "longTermInvestments": 123331000, "propertyPlantEquipment": 9291276000, "intangibleAssets": 9203000, "otherAssets": 1486883000, "deferredLongTermAssetCharges": 1135202000, "totalAssets": 17477024000, "accountsPayable": 1409875000, "shortLongTermDebt": 379080000, "otherCurrentLiab": 973237000, "longTermDebt": 17132262000, "otherLiab": 409835000, "deferredLongTermLiab": 53388000, "minorityInterest": -107356000, "totalCurrentLiabilities": 3734799000, "totalLiab": 21276896000, "commonStock": 51407000, "retainedEarnings": -6683019000, "treasuryStock": 17480000, "capitalSurplus": 2921616000, "otherStockholderEquity": 17480000, "totalStockholderEquity": -3692516000, "netTangibleAssets": -3701719000}, {"maxAge": 1, "endDate": "2018-03-31", "cash": 159311000, "netReceivables": 2333970000, "inventory": 665251000, "otherCurrentAssets": 1108806000, "totalCurrentAssets": 4267338000, "longTermInvestments": 106028000, "propertyPlantEquipment": 6695939000, "intangibleAssets": 15186000, "otherAssets": 1618888000, "deferredLongTermAssetCharges": 1067275000, "totalAssets": 12703379000, "accountsPayable": 735505000, "shortLongTermDebt": 666017000, "otherCurrentLiab": 507067000, "longTermDebt": 10532237000, "otherLiab": 368368000, "deferredLongTermLiab": 100576000, "minorityInterest": -74953000, "totalCurrentLiabilities": 4479270000, "totalLiab": 15379875000, "commonStock": 51407000, "retainedEarnings": -5577483000, "treasuryStock": 2917000, "capitalSurplus": 2921616000, "otherStockholderEquity": 2917000, "totalStockholderEquity": -2601543000, "netTangibleAssets": -2616729000}, {"maxAge": 1, "endDate": "2017-03-31", "cash": 140068000, "netReceivables": 2473058000, "inventory": 1144629000, "otherCurrentAssets": 1412417000, "totalCurrentAssets": 5170172000, "longTermInvestments": 113592000, "propertyPlantEquipment": 6582625000, "intangibleAssets": 108327000, "otherAssets": 873408000, "deferredLongTermAssetCharges": 714415000, "totalAssets": 12848124000, "accountsPayable": 1081888000, "shortLongTermDebt": 1202860000, "otherCurrentLiab": 719795000, "longTermDebt": 8250864000, "otherLiab": 364397000, "minorityInterest": -77655000, "totalCurrentLiabilities": 5272212000, "totalLiab": 13887473000, "commonStock": 51407000, "retainedEarnings": -3965265000, "treasuryStock": 6865000, "capitalSurplus": 2945299000, "otherStockholderEquity": 6865000, "totalStockholderEquity": -961694000, "netTangibleAssets": -1070021000}], "maxAge": 86400}, "financialData": {"maxAge": 86400, "currentPrice": 8.5, "recommendationKey": "none", "totalCash": 3113136128, "totalCashPerShare": 121.133, "ebitda": 778228480, "totalDebt": 21892179968, "totalRevenue": 7394020864, "revenuePerShare": 287.673, "grossProfits": 2230072000, "revenueGrowth": 0.106, "grossMargins": 0.26108, "ebitdaMargins": 0.10524999, "operatingMargins": 0.0739, "profitMargins": -0.22694, "financialCurrency": "INR"}}}