{"JIYAECO.NS": {"assetProfile": {"address1": "714, Arista", "address2": "Opposite GTPL House 1944 Havmor Sindhu Bhavan Road Bodakdev", "city": "Ahmedabad", "zip": "380059", "country": "India", "phone": "91 79 2970 4662", "website": "http://www.jiyaeco.com", "industry": "Specialty Chemicals", "sector": "Basic Materials", "longBusinessSummary": "Jiya Eco-Products Limited manufactures bio fuels in India. It offers bio-mass pallets and bio-mass briquettes from the wastages, including agro, forestry, and solid waste. The company was incorporated in 2011 and is based in Ahmedabad, India.", "companyOfficers": [{"maxAge": 1, "name": "Mr. Bhavesh Jivrajbhai Kakadiya", "age": 38, "title": "Chairman & MD", "yearBorn": 1982, "fiscalYear": 2019, "totalPay": 0, "exercisedValue": 0, "unexercisedValue": 0}, {"maxAge": 1, "name": "Mr. Yogeshbhai Kumar Chimanlal Patel", "age": 53, "title": "MD & Exec. Director", "yearBorn": 1967, "fiscalYear": 2019, "totalPay": 0, "exercisedValue": 0, "unexercisedValue": 0}], "compensationAsOfEpochDate": "2019-12-31 05:30:00", "maxAge": 86400}, "cashflowStatementHistory": {"cashflowStatements": [{"maxAge": 1, "endDate": "2020-03-31", "netIncome": -6034000, "depreciation": 15541000, "changeToNetincome": 33126000, "changeToAccountReceivables": -492522000, "changeToLiabilities": 363919000, "changeToInventory": 95830000, "changeToOperatingActivities": 44741000, "totalCashFromOperatingActivities": 54601000, "capitalExpenditures": -6574000, "otherCashflowsFromInvestingActivities": 27000, "totalCashflowsFromInvestingActivities": -6547000, "dividendsPaid": -7273000, "netBorrowings": -8459000, "otherCashflowsFromFinancingActivities": -32833000, "totalCashFromFinancingActivities": -48565000, "changeInCash": -511000}, {"maxAge": 1, "endDate": "2019-03-31", "netIncome": 182653516, "depreciation": 17133364, "changeToNetincome": 39632173, "changeToAccountReceivables": -566334238, "changeToLiabilities": 178397413, "changeToInventory": -57960733, "changeToOperatingActivities": 105415020, "totalCashFromOperatingActivities": -101063485, "capitalExpenditures": -43553237, "otherCashflowsFromInvestingActivities": 27000, "totalCashflowsFromInvestingActivities": -43553237, "dividendsPaid": -7273000, "netBorrowings": 42223438, "otherCashflowsFromFinancingActivities": 95911343, "totalCashFromFinancingActivities": 138134781, "changeInCash": -6481941}, {"maxAge": 1, "endDate": "2018-03-31", "netIncome": 85407243, "depreciation": 17133364, "changeToNetincome": 74538787, "changeToAccountReceivables": -390813061, "changeToLiabilities": 121592973, "changeToInventory": -4159142, "changeToOperatingActivities": -20720567, "totalCashFromOperatingActivities": -134153767, "capitalExpenditures": -10586863, "otherCashflowsFromInvestingActivities": 110254, "totalCashflowsFromInvestingActivities": -10476609, "dividendsPaid": -7273000, "netBorrowings": 59801306, "otherCashflowsFromFinancingActivities": 88636558, "totalCashFromFinancingActivities": 148437864, "changeInCash": 3807488}, {"maxAge": 1, "endDate": "2017-03-31", "netIncome": 45536914, "depreciation": 22814933, "changeToNetincome": -144317, "changeToAccountReceivables": -58323663, "changeToLiabilities": 0, "changeToInventory": -26831590, "changeToOperatingActivities": -22856182, "totalCashFromOperatingActivities": -39803905, "capitalExpenditures": -2702461, "otherCashflowsFromInvestingActivities": 110254, "totalCashflowsFromInvestingActivities": -2702461, "dividendsPaid": -7273000, "netBorrowings": 42843586, "otherCashflowsFromFinancingActivities": -1, "totalCashFromFinancingActivities": 42843585, "changeInCash": 337219}], "maxAge": 86400}, "institutionOwnership": {"maxAge": 1, "ownershipList": []}, "majorHoldersBreakdown": {"maxAge": 1, "insidersPercentHeld": 0.40185001, "institutionsPercentHeld": 0.0, "institutionsFloatPercentHeld": 0.0, "institutionsCount": 0}, "balanceSheetHistoryQuarterly": {"balanceSheetStatements": [{"maxAge": 1, "endDate": "2020-12-31", "totalStockholderEquity": 744684000, "netTangibleAssets": 744684000}, {"maxAge": 1, "endDate": "2020-09-30", "cash": 2377000, "netReceivables": 533569000, "inventory": 150879000, "otherCurrentAssets": 9443000, "totalCurrentAssets": 696268000, "propertyPlantEquipment": 145790000, "otherAssets": 652551000, "totalAssets": 1494609000, "accountsPayable": 133828000, "otherCurrentLiab": 158700000, "longTermDebt": 80936000, "otherLiab": 231237000, "totalCurrentLiabilities": 437752000, "totalLiab": 749925000, "commonStock": 300733000, "treasuryStock": 443951000, "otherStockholderEquity": 443951000, "totalStockholderEquity": 744684000, "netTangibleAssets": 744684000}, {"maxAge": 1, "endDate": "2020-06-30", "totalStockholderEquity": 741042000, "netTangibleAssets": 741042000}, {"maxAge": 1, "endDate": "2020-03-31", "cash": 781000, "shortTermInvestments": 7991000, "netReceivables": 794898000, "inventory": 18161000, "totalCurrentAssets": 821831000, "longTermInvestments": 20952000, "propertyPlantEquipment": 150948000, "otherAssets": 811086000, "totalAssets": 1804817000, "accountsPayable": 678393000, "otherCurrentLiab": 149533000, "longTermDebt": 84136000, "otherLiab": 7913000, "totalCurrentLiabilities": 971726000, "totalLiab": 1063775000, "commonStock": 300733000, "treasuryStock": 440309000, "otherStockholderEquity": 440309000, "totalStockholderEquity": 741042000, "netTangibleAssets": 741042000}], "maxAge": 86400}, "indexTrend": {"maxAge": 1, "symbol": "SP5", "peRatio": 19.7411, "pegRatio": 1.34172, "estimates": [{"period": "0q", "growth": 0.549}, {"period": "+1q", "growth": 0.431}, {"period": "0y", "growth": 0.305}, {"period": "+1y", "growth": 0.109}, {"period": "+5y", "growth": 0.120865}, {"period": "-5y"}]}, "defaultKeyStatistics": {"maxAge": 1, "priceHint": 4, "enterpriseValue": 335759008, "profitMargins": 0.0, "floatShares": 15326490, "sharesOutstanding": 30073300, "heldPercentInsiders": 0.40185001, "heldPercentInstitutions": 0.0, "beta": 1.184559, "category": null, "bookValue": 25.768, "priceToBook": 0.19209872, "fundFamily": null, "legalType": null, "lastFiscalYearEnd": "2020-03-31 05:30:00", "nextFiscalYearEnd": "2022-03-31 05:30:00", "mostRecentQuarter": "2020-12-31 05:30:00", "earningsQuarterlyGrowth": -0.981, "netIncomeToCommon": -133870000, "trailingEps": -4.574, "lastSplitFactor": null, "enterpriseToRevenue": -0.306, "enterpriseToEbitda": -2.642, "52WeekChange": -0.4310345, "SandP52WeekChange": 0.48148263, "lastDividendValue": 0.2, "lastDividendDate": 1568851200}, "summaryProfile": {"address1": "714, Arista", "address2": "Opposite GTPL House 1944 Havmor Sindhu Bhavan Road Bodakdev", "city": "Ahmedabad", "zip": "380059", "country": "India", "phone": "91 79 2970 4662", "website": "http://www.jiyaeco.com", "industry": "Specialty Chemicals", "sector": "Basic Materials", "longBusinessSummary": "Jiya Eco-Products Limited manufactures bio fuels in India. It offers bio-mass pallets and bio-mass briquettes from the wastages, including agro, forestry, and solid waste. The company was incorporated in 2011 and is based in Ahmedabad, India.", "companyOfficers": [], "maxAge": 86400}, "netSharePurchaseActivity": {"maxAge": 1, "period": "6m", "buyInfoCount": 0, "buyInfoShares": 0, "sellInfoCount": 0, "netInfoCount": 0, "netInfoShares": 0, "netPercentInsiderShares": 0.0, "totalInsiderShares": 13140495}, "insiderTransactions": {"transactions": [{"maxAge": 1, "shares": 0, "filerUrl": "", "transactionText": "", "filerName": "Patel (Yogeshkumar C)", "filerRelation": "Director (Non-Executive)", "moneyText": "", "startDate": "2020-09-02", "ownership": "I"}, {"maxAge": 1, "shares": 1434063, "value": 221562, "filerUrl": "", "transactionText": "Sale at price 0.15 per share.", "filerName": "Patel (Yogeshkumar C)", "filerRelation": "Director (Non-Executive)", "moneyText": "", "startDate": "2020-09-02", "ownership": "D"}, {"maxAge": 1, "shares": 50000, "filerUrl": "", "transactionText": "", "filerName": "Kakadiya (Bhavesh J)", "filerRelation": "Chairman of the Board", "moneyText": "", "startDate": "2019-08-20", "ownership": "D"}, {"maxAge": 1, "shares": 2636120, "filerUrl": "", "transactionText": "", "filerName": "Kakadiya (Bhavesh J)", "filerRelation": "Chairman of the Board", "moneyText": "", "startDate": "2019-06-04", "ownership": "D"}, {"maxAge": 1, "shares": 296279, "filerUrl": "", "transactionText": "", "filerName": "Monpara (Harshadkumar Manjibhai)", "filerRelation": "Promoter", "moneyText": "", "startDate": "2019-02-22", "ownership": "D"}, {"maxAge": 1, "shares": 72000, "filerUrl": "", "transactionText": "", "filerName": "Patel (Hetal Yogesh)", "filerRelation": "Promoter", "moneyText": "", "startDate": "2019-02-20", "ownership": "D"}, {"maxAge": 1, "shares": 72000, "filerUrl": "", "transactionText": "", "filerName": "Patel (Chimanlal Karshandas)", "filerRelation": "Promoter", "moneyText": "", "startDate": "2019-02-20", "ownership": "D"}, {"maxAge": 1, "shares": 202020, "filerUrl": "", "transactionText": "", "filerName": "Monpara (Harshadkumar Manjibhai)", "filerRelation": "Promoter", "moneyText": "", "startDate": "2019-02-15", "ownership": "D"}, {"maxAge": 1, "shares": 117601, "filerUrl": "", "transactionText": "", "filerName": "Monpara (Harshadkumar Manjibhai)", "filerRelation": "Promoter", "moneyText": "", "startDate": "2019-02-07", "ownership": "D"}, {"maxAge": 1, "shares": 351600, "filerUrl": "", "transactionText": "", "filerName": "Monpara (Harshadkumar Manjibhai)", "filerRelation": "Promoter", "moneyText": "", "startDate": "2019-01-29", "ownership": "D"}, {"maxAge": 1, "shares": 25000, "filerUrl": "", "transactionText": "", "filerName": "Monpara (Vasantben H)", "filerRelation": "Promoter", "moneyText": "", "startDate": "2018-12-21", "ownership": "D"}, {"maxAge": 1, "shares": 30000, "filerUrl": "", "transactionText": "", "filerName": "Monpara (Vasantben H)", "filerRelation": "Promoter", "moneyText": "", "startDate": "2018-12-18", "ownership": "D"}, {"maxAge": 1, "shares": 450000, "filerUrl": "", "transactionText": "", "filerName": "Monpara (Harshadkumar Manjibhai)", "filerRelation": "Promoter", "moneyText": "", "startDate": "2018-09-07", "ownership": "D"}, {"maxAge": 1, "shares": 958687, "filerUrl": "", "transactionText": "", "filerName": "Kakadiya (Bhavesh J)", "filerRelation": "Chairman of the Board", "moneyText": "", "startDate": "2018-03-09", "ownership": "D"}, {"maxAge": 1, "shares": 400000, "filerUrl": "", "transactionText": "", "filerName": "Patel (Yogeshkumar C)", "filerRelation": "Director (Non-Executive)", "moneyText": "", "startDate": "2018-03-09", "ownership": "D"}, {"maxAge": 1, "shares": 1000000, "filerUrl": "", "transactionText": "", "filerName": "Monpara (Harshadkumar Manjibhai)", "filerRelation": "Promoter", "moneyText": "", "startDate": "2018-03-09", "ownership": "D"}, {"maxAge": 1, "shares": 6000, "filerUrl": "", "transactionText": "", "filerName": "Kakadiya (Bhavesh J)", "filerRelation": "Managing Director", "moneyText": "", "startDate": "2016-06-13", "ownership": "D"}, {"maxAge": 1, "shares": 6000, "filerUrl": "", "transactionText": "", "filerName": "Kakadiya (Bhavesh J)", "filerRelation": "Managing Director", "moneyText": "", "startDate": "2016-06-01", "ownership": "D"}, {"maxAge": 1, "shares": 60000, "filerUrl": "", "transactionText": "", "filerName": "Kakadiya (Bhavesh J)", "filerRelation": "Promoter", "moneyText": "", "startDate": "2016-04-25", "ownership": "D"}, {"maxAge": 1, "shares": 72000, "filerUrl": "", "transactionText": "", "filerName": "Kakadiya (Bhavesh J)", "filerRelation": "Promoter", "moneyText": "", "startDate": "2016-03-22", "ownership": "D"}], "maxAge": 1}, "quoteType": {"exchange": "NSI", "quoteType": "EQUITY", "symbol": "JIYAECO.NS", "underlyingSymbol": "JIYAECO.NS", "shortName": "Jiya Eco-Products Ltd", "longName": "Jiya Eco-Products Limited", "firstTradeDateEpochUtc": "2019-08-19 09:15:00", "timeZoneFullName": "Asia/Kolkata", "timeZoneShortName": "IST", "uuid": "6c87092f-e1ac-3d6a-acab-3ee775afcf2b", "messageBoardId": "finmb_282916289", "gmtOffSetMilliseconds": 19800000, "maxAge": 1}, "incomeStatementHistory": {"incomeStatementHistory": [{"maxAge": 1, "endDate": "2020-03-31", "totalRevenue": 835477000, "costOfRevenue": 635539000, "grossProfit": 199938000, "researchDevelopment": {}, "sellingGeneralAdministrative": 9983000, "nonRecurring": {}, "otherOperatingExpenses": 114831000, "totalOperatingExpenses": 775894000, "operatingIncome": 59583000, "totalOtherIncomeExpenseNet": -31464000, "ebit": 59583000, "interestExpense": -32832000, "incomeBeforeTax": 28119000, "incomeTaxExpense": 34153000, "minorityInterest": {}, "netIncomeFromContinuingOps": -6034000, "discontinuedOperations": {}, "extraordinaryItems": {}, "effectOfAccountingCharges": {}, "otherItems": {}, "netIncome": -6034000, "netIncomeApplicableToCommonShares": -6034000}, {"maxAge": 1, "endDate": "2019-03-31", "totalRevenue": 2132615848, "costOfRevenue": 1617310823, "grossProfit": 515305025, "researchDevelopment": {}, "sellingGeneralAdministrative": 16112866, "nonRecurring": {}, "otherOperatingExpenses": 171556840, "totalOperatingExpenses": 1822113893, "operatingIncome": 310501955, "totalOtherIncomeExpenseNet": -40247362, "ebit": 310501955, "interestExpense": -38811720, "incomeBeforeTax": 270254593, "incomeTaxExpense": 87601077, "minorityInterest": 60, "netIncomeFromContinuingOps": 182653516, "discontinuedOperations": {}, "extraordinaryItems": {}, "effectOfAccountingCharges": {}, "otherItems": {}, "netIncome": 182653516, "netIncomeApplicableToCommonShares": 182653516}, {"maxAge": 1, "endDate": "2018-03-31", "totalRevenue": 925798346, "costOfRevenue": 609824181, "grossProfit": 315974165, "researchDevelopment": {}, "sellingGeneralAdministrative": 12874528, "nonRecurring": {}, "otherOperatingExpenses": 141325513, "totalOperatingExpenses": 782799392, "operatingIncome": 142998954, "totalOtherIncomeExpenseNet": -26766900, "ebit": 142998954, "interestExpense": -19346018, "incomeBeforeTax": 116232054, "incomeTaxExpense": 30824811, "minorityInterest": 141, "netIncomeFromContinuingOps": 85407243, "discontinuedOperations": {}, "extraordinaryItems": {}, "effectOfAccountingCharges": {}, "otherItems": {}, "netIncome": 85407243, "netIncomeApplicableToCommonShares": 85407243}, {"maxAge": 1, "endDate": "2017-03-31", "totalRevenue": 519576916, "costOfRevenue": 414972639, "grossProfit": 104604277, "researchDevelopment": {}, "sellingGeneralAdministrative": 14643855, "nonRecurring": {}, "otherOperatingExpenses": 3191386, "totalOperatingExpenses": 455622813, "operatingIncome": 63954103, "totalOtherIncomeExpenseNet": -18561505, "ebit": 63954103, "interestExpense": -16545928, "incomeBeforeTax": 45392598, "incomeTaxExpense": -144316, "minorityInterest": 141, "netIncomeFromContinuingOps": 45536914, "discontinuedOperations": {}, "extraordinaryItems": {}, "effectOfAccountingCharges": {}, "otherItems": {}, "netIncome": 45536914, "netIncomeApplicableToCommonShares": 45536914}], "maxAge": 86400}, "fundOwnership": {"maxAge": 1, "ownershipList": []}, "summaryDetail": {"maxAge": 1, "priceHint": 4, "previousClose": 4.95, "open": 5.0, "dayLow": 4.9, "dayHigh": 5.05, "regularMarketPreviousClose": 4.95, "regularMarketOpen": 5.0, "regularMarketDayLow": 4.9, "regularMarketDayHigh": 5.05, "exDividendDate": "2019-09-19 05:30:00", "payoutRatio": 0.4348, "beta": 1.184559, "volume": 10579, "regularMarketVolume": 10579, "averageVolume": 45162, "averageVolume10days": 20661, "averageDailyVolume10Day": 20661, "bid": 0.0, "ask": 0.0, "marketCap": 151268528, "fiftyTwoWeekLow": 4.55, "fiftyTwoWeekHigh": 18.15, "priceToSalesTrailing12Months": -0.13780838, "fiftyDayAverage": 5.371212, "twoHundredDayAverage": 6.6661973, "trailingAnnualDividendRate": 0.2, "trailingAnnualDividendYield": 0.040404044, "currency": "INR", "fromCurrency": null, "toCurrency": null, "lastMarket": null, "algorithm": null, "tradeable": false}, "incomeStatementHistoryQuarterly": {"incomeStatementHistory": [{"maxAge": 1, "endDate": "2020-12-31", "totalRevenue": 41210000, "costOfRevenue": 33435000, "grossProfit": 7775000, "researchDevelopment": {}, "sellingGeneralAdministrative": 57000, "nonRecurring": {}, "otherOperatingExpenses": 655000, "totalOperatingExpenses": 38794000, "operatingIncome": 2416000, "totalOtherIncomeExpenseNet": -1212000, "ebit": 2416000, "interestExpense": -1331000, "incomeBeforeTax": 1204000, "incomeTaxExpense": 223000, "minorityInterest": {}, "netIncomeFromContinuingOps": 981000, "discontinuedOperations": {}, "extraordinaryItems": {}, "effectOfAccountingCharges": {}, "otherItems": {}, "netIncome": 981000, "netIncomeApplicableToCommonShares": 981000}, {"maxAge": 1, "endDate": "2020-09-30", "totalRevenue": -175776000, "costOfRevenue": -189577000, "grossProfit": 13801000, "researchDevelopment": {}, "sellingGeneralAdministrative": 290000, "nonRecurring": {}, "otherOperatingExpenses": 3914000, "totalOperatingExpenses": -181701000, "operatingIncome": 5925000, "totalOtherIncomeExpenseNet": -2526000, "ebit": 5925000, "interestExpense": -2525000, "incomeBeforeTax": 3399000, "incomeTaxExpense": 1087000, "minorityInterest": {}, "netIncomeFromContinuingOps": 2312000, "discontinuedOperations": {}, "extraordinaryItems": {}, "effectOfAccountingCharges": {}, "otherItems": {}, "netIncome": 2312000, "netIncomeApplicableToCommonShares": 2312000}, {"maxAge": 1, "endDate": "2020-06-30", "totalRevenue": -214749000, "costOfRevenue": -222073000, "grossProfit": 7324000, "researchDevelopment": {}, "sellingGeneralAdministrative": 324000, "nonRecurring": {}, "otherOperatingExpenses": 1448000, "totalOperatingExpenses": -216980000, "operatingIncome": 2231000, "totalOtherIncomeExpenseNet": -492000, "ebit": 2231000, "interestExpense": -492000, "incomeBeforeTax": 1739000, "incomeTaxExpense": 410000, "minorityInterest": {}, "netIncomeFromContinuingOps": 1329000, "discontinuedOperations": {}, "extraordinaryItems": {}, "effectOfAccountingCharges": {}, "otherItems": {}, "netIncome": 1329000, "netIncomeApplicableToCommonShares": 1329000}, {"maxAge": 1, "endDate": "2020-03-31", "totalRevenue": -667219000, "costOfRevenue": -492756000, "grossProfit": -174463000, "researchDevelopment": {}, "sellingGeneralAdministrative": 1444000, "nonRecurring": {}, "otherOperatingExpenses": 466000, "totalOperatingExpenses": -487675000, "operatingIncome": -179544000, "totalOtherIncomeExpenseNet": -15076000, "ebit": -179544000, "interestExpense": -15166000, "incomeBeforeTax": -194620000, "incomeTaxExpense": -426000, "minorityInterest": {}, "netIncomeFromContinuingOps": -194194000, "discontinuedOperations": {}, "extraordinaryItems": {}, "effectOfAccountingCharges": {}, "otherItems": {}, "netIncome": -194194000, "netIncomeApplicableToCommonShares": -194194000}], "maxAge": 86400}, "cashflowStatementHistoryQuarterly": {"cashflowStatements": [{"maxAge": 1, "endDate": "2020-12-31", "netIncome": 981000, "changeToLiabilities": 0}, {"maxAge": 1, "endDate": "2020-09-30", "netIncome": 2312000, "changeToLiabilities": 0}, {"maxAge": 1, "endDate": "2020-06-30", "netIncome": 1329000, "changeToLiabilities": 0}, {"maxAge": 1, "endDate": "2020-03-31", "netIncome": -194194000, "changeToLiabilities": 0}], "maxAge": 86400}, "insiderHolders": {"holders": [{"maxAge": 1, "name": "Kakadiya (Bhavesh J)", "relation": "Chairman of the Board", "url": "", "transactionDescription": "Acquisition", "latestTransDate": "2019-08-20", "positionDirect": 5312240, "positionDirectDate": "2019-08-20"}, {"maxAge": 1, "name": "Monpara (Harshadkumar Manjibhai)", "relation": "Promoter", "url": "", "transactionDescription": "Sale", "latestTransDate": "2019-02-22", "positionDirect": 237300, "positionDirectDate": "2019-02-22"}, {"maxAge": 1, "name": "Monpara (Vasantben H)", "relation": "Promoter", "url": "", "transactionDescription": "Sale", "latestTransDate": "2018-12-21", "positionDirect": 33880, "positionDirectDate": "2018-12-21"}, {"maxAge": 1, "name": "Patel (Chimanlal Karshandas)", "relation": "Promoter", "url": "", "transactionDescription": "Other", "latestTransDate": "2019-02-20", "positionDirect": 240000, "positionDirectDate": "2019-02-20"}, {"maxAge": 1, "name": "Patel (Hetal Yogesh)", "relation": "Promoter", "url": "", "transactionDescription": "Other", "latestTransDate": "2019-02-20", "positionDirect": 0, "positionDirectDate": "2019-02-20"}, {"maxAge": 1, "name": "Patel (Yogeshkumar C)", "relation": "Director (Non-Executive)", "url": "", "transactionDescription": "Sale", "latestTransDate": "2020-09-02", "positionIndirect": 3452462, "positionIndirectDate": 1599004800}], "maxAge": 1}, "calendarEvents": {"maxAge": 1, "earnings": {"earningsDate": []}, "exDividendDate": "2019-09-19 05:30:00"}, "price": {"maxAge": 1, "regularMarketChangePercent": 0.0, "regularMarketChange": 0.0, "regularMarketTime": "2021-04-30 15:30:01", "priceHint": 4, "regularMarketPrice": 4.95, "regularMarketDayHigh": 5.05, "regularMarketDayLow": 4.9, "regularMarketVolume": 10579, "averageDailyVolume10Day": 20661, "averageDailyVolume3Month": 45162, "regularMarketPreviousClose": 4.95, "regularMarketSource": "FREE_REALTIME", "regularMarketOpen": 5.0, "exchange": "NSI", "exchangeName": "NSE", "exchangeDataDelayedBy": 15, "marketState": "CLOSED", "quoteType": "EQUITY", "symbol": "JIYAECO.NS", "underlyingSymbol": null, "shortName": "Jiya Eco-Products Ltd", "longName": "Jiya Eco-Products Limited", "currency": "INR", "quoteSourceName": "Delayed Quote", "currencySymbol": "\u20b9", "fromCurrency": null, "toCurrency": null, "lastMarket": null, "marketCap": 151268528}, "balanceSheetHistory": {"balanceSheetStatements": [{"maxAge": 1, "endDate": "2020-03-31", "cash": 781000, "shortTermInvestments": 7991000, "netReceivables": 794898000, "inventory": 18161000, "totalCurrentAssets": 821831000, "longTermInvestments": 20952000, "propertyPlantEquipment": 150948000, "otherAssets": 811086000, "totalAssets": 1804817000, "accountsPayable": 678393000, "otherCurrentLiab": 149533000, "longTermDebt": 84136000, "otherLiab": 7913000, "totalCurrentLiabilities": 971726000, "totalLiab": 1063775000, "commonStock": 300733000, "treasuryStock": 440309000, "otherStockholderEquity": 440309000, "totalStockholderEquity": 741042000, "netTangibleAssets": 741042000}, {"maxAge": 1, "endDate": "2019-03-31", "cash": 1292152, "netReceivables": 1088517490, "inventory": 113991260, "otherCurrentAssets": 21495158, "totalCurrentAssets": 1225756634, "propertyPlantEquipment": 159915278, "otherAssets": 48403797, "totalAssets": 1434075709, "accountsPayable": 314474361, "shortLongTermDebt": 34814100, "otherCurrentLiab": 111798354, "longTermDebt": 110212321, "otherLiab": 4898258, "minorityInterest": 60, "totalCurrentLiabilities": 561327096, "totalLiab": 676437675, "commonStock": 300732620, "retainedEarnings": 397002027, "treasuryStock": 8833261, "capitalSurplus": 51070066, "otherStockholderEquity": 8833261, "totalStockholderEquity": 757637974, "netTangibleAssets": 757637974}, {"maxAge": 1, "endDate": "2018-03-31", "cash": 7774093, "netReceivables": 556774558, "inventory": 57729377, "otherCurrentAssets": 42550226, "totalCurrentAssets": 664828254, "propertyPlantEquipment": 133495406, "otherAssets": 15264777, "totalAssets": 813588437, "accountsPayable": 136076948, "shortLongTermDebt": 60703554, "otherCurrentLiab": 36042577, "longTermDebt": 42716046, "otherLiab": 6067253, "minorityInterest": 141, "totalCurrentLiabilities": 327035088, "totalLiab": 375818387, "commonStock": 107163770, "retainedEarnings": 214444915, "treasuryStock": 104816024, "capitalSurplus": 11345200, "otherStockholderEquity": 104816024, "totalStockholderEquity": 437769909, "netTangibleAssets": 437769909}, {"maxAge": 1, "endDate": "2017-03-31", "cash": 3966605, "netReceivables": 152406608, "inventory": 55158384, "otherCurrentAssets": 15916239, "totalCurrentAssets": 227447836, "propertyPlantEquipment": 137129056, "otherAssets": 33121182, "totalAssets": 397698074, "accountsPayable": 10355390, "shortLongTermDebt": 33347321, "otherCurrentLiab": 12207734, "longTermDebt": 60475893, "otherLiab": 6066690, "totalCurrentLiabilities": 105094486, "totalLiab": 171637069, "commonStock": 107163770, "retainedEarnings": 107552035, "capitalSurplus": 11345200, "totalStockholderEquity": 226061005, "netTangibleAssets": 226061005}], "maxAge": 86400}, "financialData": {"maxAge": 86400, "currentPrice": 4.95, "recommendationKey": "none", "totalCash": 2377000, "totalCashPerShare": 0.073, "ebitda": -127105272, "totalDebt": 176271008, "totalRevenue": -1097672960, "debtToEquity": 23.671, "revenuePerShare": -37.508, "grossProfits": 199938000, "earningsGrowth": -0.983, "revenueGrowth": -0.904, "grossMargins": 0.0, "ebitdaMargins": 0.0, "operatingMargins": 0.12887, "profitMargins": 0.0, "financialCurrency": "INR"}}}