{"JKCEMENT.BO": {"recommendationTrend": {"trend": [{"period": "0m", "strongBuy": 0, "buy": 0, "hold": 0, "sell": 0, "strongSell": 0}, {"period": "-1m", "strongBuy": 0, "buy": 0, "hold": 0, "sell": 0, "strongSell": 0}, {"period": "-2m", "strongBuy": 0, "buy": 0, "hold": 0, "sell": 0, "strongSell": 0}, {"period": "-3m", "strongBuy": 0, "buy": 0, "hold": 0, "sell": 0, "strongSell": 0}], "maxAge": 86400}, "cashflowStatementHistory": {"cashflowStatements": [{"maxAge": 1, "endDate": "2020-03-31", "netIncome": 4964211000, "depreciation": 2865028000, "changeToNetincome": 3004317000, "changeToAccountReceivables": -129256000, "changeToLiabilities": 582508000, "changeToInventory": -665201000, "changeToOperatingActivities": 3031682000, "totalCashFromOperatingActivities": 13667878000, "capitalExpenditures": -12503360000, "investments": -2622351000, "otherCashflowsFromInvestingActivities": 284500000, "totalCashflowsFromInvestingActivities": -14765378000, "dividendsPaid": -1352195000, "netBorrowings": 3052360000, "otherCashflowsFromFinancingActivities": -2781637000, "totalCashFromFinancingActivities": -1081472000, "effectOfExchangeRate": -66633000, "changeInCash": -2245605000}, {"maxAge": 1, "endDate": "2019-03-31", "netIncome": 2703400000, "depreciation": 2412814000, "changeToNetincome": 2603522000, "changeToAccountReceivables": -230096000, "changeToLiabilities": 575731000, "changeToInventory": -340721000, "changeToOperatingActivities": -685919000, "totalCashFromOperatingActivities": 7038731000, "capitalExpenditures": -6344508000, "investments": -2076636000, "otherCashflowsFromInvestingActivities": 366891000, "totalCashflowsFromInvestingActivities": -8023203000, "dividendsPaid": -699273000, "netBorrowings": 325437000, "otherCashflowsFromFinancingActivities": -3005765000, "totalCashFromFinancingActivities": 1728268000, "effectOfExchangeRate": -226501000, "changeInCash": 517295000, "issuanceOfStock": 5107869000}, {"maxAge": 1, "endDate": "2018-03-31", "netIncome": 2895750000, "depreciation": 2313218000, "changeToNetincome": 2428999000, "changeToAccountReceivables": -357010000, "changeToLiabilities": 85868000, "changeToInventory": -289167000, "changeToOperatingActivities": 1753485000, "totalCashFromOperatingActivities": 8831143000, "capitalExpenditures": -2017956000, "investments": 56748000, "otherCashflowsFromInvestingActivities": 427945000, "totalCashflowsFromInvestingActivities": -958076000, "dividendsPaid": -559418000, "netBorrowings": -3765671000, "otherCashflowsFromFinancingActivities": -2902832000, "totalCashFromFinancingActivities": -7227921000, "effectOfExchangeRate": 168007000, "changeInCash": 813153000, "issuanceOfStock": 5107869000}, {"maxAge": 1, "endDate": "2017-03-31", "netIncome": 1777353000, "depreciation": 2169499000, "changeToNetincome": 3355680000, "changeToAccountReceivables": -23084000, "changeToLiabilities": -41118000, "changeToInventory": -677868000, "changeToOperatingActivities": 1157659000, "totalCashFromOperatingActivities": 7718121000, "capitalExpenditures": -4037148000, "investments": -3033460000, "otherCashflowsFromInvestingActivities": 381384000, "totalCashflowsFromInvestingActivities": -6491609000, "dividendsPaid": -279709000, "netBorrowings": 113424000, "otherCashflowsFromFinancingActivities": -3289743000, "totalCashFromFinancingActivities": -3456028000, "effectOfExchangeRate": -189615000, "changeInCash": -2419131000, "issuanceOfStock": 5107869000}], "maxAge": 86400}, "institutionOwnership": {"ownershipList": [], "maxAge": 1}, "balanceSheetHistoryQuarterly": {"balanceSheetStatements": [{"maxAge": 1, "endDate": "2020-06-30", "totalStockholderEquity": 30276833000, "netTangibleAssets": 30004348000}, {"maxAge": 1, "endDate": "2020-03-31", "cash": 385017000, "shortTermInvestments": 8112937000, "netReceivables": 3940125000, "inventory": 6904018000, "otherCurrentAssets": 2847758000, "totalCurrentAssets": 22345708000, "longTermInvestments": 448024000, "propertyPlantEquipment": 60567729000, "intangibleAssets": 272485000, "otherAssets": 1786391000, "totalAssets": 85420337000, "accountsPayable": 4917856000, "shortLongTermDebt": 3997087000, "otherCurrentLiab": 5844253000, "longTermDebt": 27035145000, "otherLiab": 8192778000, "minorityInterest": -202633000, "totalCurrentLiabilities": 18246889000, "totalLiab": 55346137000, "commonStock": 772683000, "retainedEarnings": 21135004000, "treasuryStock": 801180000, "capitalSurplus": 7567966000, "otherStockholderEquity": 801180000, "totalStockholderEquity": 30276833000, "netTangibleAssets": 30004348000}, {"maxAge": 1, "endDate": "2019-12-31", "totalStockholderEquity": 27777327000, "netTangibleAssets": 27507687000}, {"maxAge": 1, "endDate": "2019-09-30", "cash": 8089960000, "shortTermInvestments": 1348186000, "netReceivables": 3498833000, "inventory": 7422602000, "otherCurrentAssets": 1639803000, "totalCurrentAssets": 21999384000, "longTermInvestments": 1027565000, "propertyPlantEquipment": 56553526000, "intangibleAssets": 269640000, "otherAssets": 1639027000, "totalAssets": 81489142000, "accountsPayable": 4983929000, "otherCurrentLiab": 9689555000, "longTermDebt": 26604188000, "otherLiab": 9440186000, "totalCurrentLiabilities": 17531451000, "totalLiab": 53711815000, "commonStock": 772683000, "treasuryStock": 27004644000, "otherStockholderEquity": 27004644000, "totalStockholderEquity": 27777327000, "netTangibleAssets": 27507687000}], "maxAge": 86400}, "earningsHistory": {"history": [{"maxAge": 1, "epsActual": 10.45, "epsEstimate": 10.27, "epsDifference": 0.18, "surprisePercent": 0.018, "quarter": "2017-12-31", "period": "-4q"}, {"maxAge": 1, "epsActual": 15.09, "epsEstimate": 10.15, "epsDifference": 4.94, "surprisePercent": 0.48700002, "quarter": "2018-03-31", "period": "-3q"}, {"maxAge": 1, "epsActual": 7.05, "epsEstimate": 8.38, "epsDifference": -1.33, "surprisePercent": -0.159, "quarter": "2018-06-30", "period": "-2q"}, {"maxAge": 1, "epsActual": 9.25, "epsEstimate": 5.3, "epsDifference": 3.95, "surprisePercent": 0.745, "quarter": "2018-09-30", "period": "-1q"}], "maxAge": 86400}, "indexTrend": {"maxAge": 1, "symbol": "SP5", "peRatio": 19.7411, "pegRatio": 1.34172, "estimates": [{"period": "0q", "growth": 0.549}, {"period": "+1q", "growth": 0.431}, {"period": "0y", "growth": 0.305}, {"period": "+1y", "growth": 0.109}, {"period": "+5y", "growth": 0.120865}, {"period": "-5y"}]}, "industryTrend": {"maxAge": 1, "symbol": null, "estimates": []}, "insiderTransactions": {"transactions": [{"maxAge": 1, "shares": 200000, "value": 3602640, "filerUrl": "", "transactionText": "Other at price 18.01 per share.", "filerName": "Yadu International Ltd", "filerRelation": "Promoter", "moneyText": "", "startDate": "2020-06-29", "ownership": "D"}, {"maxAge": 1, "shares": 200000, "value": 3602640, "filerUrl": "", "transactionText": "Other at price 18.01 per share.", "filerName": "Singhania (Sushila Devi)", "filerRelation": "Promoter", "moneyText": "", "startDate": "2020-06-29", "ownership": "D"}, {"maxAge": 1, "shares": 635000, "filerUrl": "", "transactionText": "", "filerName": "Singhania (Sushila Devi)", "filerRelation": "Promoter", "moneyText": "", "startDate": "2019-11-28", "ownership": "D"}, {"maxAge": 1, "shares": 635000, "filerUrl": "", "transactionText": "", "filerName": "Yadu International Ltd", "filerRelation": "Promoter", "moneyText": "", "startDate": "2019-11-28", "ownership": "D"}, {"maxAge": 1, "shares": 1500, "filerUrl": "", "transactionText": "", "filerName": "Singhania (Kalpana)", "filerRelation": "Promoter", "moneyText": "", "startDate": "2018-03-27", "ownership": "D"}, {"maxAge": 1, "shares": 1500, "filerUrl": "", "transactionText": "", "filerName": "Singhania (Kalpana)", "filerRelation": "Promoter", "moneyText": "", "startDate": "2018-03-26", "ownership": "D"}, {"maxAge": 1, "shares": 250000, "filerUrl": "", "transactionText": "", "filerName": "Yadu International Ltd", "filerRelation": "Promoter", "moneyText": "", "startDate": "2017-09-08", "ownership": "D"}, {"maxAge": 1, "shares": 220000, "filerUrl": "", "transactionText": "", "filerName": "Singhania (Yadupati)", "filerRelation": "Non Independent Executive Chairman", "moneyText": "", "startDate": "2017-09-08", "ownership": "D"}, {"maxAge": 1, "shares": 30000, "filerUrl": "", "transactionText": "", "filerName": "J K Traders Ltd", "filerRelation": "Promoter", "moneyText": "", "startDate": "2017-09-08", "ownership": "D"}, {"maxAge": 1, "shares": 2000000, "filerUrl": "", "transactionText": "", "filerName": "Singhania (Yadupati)", "filerRelation": "Chief Executive Officer", "moneyText": "", "startDate": "2017-01-25", "ownership": "D"}, {"maxAge": 1, "shares": 210, "filerUrl": "", "transactionText": "", "filerName": "Singhania (Madhavkrishna)", "filerRelation": "UNREPORTED", "moneyText": "", "startDate": "2016-12-29", "ownership": "D"}, {"maxAge": 1, "shares": 210, "filerUrl": "", "transactionText": "", "filerName": "Singhania (Raghavpat)", "filerRelation": "UNREPORTED", "moneyText": "", "startDate": "2016-12-29", "ownership": "D"}, {"maxAge": 1, "shares": 420, "filerUrl": "", "transactionText": "", "filerName": "Singhania (Nidhipati S.B.)", "filerRelation": "Promoter", "moneyText": "", "startDate": "2016-12-29", "ownership": "D"}, {"maxAge": 1, "shares": 7544418, "filerUrl": "", "transactionText": "", "filerName": "Yadu International Ltd", "filerRelation": "Promoter", "moneyText": "", "startDate": "2016-11-11", "ownership": "D"}, {"maxAge": 1, "shares": 8196, "filerUrl": "", "transactionText": "", "filerName": "Singhania (Yadupati)", "filerRelation": "Chief Executive Officer", "moneyText": "", "startDate": "2016-08-18", "ownership": "D"}, {"maxAge": 1, "shares": 3841, "filerUrl": "", "transactionText": "", "filerName": "Singhania (Kavita Y)", "filerRelation": "Promoter", "moneyText": "", "startDate": "2015-10-20", "ownership": "D"}, {"maxAge": 1, "shares": 3842, "filerUrl": "", "transactionText": "", "filerName": "Singhania (Yadupati)", "filerRelation": "Chief Executive Officer", "moneyText": "", "startDate": "2015-10-20", "ownership": "D"}, {"maxAge": 1, "shares": 37500, "filerUrl": "", "transactionText": "", "filerName": "Juggilal Kamlapat Holding Ltd", "filerRelation": "Promoter", "moneyText": "", "startDate": "2015-10-14", "ownership": "D"}, {"maxAge": 1, "shares": 28500, "filerUrl": "", "transactionText": "", "filerName": "Juggilal Kamlapat Holding Ltd", "filerRelation": "Promoter", "moneyText": "", "startDate": "2015-08-14", "ownership": "D"}, {"maxAge": 1, "shares": 1183252, "filerUrl": "", "transactionText": "", "filerName": "Singhania (Yadupati)", "filerRelation": "Chief Executive Officer", "moneyText": "", "startDate": "2015-03-21", "ownership": "D"}, {"maxAge": 1, "shares": 6712, "filerUrl": "", "transactionText": "", "filerName": "Juggilal Kamlapat Holding Ltd", "filerRelation": "Promoter", "moneyText": "", "startDate": "2014-03-13", "ownership": "D"}, {"maxAge": 1, "shares": 590302, "filerUrl": "", "transactionText": "", "filerName": "Juggilal Kamlapat Holding Ltd", "filerRelation": "Promoter", "moneyText": "", "startDate": "2014-03-12", "ownership": "D"}, {"maxAge": 1, "shares": 9960, "filerUrl": "", "transactionText": "", "filerName": "Yadu Securities Pvt Ltd", "filerRelation": "Promoter", "moneyText": "", "startDate": "2014-03-05", "ownership": "D"}, {"maxAge": 1, "shares": 12980, "filerUrl": "", "transactionText": "", "filerName": "G H Securities Pvt Ltd", "filerRelation": "UNREPORTED", "moneyText": "", "startDate": "2014-03-05", "ownership": "D"}, {"maxAge": 1, "shares": 102852, "filerUrl": "", "transactionText": "", "filerName": "Singhania (Yadupati)", "filerRelation": "Chief Executive Officer", "moneyText": "", "startDate": "2011-05-03", "ownership": "D"}, {"maxAge": 1, "shares": 92341, "filerUrl": "", "transactionText": "", "filerName": "Singhania (Yadupati)", "filerRelation": "Chief Executive Officer", "moneyText": "", "startDate": "2011-05-02", "ownership": "D"}, {"maxAge": 1, "shares": 2815, "filerUrl": "", "transactionText": "", "filerName": "Agarwal (K B)", "filerRelation": "UNREPORTED", "moneyText": "", "startDate": "2010-11-10", "ownership": "D"}, {"maxAge": 1, "shares": 1553, "filerUrl": "", "transactionText": "", "filerName": "Agarwal (K B)", "filerRelation": "UNREPORTED", "moneyText": "", "startDate": "2010-10-18", "ownership": "D"}, {"maxAge": 1, "shares": 500, "filerUrl": "", "transactionText": "", "filerName": "Agarwal (K B)", "filerRelation": "UNREPORTED", "moneyText": "", "startDate": "2010-10-14", "ownership": "D"}, {"maxAge": 1, "shares": 1500, "filerUrl": "", "transactionText": "", "filerName": "Agarwal (K B)", "filerRelation": "UNREPORTED", "moneyText": "", "startDate": "2010-10-13", "ownership": "D"}, {"maxAge": 1, "shares": 0, "filerUrl": "", "transactionText": "", "filerName": "Agarwal (K B)", "filerRelation": "UNREPORTED", "moneyText": "", "startDate": "2010-09-23", "ownership": "I"}, {"maxAge": 1, "shares": 232, "filerUrl": "", "transactionText": "", "filerName": "Agarwal (K B)", "filerRelation": "UNREPORTED", "moneyText": "", "startDate": "2010-09-22", "ownership": "D"}, {"maxAge": 1, "shares": 5000, "filerUrl": "", "transactionText": "", "filerName": "Agarwal (K B)", "filerRelation": "UNREPORTED", "moneyText": "", "startDate": "2010-09-21", "ownership": "D"}, {"maxAge": 1, "shares": 1310, "filerUrl": "", "transactionText": "", "filerName": "Agarwal (K B)", "filerRelation": "UNREPORTED", "moneyText": "", "startDate": "2010-09-20", "ownership": "D"}, {"maxAge": 1, "shares": 500, "filerUrl": "", "transactionText": "", "filerName": "Agarwal (K B)", "filerRelation": "UNREPORTED", "moneyText": "", "startDate": "2010-09-17", "ownership": "D"}, {"maxAge": 1, "shares": 2421, "filerUrl": "", "transactionText": "", "filerName": "Khandelwal (K N)", "filerRelation": "Director (Non-Executive)", "moneyText": "", "startDate": "2010-08-31", "ownership": "D"}, {"maxAge": 1, "shares": 2500, "filerUrl": "", "transactionText": "", "filerName": "Khandelwal (Radha)", "filerRelation": "UNREPORTED", "moneyText": "", "startDate": "2010-08-31", "ownership": "D"}, {"maxAge": 1, "shares": 50000, "filerUrl": "", "transactionText": "", "filerName": "Yadu International Ltd", "filerRelation": "Institution- Corporation", "moneyText": "", "startDate": "2009-11-30", "ownership": "D"}, {"maxAge": 1, "shares": 50009, "filerUrl": "", "transactionText": "", "filerName": "Yadu International Ltd", "filerRelation": "Institution- Corporation", "moneyText": "", "startDate": "2009-11-27", "ownership": "D"}, {"maxAge": 1, "shares": 90000, "filerUrl": "", "transactionText": "", "filerName": "Yadu International Ltd", "filerRelation": "Institution- Corporation", "moneyText": "", "startDate": "2009-11-24", "ownership": "D"}, {"maxAge": 1, "shares": 125000, "filerUrl": "", "transactionText": "", "filerName": "Juggilal Kamlapat Holding Ltd", "filerRelation": "Institution- Corporation", "moneyText": "", "startDate": "2009-11-23", "ownership": "D"}, {"maxAge": 1, "shares": 70000, "filerUrl": "", "transactionText": "", "filerName": "Juggilal Kamlapat Holding Ltd", "filerRelation": "Institution- Corporation", "moneyText": "", "startDate": "2009-09-16", "ownership": "D"}, {"maxAge": 1, "shares": 60000, "filerUrl": "", "transactionText": "", "filerName": "Juggilal Kamlapat Holding Ltd", "filerRelation": "Institution- Corporation", "moneyText": "", "startDate": "2009-09-10", "ownership": "D"}], "maxAge": 1}, "quoteType": {"exchange": "BSE", "quoteType": "EQUITY", "symbol": "JKCEMENT.BO", "underlyingSymbol": "JKCEMENT.BO", "shortName": "J.K.CEMENT LTD.", "longName": "J.K. Cement Limited", "firstTradeDateEpochUtc": "2005-06-30 09:15:00", "timeZoneFullName": "Asia/Kolkata", "timeZoneShortName": "IST", "uuid": "efd4b9c2-8537-3c3d-baa5-4fd8eb13934e", "gmtOffSetMilliseconds": 19800000, "maxAge": 1}, "incomeStatementHistory": {"incomeStatementHistory": [{"maxAge": 1, "endDate": "2020-03-31", "totalRevenue": 58016378000, "costOfRevenue": 20636991000, "grossProfit": 37379387000, "researchDevelopment": {}, "sellingGeneralAdministrative": 15809021000, "nonRecurring": {}, "otherOperatingExpenses": 9113139000, "totalOperatingExpenses": 48438768000, "operatingIncome": 9577610000, "totalOtherIncomeExpenseNet": -2233141000, "ebit": 9577610000, "interestExpense": -2658348000, "incomeBeforeTax": 7344469000, "incomeTaxExpense": 2510538000, "minorityInterest": -202633000, "netIncomeFromContinuingOps": 4833931000, "discontinuedOperations": {}, "extraordinaryItems": {}, "effectOfAccountingCharges": {}, "otherItems": {}, "netIncome": 4964211000, "netIncomeApplicableToCommonShares": 4964211000}, {"maxAge": 1, "endDate": "2019-03-31", "totalRevenue": 52586804000, "costOfRevenue": 20805671000, "grossProfit": 31781133000, "researchDevelopment": {}, "sellingGeneralAdministrative": 15600673000, "nonRecurring": {}, "otherOperatingExpenses": 7794552000, "totalOperatingExpenses": 46613710000, "operatingIncome": 5973094000, "totalOtherIncomeExpenseNet": -1848752000, "ebit": 5973094000, "interestExpense": -2542398000, "incomeBeforeTax": 4124342000, "incomeTaxExpense": 1488002000, "minorityInterest": -72353000, "netIncomeFromContinuingOps": 2636340000, "discontinuedOperations": {}, "extraordinaryItems": {}, "effectOfAccountingCharges": {}, "otherItems": {}, "netIncome": 2703400000, "netIncomeApplicableToCommonShares": 2703400000}, {"maxAge": 1, "endDate": "2018-03-31", "totalRevenue": 48535120000, "costOfRevenue": 18438708000, "grossProfit": 30096412000, "researchDevelopment": {}, "sellingGeneralAdministrative": 15145586000, "nonRecurring": {}, "otherOperatingExpenses": 7059860000, "totalOperatingExpenses": 42957372000, "operatingIncome": 5577748000, "totalOtherIncomeExpenseNet": -1745565000, "ebit": 5577748000, "interestExpense": -2769835000, "incomeBeforeTax": 3832183000, "incomeTaxExpense": 976307000, "minorityInterest": -72353000, "netIncomeFromContinuingOps": 2855876000, "discontinuedOperations": {}, "extraordinaryItems": {}, "effectOfAccountingCharges": {}, "otherItems": {}, "netIncome": 2895750000, "netIncomeApplicableToCommonShares": 2895750000}, {"maxAge": 1, "endDate": "2017-03-31", "totalRevenue": 40741447000, "costOfRevenue": 1749686000, "grossProfit": 38991761000, "researchDevelopment": {}, "sellingGeneralAdministrative": 3832131000, "nonRecurring": {}, "otherOperatingExpenses": 27451485000, "totalOperatingExpenses": 35202801000, "operatingIncome": 5538646000, "totalOtherIncomeExpenseNet": -2682494000, "ebit": 5538646000, "interestExpense": -2951352000, "incomeBeforeTax": 2856152000, "incomeTaxExpense": 1136472000, "minorityInterest": 39874000, "netIncomeFromContinuingOps": 1719680000, "discontinuedOperations": {}, "extraordinaryItems": {}, "effectOfAccountingCharges": {}, "otherItems": {}, "netIncome": 1777353000, "netIncomeApplicableToCommonShares": 1777353000}], "maxAge": 86400}, "fundOwnership": {"ownershipList": [{"maxAge": 1, "reportDate": "2020-07-31", "organization": "Fidelity Series Emerging Markets Opportunities Fund", "pctHeld": 0.06, "position": 4635231, "value": 6937318476}, {"maxAge": 1, "reportDate": "2020-08-31", "organization": "Fidelity Strategic Advisors Fidelity Emerging Markets Fund", "pctHeld": 0.0047999998, "position": 373900, "value": 556737100}, {"maxAge": 1, "reportDate": "2020-06-30", "organization": "Templeton Global Investment Tr-Templeton Emerging Markets Small Cap Fd", "pctHeld": 0.0045, "position": 350133, "value": 482343220}, {"maxAge": 1, "reportDate": "2020-06-30", "organization": "Fidelity Central Investment Port-Emerging Markets Equity Central Fd", "pctHeld": 0.0043, "position": 331898, "value": 457222684}, {"maxAge": 1, "reportDate": "2020-07-31", "organization": "DFA Investment Dimensions-DFA Emerging Mkts Value", "pctHeld": 0.0026, "position": 200692, "value": 300365681}, {"maxAge": 1, "reportDate": "2020-07-31", "organization": "DFA Emerging Markets Core Equity Portfolio", "pctHeld": 0.0023999999, "position": 181663, "value": 271885928}, {"maxAge": 1, "reportDate": "2020-07-31", "organization": "Vanguard International Stock Index-Emerging Markets Stk", "pctHeld": 0.0021, "position": 160509, "value": 240225794}, {"maxAge": 1, "reportDate": "2020-07-31", "organization": "DFA Emerging Markets Small Cap Series", "pctHeld": 0.002, "position": 153310, "value": 229451411}, {"maxAge": 1, "reportDate": "2020-08-31", "organization": "Fidelity Strategic Advisers Emerging Markets Fund", "pctHeld": 0.0019, "position": 150100, "value": 223498900}, {"maxAge": 1, "reportDate": "2020-07-31", "organization": "Financial Investors Tr-ALPS/Kotak India Growth Fund", "pctHeld": 0.0014, "position": 111517, "value": 166901918}], "maxAge": 1}, "summaryDetail": {"maxAge": 1, "priceHint": 2, "previousClose": 2786.85, "open": 2804.2, "dayLow": 2771.0, "dayHigh": 2818.65, "regularMarketPreviousClose": 2786.85, "regularMarketOpen": 2804.2, "regularMarketDayLow": 2771.0, "regularMarketDayHigh": 2818.65, "trailingPE": 52.825253, "forwardPE": 51.467083, "volume": 480, "regularMarketVolume": 480, "averageVolume": 17620, "averageVolume10days": 3393, "averageDailyVolume10Day": 3393, "bid": 2807.55, "ask": 2820.5, "bidSize": 0, "askSize": 0, "marketCap": 216853200896, "fiftyTwoWeekLow": 800.0, "fiftyTwoWeekHigh": 2818.65, "fiftyDayAverage": 2066.5728, "twoHundredDayAverage": 1775.8271, "trailingAnnualDividendRate": 7.5, "trailingAnnualDividendYield": 0.0026912105, "currency": "INR", "fromCurrency": null, "lastMarket": null, "algorithm": null, "tradeable": false}, "sectorTrend": {"maxAge": 1, "symbol": null, "estimates": []}, "incomeStatementHistoryQuarterly": {"incomeStatementHistory": [{"maxAge": 1, "endDate": "2020-06-30", "totalRevenue": 10048455000, "costOfRevenue": 3623350000, "grossProfit": 6425105000, "researchDevelopment": {}, "sellingGeneralAdministrative": 2881784000, "nonRecurring": {}, "otherOperatingExpenses": 1417529000, "totalOperatingExpenses": 8659213000, "operatingIncome": 1389242000, "totalOtherIncomeExpenseNet": -463824000, "ebit": 1389242000, "interestExpense": -665139000, "incomeBeforeTax": 925418000, "incomeTaxExpense": 425954000, "minorityInterest": {}, "netIncomeFromContinuingOps": 499464000, "discontinuedOperations": {}, "extraordinaryItems": {}, "effectOfAccountingCharges": {}, "otherItems": {}, "netIncome": 522816000, "netIncomeApplicableToCommonShares": 522816000}, {"maxAge": 1, "endDate": "2020-03-31", "totalRevenue": 15456516000, "costOfRevenue": 5910992000, "grossProfit": 9545524000, "researchDevelopment": {}, "sellingGeneralAdministrative": 4325259000, "nonRecurring": {}, "otherOperatingExpenses": 1376568000, "totalOperatingExpenses": 12338274000, "operatingIncome": 3118242000, "totalOtherIncomeExpenseNet": -711088000, "ebit": 3118242000, "interestExpense": -555992000, "incomeBeforeTax": 2407154000, "incomeTaxExpense": 798905000, "minorityInterest": -202633000, "netIncomeFromContinuingOps": 1608249000, "discontinuedOperations": {}, "extraordinaryItems": {}, "effectOfAccountingCharges": {}, "otherItems": {}, "netIncome": 1738529000, "netIncomeApplicableToCommonShares": 1738529000}, {"maxAge": 1, "endDate": "2019-12-31", "totalRevenue": 14717804000, "costOfRevenue": 5217820000, "grossProfit": 9499984000, "researchDevelopment": {}, "sellingGeneralAdministrative": 3968034000, "nonRecurring": {}, "otherOperatingExpenses": 2636793000, "totalOperatingExpenses": 12524682000, "operatingIncome": 2193122000, "totalOtherIncomeExpenseNet": -431460000, "ebit": 2193122000, "interestExpense": -663342000, "incomeBeforeTax": 1761662000, "incomeTaxExpense": 518672000, "minorityInterest": -202633000, "netIncomeFromContinuingOps": 1242990000, "discontinuedOperations": {}, "extraordinaryItems": {}, "effectOfAccountingCharges": {}, "otherItems": {}, "netIncome": 1242990000, "netIncomeApplicableToCommonShares": 1242990000}, {"maxAge": 1, "endDate": "2019-09-30", "totalRevenue": 13176303000, "costOfRevenue": 4658905000, "grossProfit": 8517398000, "researchDevelopment": {}, "sellingGeneralAdministrative": 3535200000, "nonRecurring": {}, "otherOperatingExpenses": 2423935000, "totalOperatingExpenses": 11312668000, "operatingIncome": 1863635000, "totalOtherIncomeExpenseNet": -516477000, "ebit": 1863635000, "interestExpense": -691488000, "incomeBeforeTax": 1347158000, "incomeTaxExpense": 552099000, "minorityInterest": -202633000, "netIncomeFromContinuingOps": 795059000, "discontinuedOperations": {}, "extraordinaryItems": {}, "effectOfAccountingCharges": {}, "otherItems": {}, "netIncome": 795059000, "netIncomeApplicableToCommonShares": 795059000}], "maxAge": 86400}, "cashflowStatementHistoryQuarterly": {"cashflowStatements": [{"maxAge": 1, "endDate": "2020-06-30", "netIncome": 522816000, "changeToLiabilities": 0}, {"maxAge": 1, "endDate": "2020-03-31", "netIncome": 1738529000, "changeToLiabilities": 0}, {"maxAge": 1, "endDate": "2019-12-31", "netIncome": 1242990000, "changeToLiabilities": 0}, {"maxAge": 1, "endDate": "2019-09-30", "netIncome": 795059000, "changeToLiabilities": 0}], "maxAge": 86400}, "insiderHolders": {"holders": [{"maxAge": 1, "name": "J K Traders Ltd", "relation": "Promoter", "url": "", "transactionDescription": "Other", "latestTransDate": "2017-09-08", "positionDirect": 181254, "positionDirectDate": "2017-09-08"}, {"maxAge": 1, "name": "Juggilal Kamlapat Holding Ltd", "relation": "Promoter", "url": "", "transactionDescription": "Acquisition", "latestTransDate": "2015-10-14", "positionDirect": 7294418, "positionDirectDate": "2015-10-14"}, {"maxAge": 1, "name": "Singhania (Kalpana)", "relation": "Promoter", "url": "", "transactionDescription": "Sale", "latestTransDate": "2018-03-27", "positionDirect": 4263, "positionDirectDate": "2018-03-27"}, {"maxAge": 1, "name": "Singhania (Kavita Y)", "relation": "Promoter", "url": "", "transactionDescription": "Other", "latestTransDate": "2015-10-20", "positionDirect": 1305452, "positionDirectDate": "2015-10-20"}, {"maxAge": 1, "name": "Singhania (Madhavkrishna)", "relation": "UNREPORTED", "url": "", "transactionDescription": "Gift", "latestTransDate": "2016-12-29", "positionDirect": 210, "positionDirectDate": "2016-12-29"}, {"maxAge": 1, "name": "Singhania (Nidhipati S.B.)", "relation": "Promoter", "url": "", "transactionDescription": "Gift", "latestTransDate": "2016-12-29", "positionDirect": 33428, "positionDirectDate": "2016-12-29"}, {"maxAge": 1, "name": "Singhania (Raghavpat)", "relation": "UNREPORTED", "url": "", "transactionDescription": "Gift", "latestTransDate": "2016-12-29", "positionDirect": 210, "positionDirectDate": "2016-12-29"}, {"maxAge": 1, "name": "Singhania (Sushila Devi)", "relation": "Promoter", "url": "", "transactionDescription": "Other", "latestTransDate": "2020-06-29", "positionDirect": 85957, "positionDirectDate": "2020-06-29"}, {"maxAge": 1, "name": "Singhania (Yadupati)", "relation": "Non Independent Executive Chairman", "url": "", "transactionDescription": "Other", "latestTransDate": "2017-09-08", "positionDirect": 12064198, "positionDirectDate": "2017-09-08"}, {"maxAge": 1, "name": "Yadu International Ltd", "relation": "Promoter", "url": "", "transactionDescription": "Other", "latestTransDate": "2020-06-29", "positionDirect": 31034518, "positionDirectDate": "2020-06-29"}], "maxAge": 1}, "earnings": {"maxAge": 86400, "earningsChart": {"quarterly": [{"date": "4Q2017", "actual": 10.45, "estimate": 10.27}, {"date": "1Q2018", "actual": 15.09, "estimate": 10.15}, {"date": "2Q2018", "actual": 7.05, "estimate": 8.38}, {"date": "3Q2018", "actual": 9.25, "estimate": 5.3}], "currentQuarterEstimateDate": "4Q", "currentQuarterEstimateYear": 2018, "earningsDate": []}, "financialsChart": {"yearly": [{"date": 2017, "revenue": 40741447000, "earnings": 1777353000}, {"date": 2018, "revenue": 48535120000, "earnings": 2895750000}, {"date": 2019, "revenue": 52586804000, "earnings": 2703400000}, {"date": 2020, "revenue": 58016378000, "earnings": 4964211000}], "quarterly": [{"date": "3Q2019", "revenue": 13176303000, "earnings": 795059000}, {"date": "4Q2019", "revenue": 14717804000, "earnings": 1242990000}, {"date": "1Q2020", "revenue": 15456516000, "earnings": 1738529000}, {"date": "2Q2020", "revenue": 10048455000, "earnings": 522816000}]}, "financialCurrency": "INR"}, "calendarEvents": {"maxAge": 1, "earnings": {"earningsDate": [], "revenueAverage": 12613000000, "revenueLow": 12613000000, "revenueHigh": 12613000000}}, "upgradeDowngradeHistory": {"history": [], "maxAge": 86400}, "price": {"maxAge": 1, "regularMarketChangePercent": 0.007050936, "regularMarketChange": 19.649902, "regularMarketTime": "2021-04-30 15:25:38", "priceHint": 2, "regularMarketPrice": 2806.5, "regularMarketDayHigh": 2818.65, "regularMarketDayLow": 2771.0, "regularMarketVolume": 480, "averageDailyVolume10Day": 3393, "averageDailyVolume3Month": 17620, "regularMarketPreviousClose": 2786.85, "regularMarketSource": "FREE_REALTIME", "regularMarketOpen": 2804.2, "exchange": "BSE", "exchangeName": "BSE", "exchangeDataDelayedBy": 0, "marketState": "CLOSED", "quoteType": "EQUITY", "symbol": "JKCEMENT.BO", "underlyingSymbol": null, "shortName": "J.K.CEMENT LTD.", "longName": "J.K. Cement Limited", "currency": "INR", "quoteSourceName": "Delayed Quote", "currencySymbol": "\u20b9", "fromCurrency": null, "lastMarket": null, "marketCap": 216853200896}, "balanceSheetHistory": {"balanceSheetStatements": [{"maxAge": 1, "endDate": "2020-03-31", "cash": 385017000, "shortTermInvestments": 8112937000, "netReceivables": 3940125000, "inventory": 6904018000, "otherCurrentAssets": 2847758000, "totalCurrentAssets": 22345708000, "longTermInvestments": 448024000, "propertyPlantEquipment": 60567729000, "intangibleAssets": 272485000, "otherAssets": 1786391000, "totalAssets": 85420337000, "accountsPayable": 4917856000, "shortLongTermDebt": 3997087000, "otherCurrentLiab": 5844253000, "longTermDebt": 27035145000, "otherLiab": 8192778000, "minorityInterest": -202633000, "totalCurrentLiabilities": 18246889000, "totalLiab": 55346137000, "commonStock": 772683000, "retainedEarnings": 21135004000, "treasuryStock": 801180000, "capitalSurplus": 7567966000, "otherStockholderEquity": 801180000, "totalStockholderEquity": 30276833000, "netTangibleAssets": 30004348000}, {"maxAge": 1, "endDate": "2019-03-31", "cash": 2630622000, "shortTermInvestments": 862261000, "netReceivables": 3354923000, "inventory": 6238817000, "otherCurrentAssets": 3291622000, "totalCurrentAssets": 20454428000, "longTermInvestments": 445173000, "propertyPlantEquipment": 50817867000, "intangibleAssets": 293834000, "otherAssets": 2115338000, "totalAssets": 74126640000, "accountsPayable": 4335348000, "shortLongTermDebt": 2951500000, "otherCurrentLiab": 5186490000, "longTermDebt": 24397883000, "otherLiab": 6681357000, "minorityInterest": -72353000, "totalCurrentLiabilities": 16097670000, "totalLiab": 47176910000, "commonStock": 772683000, "retainedEarnings": 17693744000, "treasuryStock": 987690000, "capitalSurplus": 7567966000, "otherStockholderEquity": 987690000, "totalStockholderEquity": 27022083000, "netTangibleAssets": 26728249000}, {"maxAge": 1, "endDate": "2018-03-31", "cash": 2113327000, "shortTermInvestments": 3329186000, "netReceivables": 2955320000, "inventory": 5898096000, "otherCurrentAssets": 1642675000, "totalCurrentAssets": 16844548000, "longTermInvestments": 467217000, "propertyPlantEquipment": 45236811000, "intangibleAssets": 239242000, "otherAssets": 1772323000, "totalAssets": 64560141000, "accountsPayable": 6652149000, "shortLongTermDebt": 2099758000, "otherCurrentLiab": 1526821000, "longTermDebt": 25741051000, "otherLiab": 5974248000, "totalCurrentLiabilities": 13096160000, "totalLiab": 44811459000, "commonStock": 699272000, "retainedEarnings": 15454100000, "treasuryStock": 996450000, "capitalSurplus": 2598860000, "otherStockholderEquity": 996450000, "totalStockholderEquity": 19748682000, "netTangibleAssets": 19509440000}, {"maxAge": 1, "endDate": "2017-03-31", "cash": 1301096000, "shortTermInvestments": 2894735000, "netReceivables": 2487656000, "inventory": 5608929000, "otherCurrentAssets": 1592534000, "totalCurrentAssets": 14792608000, "longTermInvestments": 1180127000, "propertyPlantEquipment": 46451382000, "intangibleAssets": 233212000, "otherAssets": 1451415000, "totalAssets": 64108744000, "accountsPayable": 4271298000, "shortLongTermDebt": 2210395000, "otherCurrentLiab": 2858022000, "longTermDebt": 28701450000, "otherLiab": 5452923000, "minorityInterest": 39874000, "totalCurrentLiabilities": 12807642000, "totalLiab": 46962015000, "commonStock": 699272000, "retainedEarnings": 12813213000, "treasuryStock": 995510000, "capitalSurplus": 2598860000, "otherStockholderEquity": 995510000, "totalStockholderEquity": 17106855000, "netTangibleAssets": 16873643000}], "maxAge": 86400}, "earningsTrend": {"trend": [{"maxAge": 1, "period": "0q", "endDate": "2018-12-31", "growth": {}, "earningsEstimate": {"avg": 0.0, "low": 0.0, "high": 0.0, "yearAgoEps": 10.45, "numberOfAnalysts": 0, "growth": {}}, "revenueEstimate": {"avg": 12613000000, "low": 12613000000, "high": 12613000000, "numberOfAnalysts": 1, "yearAgoRevenue": 11261100000, "growth": 0.12}, "epsTrend": {"current": 0.0, "7daysAgo": 0.0, "30daysAgo": 0.0, "60daysAgo": 0.0, "90daysAgo": 0.0}, "epsRevisions": {"upLast7days": 0, "upLast30days": 0, "downLast30days": 0, "downLast90days": {}}}, {"maxAge": 1, "period": "+1q", "endDate": "2019-03-31", "growth": {}, "earningsEstimate": {"avg": 0.0, "low": 0.0, "high": 0.0, "yearAgoEps": 15.09, "numberOfAnalysts": 0, "growth": {}}, "revenueEstimate": {"avg": 14975000000, "low": 14975000000, "high": 14975000000, "numberOfAnalysts": 1, "yearAgoRevenue": 13159500000, "growth": 0.138}, "epsTrend": {"current": 0.0, "7daysAgo": 0.0, "30daysAgo": 0.0, "60daysAgo": 0.0, "90daysAgo": 0.0}, "epsRevisions": {"upLast7days": 0, "upLast30days": 0, "downLast30days": 0, "downLast90days": {}}}, {"maxAge": 1, "period": "0y", "endDate": "2019-03-31", "growth": {}, "earningsEstimate": {"avg": 0.0, "low": 0.0, "high": 0.0, "yearAgoEps": {}, "numberOfAnalysts": 0, "growth": {}}, "revenueEstimate": {"avg": 52494300000, "low": 50201000000, "high": 54902000000, "numberOfAnalysts": 10, "yearAgoRevenue": 45912100000, "growth": 0.143}, "epsTrend": {"current": 0.0, "7daysAgo": 38.79, "30daysAgo": 38.79, "60daysAgo": 38.79, "90daysAgo": 38.79}, "epsRevisions": {"upLast7days": 0, "upLast30days": 0, "downLast30days": 1, "downLast90days": {}}}, {"maxAge": 1, "period": "+1y", "endDate": "2020-03-31", "growth": {}, "earningsEstimate": {"avg": 0.0, "low": 0.0, "high": 0.0, "yearAgoEps": {}, "numberOfAnalysts": 0, "growth": {}}, "revenueEstimate": {"avg": 59107100000, "low": 54314000000, "high": 63116000000, "numberOfAnalysts": 10, "yearAgoRevenue": 52494300000, "growth": 0.126}, "epsTrend": {"current": 0.0, "7daysAgo": 52.48, "30daysAgo": 52.48, "60daysAgo": 52.48, "90daysAgo": 52.48}, "epsRevisions": {"upLast7days": 0, "upLast30days": 0, "downLast30days": 1, "downLast90days": {}}}, {"maxAge": 1, "period": "+5y", "endDate": null, "growth": 0.41189998, "earningsEstimate": {"avg": {}, "low": {}, "high": {}, "yearAgoEps": {}, "numberOfAnalysts": {}, "growth": {}}, "revenueEstimate": {"avg": {}, "low": {}, "high": {}, "numberOfAnalysts": {}, "yearAgoRevenue": {}, "growth": {}}, "epsTrend": {"current": {}, "7daysAgo": {}, "30daysAgo": {}, "60daysAgo": {}, "90daysAgo": {}}, "epsRevisions": {"upLast7days": {}, "upLast30days": {}, "downLast30days": {}, "downLast90days": {}}}, {"maxAge": 1, "period": "-5y", "endDate": null, "growth": {}, "earningsEstimate": {"avg": {}, "low": {}, "high": {}, "yearAgoEps": {}, "numberOfAnalysts": {}, "growth": {}}, "revenueEstimate": {"avg": {}, "low": {}, "high": {}, "numberOfAnalysts": {}, "yearAgoRevenue": {}, "growth": {}}, "epsTrend": {"current": {}, "7daysAgo": {}, "30daysAgo": {}, "60daysAgo": {}, "90daysAgo": {}}, "epsRevisions": {"upLast7days": {}, "upLast30days": {}, "downLast30days": {}, "downLast90days": {}}}], "maxAge": 1}, "financialData": {"maxAge": 86400, "currentPrice": 2806.5, "targetHighPrice": 1108.0, "targetLowPrice": 774.0, "targetMeanPrice": 886.06, "targetMedianPrice": 862.0, "recommendationKey": "none", "numberOfAnalystOpinions": 16, "grossProfits": 37379387000, "financialCurrency": "INR"}}}