{"JKCEMENT.NS": {"assetProfile": {"address1": "Kamla Tower", "city": "Kanpur", "zip": "208001", "country": "India", "phone": "91 51 2237 1478", "fax": "91 512 233 2665", "website": "http://www.jkcement.com", "industry": "Building Materials", "sector": "Basic Materials", "longBusinessSummary": "J.K. Cement Limited manufactures and sells cement and its related products in India and internationally. The company offers grey cement products, including ordinary Portland, Portland Pozzolana, weather shield cements, and Portland slag cements under the JK Super Cement brand name; cement products for concrete under the JK Super Strong Cement brand; and white cement for floors, walls, and decorative and architectural applications under the JK White Cement brand name. It also provides white cement based primer under the JK Primaxx brand; white cement for exterior/interior walls and ceilings, mosaic tiles, terrazzo flooring, and white cement based value-added products under the JK White Cement brand; gypsum plaster for application on walls and ceilings under the JK Cement GypsoMaxX brand; white cement based waterproof putty under the JK Cement ShieldMaxX brand; wall and floor adhesives, multipurpose adhesives, and white adhesives under the JK Cement TileMaxX brand; and white Portland cement under the JK Cement WhiteMaxX brand. In addition, the company imports, exports, and trades in cement clinker, limestone, etc. The company was founded in 1974 and is headquartered in Kanpur, India.", "fullTimeEmployees": 3678, "companyOfficers": [{"maxAge": 1, "name": "Mr. Madhavkrishna  Singhania", "age": 32, "title": "Deputy MD, CEO & Director", "yearBorn": 1988, "fiscalYear": 2020, "totalPay": 12658602, "exercisedValue": 0, "unexercisedValue": 0}, {"maxAge": 1, "name": "Mr. Ajay Kumar Saraogi", "age": 64, "title": "Deputy MD, CFO & Director", "yearBorn": 1956, "fiscalYear": 2020, "totalPay": 29248016, "exercisedValue": 0, "unexercisedValue": 0}, {"maxAge": 1, "name": "Mr. Shambhu  Singh", "title": "Assistant VP of Legal, Compliance Officer & Company Sec.", "exercisedValue": 0, "unexercisedValue": 0}, {"maxAge": 1, "name": "Dr. Raghavpat  Singhania", "age": 36, "title": "MD & Director", "yearBorn": 1984, "fiscalYear": 2020, "totalPay": 17545937, "exercisedValue": 0, "unexercisedValue": 0}, {"maxAge": 1, "name": "Jitendra  Singh", "title": "Chief Information Officer", "exercisedValue": 0, "unexercisedValue": 0}, {"maxAge": 1, "name": "Mr. Andleeb  Jain", "title": "Chief People Officer", "exercisedValue": 0, "unexercisedValue": 0}, {"maxAge": 1, "name": "Mr. Ashok  Ghosh", "title": "Pres of Education & CSR", "exercisedValue": 0, "unexercisedValue": 0}, {"maxAge": 1, "name": "Mr. Rajnish  Kapur", "title": "Bus. Head of Grey Cement", "exercisedValue": 0, "unexercisedValue": 0}, {"maxAge": 1, "name": "Mr. Niranjan  Mishra", "title": "Bus. Head of White Cement", "exercisedValue": 0, "unexercisedValue": 0}, {"maxAge": 1, "name": "Mr. S. K. Rathore", "title": "Unit Head of Grey Cement- Rajasthan", "exercisedValue": 0, "unexercisedValue": 0}], "compensationAsOfEpochDate": "2020-12-31 05:30:00", "maxAge": 86400}, "recommendationTrend": {"trend": [{"period": "0m", "strongBuy": 0, "buy": 0, "hold": 0, "sell": 0, "strongSell": 0}, {"period": "-1m", "strongBuy": 0, "buy": 0, "hold": 0, "sell": 0, "strongSell": 0}, {"period": "-2m", "strongBuy": 0, "buy": 0, "hold": 0, "sell": 0, "strongSell": 0}, {"period": "-3m", "strongBuy": 0, "buy": 0, "hold": 0, "sell": 0, "strongSell": 0}], "maxAge": 86400}, "cashflowStatementHistory": {"cashflowStatements": [{"maxAge": 1, "endDate": "2020-03-31", "netIncome": 4964211000, "depreciation": 2865028000, "changeToNetincome": 3004317000, "changeToAccountReceivables": -129256000, "changeToLiabilities": 582508000, "changeToInventory": -665201000, "changeToOperatingActivities": 3031682000, "totalCashFromOperatingActivities": 13667878000, "capitalExpenditures": -12503360000, "investments": -2622351000, "otherCashflowsFromInvestingActivities": 284500000, "totalCashflowsFromInvestingActivities": -14765378000, "dividendsPaid": -1352195000, "netBorrowings": 3052360000, "otherCashflowsFromFinancingActivities": -2781637000, "totalCashFromFinancingActivities": -1081472000, "effectOfExchangeRate": -66633000, "changeInCash": -2245605000}, {"maxAge": 1, "endDate": "2019-03-31", "netIncome": 2703400000, "depreciation": 2412814000, "changeToNetincome": 2603522000, "changeToAccountReceivables": -230096000, "changeToLiabilities": 575731000, "changeToInventory": -340721000, "changeToOperatingActivities": -685919000, "totalCashFromOperatingActivities": 7038731000, "capitalExpenditures": -6344508000, "investments": -2076636000, "otherCashflowsFromInvestingActivities": 366891000, "totalCashflowsFromInvestingActivities": -8023203000, "dividendsPaid": -699273000, "netBorrowings": 325437000, "otherCashflowsFromFinancingActivities": -3005765000, "totalCashFromFinancingActivities": 1728268000, "effectOfExchangeRate": -226501000, "changeInCash": 517295000, "issuanceOfStock": 5107869000}, {"maxAge": 1, "endDate": "2018-03-31", "netIncome": 2895750000, "depreciation": 2313218000, "changeToNetincome": 2428999000, "changeToAccountReceivables": -357010000, "changeToLiabilities": 85868000, "changeToInventory": -289167000, "changeToOperatingActivities": 1753485000, "totalCashFromOperatingActivities": 8831143000, "capitalExpenditures": -2017956000, "investments": 56748000, "otherCashflowsFromInvestingActivities": 427945000, "totalCashflowsFromInvestingActivities": -958076000, "dividendsPaid": -559418000, "netBorrowings": -3765671000, "otherCashflowsFromFinancingActivities": -2902832000, "totalCashFromFinancingActivities": -7227921000, "effectOfExchangeRate": 168007000, "changeInCash": 813153000, "issuanceOfStock": 5107869000}, {"maxAge": 1, "endDate": "2017-03-31", "netIncome": 1777353000, "depreciation": 2169499000, "changeToNetincome": 3355680000, "changeToAccountReceivables": -23084000, "changeToLiabilities": -41118000, "changeToInventory": -677868000, "changeToOperatingActivities": 1157659000, "totalCashFromOperatingActivities": 7718121000, "capitalExpenditures": -4037148000, "investments": -3033460000, "otherCashflowsFromInvestingActivities": 381384000, "totalCashflowsFromInvestingActivities": -6491609000, "dividendsPaid": -279709000, "netBorrowings": 113424000, "otherCashflowsFromFinancingActivities": -3289743000, "totalCashFromFinancingActivities": -3456028000, "effectOfExchangeRate": -189615000, "changeInCash": -2419131000, "issuanceOfStock": 5107869000}], "maxAge": 86400}, "indexTrend": {"maxAge": 1, "symbol": "SP5", "peRatio": 19.7411, "pegRatio": 1.34172, "estimates": [{"period": "0q", "growth": 0.549}, {"period": "+1q", "growth": 0.431}, {"period": "0y", "growth": 0.305}, {"period": "+1y", "growth": 0.109}, {"period": "+5y", "growth": 0.120865}, {"period": "-5y"}]}, "defaultKeyStatistics": {"maxAge": 1, "priceHint": 2, "enterpriseValue": 235695161344, "forwardPE": 40.408928, "profitMargins": 0.10976, "floatShares": 32842997, "sharesOutstanding": 77268200, "heldPercentInsiders": 0.57913, "heldPercentInstitutions": 0.29404, "beta": 1.006395, "category": null, "bookValue": 427.908, "priceToBook": 6.558419, "fundFamily": null, "legalType": null, "lastFiscalYearEnd": "2020-03-31 05:30:00", "nextFiscalYearEnd": "2022-03-31 05:30:00", "mostRecentQuarter": "2020-12-31 05:30:00", "earningsQuarterlyGrowth": 0.765, "netIncomeToCommon": 6604668928, "trailingEps": 86.252, "forwardEps": 69.45, "pegRatio": 0.31, "lastSplitFactor": null, "enterpriseToRevenue": 3.917, "enterpriseToEbitda": 16.188, "52WeekChange": 1.5569677, "SandP52WeekChange": 0.48148263, "lastDividendValue": 7.5, "lastDividendDate": 1583884800}, "industryTrend": {"maxAge": 1, "symbol": null, "estimates": []}, "quoteType": {"exchange": "NSI", "quoteType": "EQUITY", "symbol": "JKCEMENT.NS", "underlyingSymbol": "JKCEMENT.NS", "shortName": "JK CEMENTS LTD", "longName": "J.K. Cement Limited", "firstTradeDateEpochUtc": "2006-03-14 09:15:00", "timeZoneFullName": "Asia/Kolkata", "timeZoneShortName": "IST", "uuid": "8421cff5-fc85-3f74-82a9-953d4d8001d3", "messageBoardId": "finmb_22972371", "gmtOffSetMilliseconds": 19800000, "maxAge": 1}, "incomeStatementHistory": {"incomeStatementHistory": [{"maxAge": 1, "endDate": "2020-03-31", "totalRevenue": 58016378000, "costOfRevenue": 20636991000, "grossProfit": 37379387000, "researchDevelopment": {}, "sellingGeneralAdministrative": 15809021000, "nonRecurring": {}, "otherOperatingExpenses": 9113139000, "totalOperatingExpenses": 48438768000, "operatingIncome": 9577610000, "totalOtherIncomeExpenseNet": -2233141000, "ebit": 9577610000, "interestExpense": -2658348000, "incomeBeforeTax": 7344469000, "incomeTaxExpense": 2510538000, "minorityInterest": -202633000, "netIncomeFromContinuingOps": 4833931000, "discontinuedOperations": {}, "extraordinaryItems": {}, "effectOfAccountingCharges": {}, "otherItems": {}, "netIncome": 4964211000, "netIncomeApplicableToCommonShares": 4964211000}, {"maxAge": 1, "endDate": "2019-03-31", "totalRevenue": 52586804000, "costOfRevenue": 20805671000, "grossProfit": 31781133000, "researchDevelopment": {}, "sellingGeneralAdministrative": 15600673000, "nonRecurring": {}, "otherOperatingExpenses": 7794552000, "totalOperatingExpenses": 46613710000, "operatingIncome": 5973094000, "totalOtherIncomeExpenseNet": -1848752000, "ebit": 5973094000, "interestExpense": -2542398000, "incomeBeforeTax": 4124342000, "incomeTaxExpense": 1488002000, "minorityInterest": -72353000, "netIncomeFromContinuingOps": 2636340000, "discontinuedOperations": {}, "extraordinaryItems": {}, "effectOfAccountingCharges": {}, "otherItems": {}, "netIncome": 2703400000, "netIncomeApplicableToCommonShares": 2703400000}, {"maxAge": 1, "endDate": "2018-03-31", "totalRevenue": 48535120000, "costOfRevenue": 18438708000, "grossProfit": 30096412000, "researchDevelopment": {}, "sellingGeneralAdministrative": 15145586000, "nonRecurring": {}, "otherOperatingExpenses": 7059860000, "totalOperatingExpenses": 42957372000, "operatingIncome": 5577748000, "totalOtherIncomeExpenseNet": -1745565000, "ebit": 5577748000, "interestExpense": -2769835000, "incomeBeforeTax": 3832183000, "incomeTaxExpense": 976307000, "minorityInterest": -72353000, "netIncomeFromContinuingOps": 2855876000, "discontinuedOperations": {}, "extraordinaryItems": {}, "effectOfAccountingCharges": {}, "otherItems": {}, "netIncome": 2895750000, "netIncomeApplicableToCommonShares": 2895750000}, {"maxAge": 1, "endDate": "2017-03-31", "totalRevenue": 40741447000, "costOfRevenue": 1749686000, "grossProfit": 38991761000, "researchDevelopment": {}, "sellingGeneralAdministrative": 3832131000, "nonRecurring": {}, "otherOperatingExpenses": 27451485000, "totalOperatingExpenses": 35202801000, "operatingIncome": 5538646000, "totalOtherIncomeExpenseNet": -2682494000, "ebit": 5538646000, "interestExpense": -2951352000, "incomeBeforeTax": 2856152000, "incomeTaxExpense": 1136472000, "minorityInterest": 39874000, "netIncomeFromContinuingOps": 1719680000, "discontinuedOperations": {}, "extraordinaryItems": {}, "effectOfAccountingCharges": {}, "otherItems": {}, "netIncome": 1777353000, "netIncomeApplicableToCommonShares": 1777353000}], "maxAge": 86400}, "fundOwnership": {"maxAge": 1, "ownershipList": [{"maxAge": 1, "reportDate": "2021-02-28", "organization": "Fidelity Series Emerging Markets Opportunities Fund", "pctHeld": 0.057600003, "position": 4451131, "value": 11965085241}, {"maxAge": 1, "reportDate": "2021-02-28", "organization": "Fidelity Strategic Advisors Fidelity Emerging Markets Fund", "pctHeld": 0.0061000003, "position": 472100, "value": 1269052010}, {"maxAge": 1, "reportDate": "2021-01-31", "organization": "Vanguard International Stock Index-Total Intl Stock Indx", "pctHeld": 0.0043, "position": 335966, "value": 715909949}, {"maxAge": 1, "reportDate": "2020-12-31", "organization": "Fidelity Central Investment Port-Emerging Markets Equity Central Fd", "pctHeld": 0.0043, "position": 331898, "value": 636182086}, {"maxAge": 1, "reportDate": "2021-03-31", "organization": "iShares Core MSCI Emerging Markets ETF", "pctHeld": 0.0036000002, "position": 278143, "value": 805849806}, {"maxAge": 1, "reportDate": "2021-01-31", "organization": "Vanguard International Stock Index-Emerging Markets Stk", "pctHeld": 0.0036000002, "position": 277316, "value": 590932664}, {"maxAge": 1, "reportDate": "2021-02-28", "organization": "Fidelity Strategic Advisers Emerging Markets Fund", "pctHeld": 0.0025, "position": 189500, "value": 509394950}, {"maxAge": 1, "reportDate": "2021-01-31", "organization": "DFA Emerging Markets Core Equity Portfolio", "pctHeld": 0.0023, "position": 178955, "value": 381335209}, {"maxAge": 1, "reportDate": "2020-12-31", "organization": "Templeton Global Investment Tr-Templeton Emerging Markets Small Cap Fd", "pctHeld": 0.0021, "position": 163133, "value": 312693334}, {"maxAge": 1, "reportDate": "2021-01-31", "organization": "DFA Emerging Markets Small Cap Series", "pctHeld": 0.0018000001, "position": 142489, "value": 303629810}]}, "summaryDetail": {"maxAge": 1, "priceHint": 2, "previousClose": 2792.3, "open": 2752.3, "dayLow": 2752.3, "dayHigh": 2820.0, "regularMarketPreviousClose": 2792.3, "regularMarketOpen": 2752.3, "regularMarketDayLow": 2752.3, "regularMarketDayHigh": 2820.0, "exDividendDate": "2020-03-11 05:30:00", "payoutRatio": 0.0877, "beta": 1.006395, "trailingPE": 32.537216, "forwardPE": 40.408928, "volume": 12683, "regularMarketVolume": 12683, "averageVolume": 109148, "averageVolume10days": 56223, "averageDailyVolume10Day": 56223, "bid": 0.0, "ask": 0.0, "bidSize": 0, "askSize": 0, "marketCap": 216845467648, "fiftyTwoWeekLow": 1040.65, "fiftyTwoWeekHigh": 3149.8, "priceToSalesTrailing12Months": 3.6035173, "fiftyDayAverage": 2851.2214, "twoHundredDayAverage": 2307.943, "trailingAnnualDividendRate": 7.5, "trailingAnnualDividendYield": 0.0026859578, "currency": "INR", "fromCurrency": null, "toCurrency": null, "lastMarket": null, "algorithm": null, "tradeable": false}, "insiderHolders": {"holders": [{"maxAge": 1, "name": "Singhania (Abhishek)", "relation": "Promoter", "url": "", "transactionDescription": "Sale", "latestTransDate": "2021-03-12", "positionDirect": 4008994, "positionDirectDate": "2021-03-12"}, {"maxAge": 1, "name": "Singhania (Kalpana)", "relation": "Promoter", "url": "", "transactionDescription": "Gift", "latestTransDate": "2021-03-30", "positionDirect": 475263, "positionDirectDate": "2021-03-30"}, {"maxAge": 1, "name": "Singhania (Kavita Y)", "relation": "Promoter", "url": "", "transactionDescription": "Other", "latestTransDate": "2020-12-22", "positionDirect": 8064198, "positionDirectDate": "2020-12-22"}, {"maxAge": 1, "name": "Singhania (Madhavkrishna)", "relation": "Promoter", "url": "", "transactionDescription": "Other", "latestTransDate": "2020-12-22", "positionDirect": 15517259, "positionDirectDate": "2020-12-22"}, {"maxAge": 1, "name": "Singhania (Manorama Devi)", "relation": "Promoter", "url": "", "transactionDescription": "Other", "latestTransDate": "2020-12-22", "positionDirect": 531465, "positionDirectDate": "2020-12-22"}, {"maxAge": 1, "name": "Singhania (Nidhipati S.B.)", "relation": "Promoter", "url": "", "transactionDescription": "Gift", "latestTransDate": "2021-03-30", "positionDirect": 42428, "positionDirectDate": "2021-03-30"}, {"maxAge": 1, "name": "Singhania (Raghavpat)", "relation": "Promoter", "url": "", "transactionDescription": "Other", "latestTransDate": "2020-12-22", "positionDirect": 15517259, "positionDirectDate": "2020-12-22"}, {"maxAge": 1, "name": "Singhania (Ramapati)", "relation": "Promoter", "url": "", "transactionDescription": "Other", "latestTransDate": "2020-12-22", "positionDirect": 549662, "positionDirectDate": "2020-12-22"}, {"maxAge": 1, "name": "Singhania (Sushila Devi)", "relation": "Promoter", "url": "", "transactionDescription": "Other", "latestTransDate": "2020-12-22", "positionDirect": 3335957, "positionDirectDate": "2020-12-22"}, {"maxAge": 1, "name": "Yadu International Ltd", "relation": "Promoter", "url": "", "transactionDescription": "Other", "latestTransDate": "2020-12-22", "positionDirect": 0, "positionDirectDate": "2020-12-22"}], "maxAge": 1}, "calendarEvents": {"maxAge": 1, "earnings": {"earningsDate": [], "earningsAverage": 9.9, "earningsLow": 9.9, "earningsHigh": 9.9, "revenueAverage": 11488800000, "revenueLow": 10878000000, "revenueHigh": 11898000000}, "exDividendDate": "2020-03-11 05:30:00"}, "price": {"maxAge": 1, "regularMarketChangePercent": 0.005049548, "regularMarketChange": 14.0998535, "regularMarketTime": "2021-04-30 15:30:01", "priceHint": 2, "regularMarketPrice": 2806.4, "regularMarketDayHigh": 2820.0, "regularMarketDayLow": 2752.3, "regularMarketVolume": 12683, "averageDailyVolume10Day": 56223, "averageDailyVolume3Month": 109148, "regularMarketPreviousClose": 2792.3, "regularMarketSource": "FREE_REALTIME", "regularMarketOpen": 2752.3, "exchange": "NSI", "exchangeName": "NSE", "exchangeDataDelayedBy": 15, "marketState": "CLOSED", "quoteType": "EQUITY", "symbol": "JKCEMENT.NS", "underlyingSymbol": null, "shortName": "JK CEMENTS LTD", "longName": "J.K. Cement Limited", "currency": "INR", "quoteSourceName": "Delayed Quote", "currencySymbol": "\u20b9", "fromCurrency": null, "toCurrency": null, "lastMarket": null, "marketCap": 216845467648}, "balanceSheetHistory": {"balanceSheetStatements": [{"maxAge": 1, "endDate": "2020-03-31", "cash": 385017000, "shortTermInvestments": 8112937000, "netReceivables": 3940125000, "inventory": 6904018000, "otherCurrentAssets": 2847758000, "totalCurrentAssets": 22345708000, "longTermInvestments": 448024000, "propertyPlantEquipment": 60567729000, "intangibleAssets": 272485000, "otherAssets": 1786391000, "totalAssets": 85420337000, "accountsPayable": 4917856000, "shortLongTermDebt": 3997087000, "otherCurrentLiab": 5844253000, "longTermDebt": 27035145000, "otherLiab": 8192778000, "minorityInterest": -202633000, "totalCurrentLiabilities": 18246889000, "totalLiab": 55346137000, "commonStock": 772683000, "retainedEarnings": 21135004000, "treasuryStock": 801180000, "capitalSurplus": 7567966000, "otherStockholderEquity": 801180000, "totalStockholderEquity": 30276833000, "netTangibleAssets": 30004348000}, {"maxAge": 1, "endDate": "2019-03-31", "cash": 2630622000, "shortTermInvestments": 862261000, "netReceivables": 3354923000, "inventory": 6238817000, "otherCurrentAssets": 3291622000, "totalCurrentAssets": 20454428000, "longTermInvestments": 445173000, "propertyPlantEquipment": 50817867000, "intangibleAssets": 293834000, "otherAssets": 2115338000, "totalAssets": 74126640000, "accountsPayable": 4335348000, "shortLongTermDebt": 2951500000, "otherCurrentLiab": 5186490000, "longTermDebt": 24397883000, "otherLiab": 6681357000, "minorityInterest": -72353000, "totalCurrentLiabilities": 16097670000, "totalLiab": 47176910000, "commonStock": 772683000, "retainedEarnings": 17693744000, "treasuryStock": 987690000, "capitalSurplus": 7567966000, "otherStockholderEquity": 987690000, "totalStockholderEquity": 27022083000, "netTangibleAssets": 26728249000}, {"maxAge": 1, "endDate": "2018-03-31", "cash": 2113327000, "shortTermInvestments": 3329186000, "netReceivables": 2955320000, "inventory": 5898096000, "otherCurrentAssets": 1642675000, "totalCurrentAssets": 16844548000, "longTermInvestments": 467217000, "propertyPlantEquipment": 45236811000, "intangibleAssets": 239242000, "otherAssets": 1772323000, "totalAssets": 64560141000, "accountsPayable": 6652149000, "shortLongTermDebt": 2099758000, "otherCurrentLiab": 1526821000, "longTermDebt": 25741051000, "otherLiab": 5974248000, "totalCurrentLiabilities": 13096160000, "totalLiab": 44811459000, "commonStock": 699272000, "retainedEarnings": 15454100000, "treasuryStock": 996450000, "capitalSurplus": 2598860000, "otherStockholderEquity": 996450000, "totalStockholderEquity": 19748682000, "netTangibleAssets": 19509440000}, {"maxAge": 1, "endDate": "2017-03-31", "cash": 1301096000, "shortTermInvestments": 2894735000, "netReceivables": 2487656000, "inventory": 5608929000, "otherCurrentAssets": 1592534000, "totalCurrentAssets": 14792608000, "longTermInvestments": 1180127000, "propertyPlantEquipment": 46451382000, "intangibleAssets": 233212000, "otherAssets": 1451415000, "totalAssets": 64108744000, "accountsPayable": 4271298000, "shortLongTermDebt": 2210395000, "otherCurrentLiab": 2858022000, "longTermDebt": 28701450000, "otherLiab": 5452923000, "minorityInterest": 39874000, "totalCurrentLiabilities": 12807642000, "totalLiab": 46962015000, "commonStock": 699272000, "retainedEarnings": 12813213000, "treasuryStock": 995510000, "capitalSurplus": 2598860000, "otherStockholderEquity": 995510000, "totalStockholderEquity": 17106855000, "netTangibleAssets": 16873643000}], "maxAge": 86400}, "earningsTrend": {"trend": [{"maxAge": 1, "period": "0q", "endDate": "2018-06-30", "growth": -0.128, "earningsEstimate": {"avg": 9.9, "low": 9.9, "high": 9.9, "yearAgoEps": 11.35, "numberOfAnalysts": 1, "growth": -0.128}, "revenueEstimate": {"avg": 11488800000, "low": 10878000000, "high": 11898000000, "numberOfAnalysts": 4, "yearAgoRevenue": 12270700000, "growth": -0.064}, "epsTrend": {"current": 9.9, "7daysAgo": 0.0, "30daysAgo": 0.0, "60daysAgo": 0.0, "90daysAgo": 0.0}, "epsRevisions": {"upLast7days": 0, "upLast30days": 0, "downLast30days": 0, "downLast90days": {}}}, {"maxAge": 1, "period": "+1q", "endDate": "2018-09-30", "growth": {}, "earningsEstimate": {"avg": 0.0, "low": 0.0, "high": 0.0, "yearAgoEps": 13.32, "numberOfAnalysts": 0, "growth": {}}, "revenueEstimate": {"avg": 0, "low": 0, "high": 0, "numberOfAnalysts": 0, "yearAgoRevenue": {}, "growth": {}}, "epsTrend": {"current": 0.0, "7daysAgo": 0.0, "30daysAgo": 0.0, "60daysAgo": 0.0, "90daysAgo": 0.0}, "epsRevisions": {"upLast7days": 0, "upLast30days": 0, "downLast30days": 0, "downLast90days": {}}}, {"maxAge": 1, "period": "0y", "endDate": "2019-03-31", "growth": 0.237, "earningsEstimate": {"avg": 63.47, "low": 51.8, "high": 91.2, "yearAgoEps": 51.32, "numberOfAnalysts": 7, "growth": 0.237}, "revenueEstimate": {"avg": 51115700000, "low": 49428000000, "high": 52418000000, "numberOfAnalysts": 6, "yearAgoRevenue": 45912100000, "growth": 0.113000005}, "epsTrend": {"current": 63.47, "7daysAgo": 63.47, "30daysAgo": 63.47, "60daysAgo": 65.02, "90daysAgo": 62.33}, "epsRevisions": {"upLast7days": 0, "upLast30days": 0, "downLast30days": 0, "downLast90days": {}}}, {"maxAge": 1, "period": "+1y", "endDate": "2020-03-31", "growth": 0.094, "earningsEstimate": {"avg": 69.45, "low": 53.7, "high": 84.0, "yearAgoEps": 63.47, "numberOfAnalysts": 6, "growth": 0.094}, "revenueEstimate": {"avg": 56859000000, "low": 53508000000, "high": 61349000000, "numberOfAnalysts": 6, "yearAgoRevenue": 51115700000, "growth": 0.111999996}, "epsTrend": {"current": 69.45, "7daysAgo": 69.45, "30daysAgo": 69.45, "60daysAgo": 78.33, "90daysAgo": 80.86}, "epsRevisions": {"upLast7days": 0, "upLast30days": 0, "downLast30days": 0, "downLast90days": {}}}, {"maxAge": 1, "period": "+5y", "endDate": null, "growth": 0.41189998, "earningsEstimate": {"avg": {}, "low": {}, "high": {}, "yearAgoEps": {}, "numberOfAnalysts": {}, "growth": {}}, "revenueEstimate": {"avg": {}, "low": {}, "high": {}, "numberOfAnalysts": {}, "yearAgoRevenue": {}, "growth": {}}, "epsTrend": {"current": {}, "7daysAgo": {}, "30daysAgo": {}, "60daysAgo": {}, "90daysAgo": {}}, "epsRevisions": {"upLast7days": {}, "upLast30days": {}, "downLast30days": {}, "downLast90days": {}}}, {"maxAge": 1, "period": "-5y", "endDate": null, "growth": 0.1277, "earningsEstimate": {"avg": {}, "low": {}, "high": {}, "yearAgoEps": {}, "numberOfAnalysts": {}, "growth": {}}, "revenueEstimate": {"avg": {}, "low": {}, "high": {}, "numberOfAnalysts": {}, "yearAgoRevenue": {}, "growth": {}}, "epsTrend": {"current": {}, "7daysAgo": {}, "30daysAgo": {}, "60daysAgo": {}, "90daysAgo": {}}, "epsRevisions": {"upLast7days": {}, "upLast30days": {}, "downLast30days": {}, "downLast90days": {}}}], "maxAge": 1}, "institutionOwnership": {"maxAge": 1, "ownershipList": []}, "majorHoldersBreakdown": {"maxAge": 1, "insidersPercentHeld": 0.57913, "institutionsPercentHeld": 0.29404, "institutionsFloatPercentHeld": 0.69864, "institutionsCount": 64}, "balanceSheetHistoryQuarterly": {"balanceSheetStatements": [{"maxAge": 1, "endDate": "2020-12-31", "totalStockholderEquity": 33007410000, "netTangibleAssets": 32692795000}, {"maxAge": 1, "endDate": "2020-09-30", "cash": 10816845000, "shortTermInvestments": 4052401000, "netReceivables": 3450803000, "inventory": 6695735000, "otherCurrentAssets": 2087483000, "totalCurrentAssets": 27103267000, "longTermInvestments": 1245311000, "propertyPlantEquipment": 61593941000, "intangibleAssets": 314615000, "otherAssets": 1236052000, "totalAssets": 91493186000, "accountsPayable": 5258590000, "otherCurrentLiab": 11354726000, "longTermDebt": 29222356000, "otherLiab": 9150939000, "minorityInterest": -221914000, "totalCurrentLiabilities": 18467916000, "totalLiab": 58707690000, "commonStock": 772683000, "treasuryStock": 32234727000, "otherStockholderEquity": 32234727000, "totalStockholderEquity": 33007410000, "netTangibleAssets": 32692795000}, {"maxAge": 1, "endDate": "2020-06-30", "totalStockholderEquity": 30276833000, "netTangibleAssets": 30004348000}, {"maxAge": 1, "endDate": "2020-03-31", "cash": 385017000, "shortTermInvestments": 8112937000, "netReceivables": 3940125000, "inventory": 6904018000, "otherCurrentAssets": 2847758000, "totalCurrentAssets": 22345708000, "longTermInvestments": 448024000, "propertyPlantEquipment": 60567729000, "intangibleAssets": 272485000, "otherAssets": 1786391000, "totalAssets": 85420337000, "accountsPayable": 4917856000, "shortLongTermDebt": 3997087000, "otherCurrentLiab": 5844253000, "longTermDebt": 27035145000, "otherLiab": 8192778000, "minorityInterest": -202633000, "totalCurrentLiabilities": 18246889000, "totalLiab": 55346137000, "commonStock": 772683000, "retainedEarnings": 21135004000, "treasuryStock": 801180000, "capitalSurplus": 7567966000, "otherStockholderEquity": 801180000, "totalStockholderEquity": 30276833000, "netTangibleAssets": 30004348000}], "maxAge": 86400}, "earningsHistory": {"history": [{"maxAge": 1, "epsActual": 11.35, "epsEstimate": 13.41, "epsDifference": -2.06, "surprisePercent": -0.154, "quarter": "2017-06-30", "period": "-4q"}, {"maxAge": 1, "epsActual": 13.32, "epsEstimate": 7.7, "epsDifference": 5.62, "surprisePercent": 0.73, "quarter": "2017-09-30", "period": "-3q"}, {"maxAge": 1, "epsActual": 10.45, "epsEstimate": 10.27, "epsDifference": 0.18, "surprisePercent": 0.018, "quarter": "2017-12-31", "period": "-2q"}, {"maxAge": 1, "epsActual": 15.09, "epsEstimate": 10.15, "epsDifference": 4.94, "surprisePercent": 0.48700002, "quarter": "2018-03-31", "period": "-1q"}], "maxAge": 86400}, "summaryProfile": {"address1": "Kamla Tower", "city": "Kanpur", "zip": "208001", "country": "India", "phone": "91 51 2237 1478", "fax": "91 512 233 2665", "website": "http://www.jkcement.com", "industry": "Building Materials", "sector": "Basic Materials", "longBusinessSummary": "J.K. Cement Limited manufactures and sells cement and its related products in India and internationally. The company offers grey cement products, including ordinary Portland, Portland Pozzolana, weather shield cements, and Portland slag cements under the JK Super Cement brand name; cement products for concrete under the JK Super Strong Cement brand; and white cement for floors, walls, and decorative and architectural applications under the JK White Cement brand name. It also provides white cement based primer under the JK Primaxx brand; white cement for exterior/interior walls and ceilings, mosaic tiles, terrazzo flooring, and white cement based value-added products under the JK White Cement brand; gypsum plaster for application on walls and ceilings under the JK Cement GypsoMaxX brand; white cement based waterproof putty under the JK Cement ShieldMaxX brand; wall and floor adhesives, multipurpose adhesives, and white adhesives under the JK Cement TileMaxX brand; and white Portland cement under the JK Cement WhiteMaxX brand. In addition, the company imports, exports, and trades in cement clinker, limestone, etc. The company was founded in 1974 and is headquartered in Kanpur, India.", "fullTimeEmployees": 3678, "companyOfficers": [], "maxAge": 86400}, "netSharePurchaseActivity": {"maxAge": 1, "period": "6m", "buyInfoCount": 0, "buyInfoShares": 0, "sellInfoCount": 0, "netInfoCount": 0, "netInfoShares": 0, "netPercentInsiderShares": 0.0, "totalInsiderShares": 45181160}, "insiderTransactions": {"transactions": [{"maxAge": 1, "shares": 4000, "filerUrl": "", "transactionText": "Gift at price 0.00 per share.", "filerName": "Singhania (Kalpana)", "filerRelation": "Promoter", "moneyText": "", "startDate": "2021-03-30", "ownership": "D"}, {"maxAge": 1, "shares": 4000, "filerUrl": "", "transactionText": "Gift at price 0.00 per share.", "filerName": "Singhania (Nidhipati S.B.)", "filerRelation": "Promoter", "moneyText": "", "startDate": "2021-03-30", "ownership": "D"}, {"maxAge": 1, "shares": 3827740, "value": 154837441, "filerUrl": "", "transactionText": "Sale at price 40.45 per share.", "filerName": "Singhania (Abhishek)", "filerRelation": "Promoter", "moneyText": "", "startDate": "2021-03-12", "ownership": "D"}, {"maxAge": 1, "shares": 5000, "value": 180884, "filerUrl": "", "transactionText": "Sale at price 36.18 per share.", "filerName": "Singhania (Kalpana)", "filerRelation": "Promoter", "moneyText": "", "startDate": "2021-02-12", "ownership": "D"}, {"maxAge": 1, "shares": 10000, "value": 331577, "filerUrl": "", "transactionText": "Sale at price 33.16 per share.", "filerName": "Singhania (Kalpana)", "filerRelation": "Promoter", "moneyText": "", "startDate": "2021-02-11", "ownership": "D"}, {"maxAge": 1, "shares": 10000, "value": 327365, "filerUrl": "", "transactionText": "Sale at price 32.74 per share.", "filerName": "Singhania (Kalpana)", "filerRelation": "Promoter", "moneyText": "", "startDate": "2021-02-10", "ownership": "D"}, {"maxAge": 1, "shares": 5000, "filerUrl": "", "transactionText": "Gift at price 0.00 per share.", "filerName": "Singhania (Nidhipati S.B.)", "filerRelation": "UNREPORTED", "moneyText": "", "startDate": "2021-02-10", "ownership": "D"}, {"maxAge": 1, "shares": 4000000, "filerUrl": "", "transactionText": "Other at price 0.00 per share.", "filerName": "Singhania (Abhishek)", "filerRelation": "Promoter", "moneyText": "", "startDate": "2020-12-22", "ownership": "D"}, {"maxAge": 1, "shares": 3877740, "filerUrl": "", "transactionText": "Other at price 0.00 per share.", "filerName": "Singhania (Abhishek)", "filerRelation": "Promoter", "moneyText": "", "startDate": "2020-12-22", "ownership": "D"}, {"maxAge": 1, "shares": 500000, "filerUrl": "", "transactionText": "Other at price 0.00 per share.", "filerName": "Singhania (Kalpana)", "filerRelation": "Promoter", "moneyText": "", "startDate": "2020-12-22", "ownership": "D"}, {"maxAge": 1, "shares": 5305452, "filerUrl": "", "transactionText": "", "filerName": "Singhania (Kavita Y)", "filerRelation": "Promoter", "moneyText": "", "startDate": "2020-12-22", "ownership": "D"}, {"maxAge": 1, "shares": 15517049, "filerUrl": "", "transactionText": "Other at price 0.00 per share.", "filerName": "Singhania (Madhavkrishna)", "filerRelation": "Promoter", "moneyText": "", "startDate": "2020-12-22", "ownership": "D"}, {"maxAge": 1, "shares": 15267049, "filerUrl": "", "transactionText": "Other at price 0.00 per share.", "filerName": "Singhania (Madhavkrishna)", "filerRelation": "Promoter", "moneyText": "", "startDate": "2020-12-22", "ownership": "D"}, {"maxAge": 1, "shares": 500000, "filerUrl": "", "transactionText": "Other at price 0.00 per share.", "filerName": "Singhania (Manorama Devi)", "filerRelation": "Promoter", "moneyText": "", "startDate": "2020-12-22", "ownership": "D"}, {"maxAge": 1, "shares": 15517049, "filerUrl": "", "transactionText": "Other at price 0.00 per share.", "filerName": "Singhania (Raghavpat)", "filerRelation": "Promoter", "moneyText": "", "startDate": "2020-12-22", "ownership": "D"}, {"maxAge": 1, "shares": 15267049, "filerUrl": "", "transactionText": "Other at price 0.00 per share.", "filerName": "Singhania (Raghavpat)", "filerRelation": "Promoter", "moneyText": "", "startDate": "2020-12-22", "ownership": "D"}, {"maxAge": 1, "shares": 500000, "filerUrl": "", "transactionText": "Other at price 0.00 per share.", "filerName": "Singhania (Ramapati)", "filerRelation": "Promoter", "moneyText": "", "startDate": "2020-12-22", "ownership": "D"}, {"maxAge": 1, "shares": 3250000, "filerUrl": "", "transactionText": "Other at price 0.00 per share.", "filerName": "Singhania (Sushila Devi)", "filerRelation": "Promoter", "moneyText": "", "startDate": "2020-12-22", "ownership": "D"}, {"maxAge": 1, "shares": 31034518, "filerUrl": "", "transactionText": "", "filerName": "Yadu International Ltd", "filerRelation": "Promoter", "moneyText": "", "startDate": "2020-12-22", "ownership": "D"}, {"maxAge": 1, "shares": 12064198, "filerUrl": "", "transactionText": "", "filerName": "Sinehania (Late Shri Yaduoati)", "filerRelation": "UNREPORTED", "moneyText": "", "startDate": "2020-10-22", "ownership": "D"}, {"maxAge": 1, "shares": 13188396, "filerUrl": "", "transactionText": "", "filerName": "Singhania (Kavita Y)", "filerRelation": "Promoter", "moneyText": "", "startDate": "2020-10-22", "ownership": "D"}, {"maxAge": 1, "shares": 1124198, "filerUrl": "", "transactionText": "Other at price 0.00 per share.", "filerName": "Singhania (Kavita Y)", "filerRelation": "Promoter", "moneyText": "", "startDate": "2020-10-06", "ownership": "D"}, {"maxAge": 1, "shares": 200000, "value": 3602640, "filerUrl": "", "transactionText": "Other at price 18.01 per share.", "filerName": "Singhania (Sushila Devi)", "filerRelation": "Promoter", "moneyText": "", "startDate": "2020-06-29", "ownership": "D"}, {"maxAge": 1, "shares": 200000, "value": 3602640, "filerUrl": "", "transactionText": "Other at price 18.01 per share.", "filerName": "Yadu International Ltd", "filerRelation": "Promoter", "moneyText": "", "startDate": "2020-06-29", "ownership": "D"}, {"maxAge": 1, "shares": 635000, "filerUrl": "", "transactionText": "", "filerName": "Singhania (Sushila Devi)", "filerRelation": "Promoter", "moneyText": "", "startDate": "2019-11-28", "ownership": "D"}, {"maxAge": 1, "shares": 635000, "filerUrl": "", "transactionText": "", "filerName": "Yadu International Ltd", "filerRelation": "Promoter", "moneyText": "", "startDate": "2019-11-28", "ownership": "D"}, {"maxAge": 1, "shares": 30000, "filerUrl": "", "transactionText": "", "filerName": "J K Traders Ltd", "filerRelation": "Promoter", "moneyText": "", "startDate": "2017-09-08", "ownership": "D"}, {"maxAge": 1, "shares": 250000, "filerUrl": "", "transactionText": "", "filerName": "Yadu International Ltd", "filerRelation": "Promoter", "moneyText": "", "startDate": "2017-09-08", "ownership": "D"}, {"maxAge": 1, "shares": 210, "filerUrl": "", "transactionText": "", "filerName": "Singhania (Madhavkrishna)", "filerRelation": "UNREPORTED", "moneyText": "", "startDate": "2016-12-29", "ownership": "D"}, {"maxAge": 1, "shares": 420, "filerUrl": "", "transactionText": "", "filerName": "Singhania (Nidhipati S.B.)", "filerRelation": "Promoter", "moneyText": "", "startDate": "2016-12-29", "ownership": "D"}, {"maxAge": 1, "shares": 210, "filerUrl": "", "transactionText": "", "filerName": "Singhania (Raghavpat)", "filerRelation": "UNREPORTED", "moneyText": "", "startDate": "2016-12-29", "ownership": "D"}, {"maxAge": 1, "shares": 7544418, "filerUrl": "", "transactionText": "", "filerName": "Yadu International Ltd", "filerRelation": "Promoter", "moneyText": "", "startDate": "2016-11-11", "ownership": "D"}, {"maxAge": 1, "shares": 3841, "filerUrl": "", "transactionText": "", "filerName": "Singhania (Kavita Y)", "filerRelation": "Promoter", "moneyText": "", "startDate": "2015-10-20", "ownership": "D"}, {"maxAge": 1, "shares": 37500, "filerUrl": "", "transactionText": "", "filerName": "Juggilal Kamlapat Holding Ltd", "filerRelation": "Promoter", "moneyText": "", "startDate": "2015-10-14", "ownership": "D"}, {"maxAge": 1, "shares": 28500, "filerUrl": "", "transactionText": "", "filerName": "Juggilal Kamlapat Holding Ltd", "filerRelation": "Promoter", "moneyText": "", "startDate": "2015-08-14", "ownership": "D"}, {"maxAge": 1, "shares": 6712, "filerUrl": "", "transactionText": "", "filerName": "Juggilal Kamlapat Holding Ltd", "filerRelation": "Promoter", "moneyText": "", "startDate": "2014-03-13", "ownership": "D"}, {"maxAge": 1, "shares": 590302, "filerUrl": "", "transactionText": "", "filerName": "Juggilal Kamlapat Holding Ltd", "filerRelation": "Promoter", "moneyText": "", "startDate": "2014-03-12", "ownership": "D"}, {"maxAge": 1, "shares": 12980, "filerUrl": "", "transactionText": "", "filerName": "G H Securities Pvt Ltd", "filerRelation": "UNREPORTED", "moneyText": "", "startDate": "2014-03-05", "ownership": "D"}, {"maxAge": 1, "shares": 9960, "filerUrl": "", "transactionText": "", "filerName": "Yadu Securities Pvt Ltd", "filerRelation": "Promoter", "moneyText": "", "startDate": "2014-03-05", "ownership": "D"}, {"maxAge": 1, "shares": 2815, "filerUrl": "", "transactionText": "", "filerName": "Agarwal (K B)", "filerRelation": "UNREPORTED", "moneyText": "", "startDate": "2010-11-10", "ownership": "D"}, {"maxAge": 1, "shares": 1553, "filerUrl": "", "transactionText": "", "filerName": "Agarwal (K B)", "filerRelation": "UNREPORTED", "moneyText": "", "startDate": "2010-10-18", "ownership": "D"}, {"maxAge": 1, "shares": 500, "filerUrl": "", "transactionText": "", "filerName": "Agarwal (K B)", "filerRelation": "UNREPORTED", "moneyText": "", "startDate": "2010-10-14", "ownership": "D"}, {"maxAge": 1, "shares": 1500, "filerUrl": "", "transactionText": "", "filerName": "Agarwal (K B)", "filerRelation": "UNREPORTED", "moneyText": "", "startDate": "2010-10-13", "ownership": "D"}, {"maxAge": 1, "shares": 0, "filerUrl": "", "transactionText": "", "filerName": "Agarwal (K B)", "filerRelation": "UNREPORTED", "moneyText": "", "startDate": "2010-09-23", "ownership": "I"}, {"maxAge": 1, "shares": 232, "filerUrl": "", "transactionText": "", "filerName": "Agarwal (K B)", "filerRelation": "UNREPORTED", "moneyText": "", "startDate": "2010-09-22", "ownership": "D"}, {"maxAge": 1, "shares": 5000, "filerUrl": "", "transactionText": "", "filerName": "Agarwal (K B)", "filerRelation": "UNREPORTED", "moneyText": "", "startDate": "2010-09-21", "ownership": "D"}, {"maxAge": 1, "shares": 1310, "filerUrl": "", "transactionText": "", "filerName": "Agarwal (K B)", "filerRelation": "UNREPORTED", "moneyText": "", "startDate": "2010-09-20", "ownership": "D"}, {"maxAge": 1, "shares": 500, "filerUrl": "", "transactionText": "", "filerName": "Agarwal (K B)", "filerRelation": "UNREPORTED", "moneyText": "", "startDate": "2010-09-17", "ownership": "D"}, {"maxAge": 1, "shares": 2500, "filerUrl": "", "transactionText": "", "filerName": "Khandelwal (Radha)", "filerRelation": "UNREPORTED", "moneyText": "", "startDate": "2010-08-31", "ownership": "D"}, {"maxAge": 1, "shares": 50000, "filerUrl": "", "transactionText": "", "filerName": "Yadu International Ltd", "filerRelation": "Institution- Corporation", "moneyText": "", "startDate": "2009-11-30", "ownership": "D"}, {"maxAge": 1, "shares": 50009, "filerUrl": "", "transactionText": "", "filerName": "Yadu International Ltd", "filerRelation": "Institution- Corporation", "moneyText": "", "startDate": "2009-11-27", "ownership": "D"}, {"maxAge": 1, "shares": 90000, "filerUrl": "", "transactionText": "", "filerName": "Yadu International Ltd", "filerRelation": "Institution- Corporation", "moneyText": "", "startDate": "2009-11-24", "ownership": "D"}, {"maxAge": 1, "shares": 125000, "filerUrl": "", "transactionText": "", "filerName": "Juggilal Kamlapat Holding Ltd", "filerRelation": "Institution- Corporation", "moneyText": "", "startDate": "2009-11-23", "ownership": "D"}, {"maxAge": 1, "shares": 70000, "filerUrl": "", "transactionText": "", "filerName": "Juggilal Kamlapat Holding Ltd", "filerRelation": "Institution- Corporation", "moneyText": "", "startDate": "2009-09-16", "ownership": "D"}, {"maxAge": 1, "shares": 60000, "filerUrl": "", "transactionText": "", "filerName": "Juggilal Kamlapat Holding Ltd", "filerRelation": "Institution- Corporation", "moneyText": "", "startDate": "2009-09-10", "ownership": "D"}], "maxAge": 1}, "sectorTrend": {"maxAge": 1, "symbol": null, "estimates": []}, "incomeStatementHistoryQuarterly": {"incomeStatementHistory": [{"maxAge": 1, "endDate": "2020-12-31", "totalRevenue": 18327123000, "costOfRevenue": 6140370000, "grossProfit": 12186753000, "researchDevelopment": {}, "sellingGeneralAdministrative": 4905078000, "nonRecurring": {}, "otherOperatingExpenses": 2778407000, "totalOperatingExpenses": 14599395000, "operatingIncome": 3727728000, "totalOtherIncomeExpenseNet": -360932000, "ebit": 3727728000, "interestExpense": -663183000, "incomeBeforeTax": 3366796000, "incomeTaxExpense": 1193942000, "minorityInterest": {}, "netIncomeFromContinuingOps": 2172854000, "discontinuedOperations": {}, "extraordinaryItems": {}, "effectOfAccountingCharges": {}, "otherItems": {}, "netIncome": 2193798000, "netIncomeApplicableToCommonShares": 2193798000}, {"maxAge": 1, "endDate": "2020-09-30", "totalRevenue": 16343968000, "costOfRevenue": 5392977000, "grossProfit": 10950991000, "researchDevelopment": {}, "sellingGeneralAdministrative": 4207480000, "nonRecurring": {}, "otherOperatingExpenses": 2429297000, "totalOperatingExpenses": 12781473000, "operatingIncome": 3562495000, "totalOtherIncomeExpenseNet": -322265000, "ebit": 3562495000, "interestExpense": -607827000, "incomeBeforeTax": 3240230000, "incomeTaxExpense": 1024652000, "minorityInterest": -221914000, "netIncomeFromContinuingOps": 2215578000, "discontinuedOperations": {}, "extraordinaryItems": {}, "effectOfAccountingCharges": {}, "otherItems": {}, "netIncome": 2211507000, "netIncomeApplicableToCommonShares": 2211507000}, {"maxAge": 1, "endDate": "2020-06-30", "totalRevenue": 10048455000, "costOfRevenue": 3623350000, "grossProfit": 6425105000, "researchDevelopment": {}, "sellingGeneralAdministrative": 2881784000, "nonRecurring": {}, "otherOperatingExpenses": 1417529000, "totalOperatingExpenses": 8659213000, "operatingIncome": 1389242000, "totalOtherIncomeExpenseNet": -463824000, "ebit": 1389242000, "interestExpense": -665139000, "incomeBeforeTax": 925418000, "incomeTaxExpense": 425954000, "minorityInterest": -221914000, "netIncomeFromContinuingOps": 499464000, "discontinuedOperations": {}, "extraordinaryItems": {}, "effectOfAccountingCharges": {}, "otherItems": {}, "netIncome": 522816000, "netIncomeApplicableToCommonShares": 522816000}, {"maxAge": 1, "endDate": "2020-03-31", "totalRevenue": 15456516000, "costOfRevenue": 5910992000, "grossProfit": 9545524000, "researchDevelopment": {}, "sellingGeneralAdministrative": 4325259000, "nonRecurring": {}, "otherOperatingExpenses": 1376568000, "totalOperatingExpenses": 12338274000, "operatingIncome": 3118242000, "totalOtherIncomeExpenseNet": -711088000, "ebit": 3118242000, "interestExpense": -555992000, "incomeBeforeTax": 2407154000, "incomeTaxExpense": 798905000, "minorityInterest": -202633000, "netIncomeFromContinuingOps": 1608249000, "discontinuedOperations": {}, "extraordinaryItems": {}, "effectOfAccountingCharges": {}, "otherItems": {}, "netIncome": 1738529000, "netIncomeApplicableToCommonShares": 1738529000}], "maxAge": 86400}, "cashflowStatementHistoryQuarterly": {"cashflowStatements": [{"maxAge": 1, "endDate": "2020-12-31", "netIncome": 2193798000, "changeToLiabilities": 0}, {"maxAge": 1, "endDate": "2020-09-30", "netIncome": 2211507000, "changeToLiabilities": 0}, {"maxAge": 1, "endDate": "2020-06-30", "netIncome": 522816000, "changeToLiabilities": 0}, {"maxAge": 1, "endDate": "2020-03-31", "netIncome": 1738529000, "changeToLiabilities": 0}], "maxAge": 86400}, "earnings": {"maxAge": 86400, "earningsChart": {"quarterly": [{"date": "2Q2017", "actual": 11.35, "estimate": 13.41}, {"date": "3Q2017", "actual": 13.32, "estimate": 7.7}, {"date": "4Q2017", "actual": 10.45, "estimate": 10.27}, {"date": "1Q2018", "actual": 15.09, "estimate": 10.15}], "currentQuarterEstimate": 9.9, "currentQuarterEstimateDate": "2Q", "currentQuarterEstimateYear": 2018, "earningsDate": []}, "financialsChart": {"yearly": [{"date": 2017, "revenue": 40741447000, "earnings": 1777353000}, {"date": 2018, "revenue": 48535120000, "earnings": 2895750000}, {"date": 2019, "revenue": 52586804000, "earnings": 2703400000}, {"date": 2020, "revenue": 58016378000, "earnings": 4964211000}], "quarterly": [{"date": "1Q2020", "revenue": 15456516000, "earnings": 1738529000}, {"date": "2Q2020", "revenue": 10048455000, "earnings": 522816000}, {"date": "3Q2020", "revenue": 16343968000, "earnings": 2211507000}, {"date": "4Q2020", "revenue": 18327123000, "earnings": 2193798000}]}, "financialCurrency": "INR"}, "financialData": {"maxAge": 86400, "currentPrice": 2806.4, "targetHighPrice": 1343.0, "targetLowPrice": 954.0, "targetMeanPrice": 1163.53, "targetMedianPrice": 1153.0, "recommendationMean": 1.9, "recommendationKey": "buy", "numberOfAnalystOpinions": 17, "totalCash": 14869245952, "totalCashPerShare": 190.593, "ebitda": 14559988736, "totalDebt": 32943435776, "totalRevenue": 60176060416, "debtToEquity": 100.482, "revenuePerShare": 785.851, "grossProfits": 37379387000, "earningsGrowth": 0.748, "revenueGrowth": 0.245, "grossMargins": 0.64989996, "ebitdaMargins": 0.24195999, "operatingMargins": 0.19604999, "profitMargins": 0.10976, "financialCurrency": "INR"}}}