{"JKLAKSHMI.BO": {"recommendationTrend": {"trend": [{"period": "0m", "strongBuy": 0, "buy": 0, "hold": 0, "sell": 0, "strongSell": 0}, {"period": "-1m", "strongBuy": 0, "buy": 0, "hold": 0, "sell": 0, "strongSell": 0}, {"period": "-2m", "strongBuy": 0, "buy": 0, "hold": 0, "sell": 0, "strongSell": 0}, {"period": "-3m", "strongBuy": 0, "buy": 0, "hold": 0, "sell": 0, "strongSell": 0}], "maxAge": 86400}, "cashflowStatementHistory": {"cashflowStatements": [{"maxAge": 1, "endDate": "2020-03-31", "netIncome": 2480400000, "depreciation": 2185100000, "changeToNetincome": 2307700000, "changeToAccountReceivables": 116100000, "changeToLiabilities": 676000000, "changeToInventory": -1283300000, "totalCashFromOperatingActivities": 6495100000, "capitalExpenditures": -1046600000, "investments": -535300000, "otherCashflowsFromInvestingActivities": -344600000, "totalCashflowsFromInvestingActivities": -1866100000, "dividendsPaid": -376200000, "netBorrowings": -1538400000, "otherCashflowsFromFinancingActivities": -2581200000, "totalCashFromFinancingActivities": -4495800000, "changeInCash": 133200000}, {"maxAge": 1, "endDate": "2019-03-31", "netIncome": 512500000, "depreciation": 2104400000, "changeToNetincome": 1961200000, "changeToAccountReceivables": -231300000, "changeToLiabilities": 3215700000, "changeToInventory": 33800000, "totalCashFromOperatingActivities": 7602100000, "capitalExpenditures": -2108700000, "investments": 1285300000, "otherCashflowsFromInvestingActivities": 33300000, "totalCashflowsFromInvestingActivities": -771400000, "dividendsPaid": -93200000, "netBorrowings": -3975900000, "otherCashflowsFromFinancingActivities": -2691800000, "totalCashFromFinancingActivities": -6760900000, "changeInCash": 69800000}, {"maxAge": 1, "endDate": "2018-03-31", "netIncome": 552400000, "depreciation": 2068500000, "changeToNetincome": 1557900000, "changeToAccountReceivables": 197200000, "changeToLiabilities": 895700000, "changeToInventory": -344100000, "totalCashFromOperatingActivities": 4932000000, "capitalExpenditures": -1748800000, "investments": 1014900000, "otherCashflowsFromInvestingActivities": 21600000, "totalCashflowsFromInvestingActivities": -701500000, "dividendsPaid": -85000000, "netBorrowings": -1402900000, "otherCashflowsFromFinancingActivities": -2720100000, "totalCashFromFinancingActivities": -4208000000, "changeInCash": 22500000}, {"maxAge": 1, "endDate": "2017-03-31", "netIncome": 857600000, "depreciation": 1750000000, "changeToNetincome": 1226200000, "changeToAccountReceivables": 852400000, "changeToLiabilities": 20300000, "changeToInventory": -742500000, "totalCashFromOperatingActivities": 3964000000, "capitalExpenditures": -4800600000, "investments": -1785500000, "otherCashflowsFromInvestingActivities": 566300000, "totalCashflowsFromInvestingActivities": -6000700000, "dividendsPaid": -37500000, "netBorrowings": 4282900000, "otherCashflowsFromFinancingActivities": -2434700000, "totalCashFromFinancingActivities": 1810700000, "changeInCash": -226000000}], "maxAge": 86400}, "institutionOwnership": {"ownershipList": [], "maxAge": 1}, "balanceSheetHistoryQuarterly": {"balanceSheetStatements": [{"maxAge": 1, "endDate": "2020-06-30", "totalStockholderEquity": 16869400000, "netTangibleAssets": 16107700000}, {"maxAge": 1, "endDate": "2020-03-31", "cash": 30500000, "shortTermInvestments": 233100000, "netReceivables": 1523700000, "inventory": 4805600000, "otherCurrentAssets": 1416200000, "totalCurrentAssets": 12557100000, "longTermInvestments": 141300000, "propertyPlantEquipment": 36747800000, "goodWill": 723200000, "intangibleAssets": 38500000, "otherAssets": 1420100000, "deferredLongTermAssetCharges": 389500000, "totalAssets": 51628000000, "accountsPayable": 5101700000, "shortLongTermDebt": 5180400000, "otherCurrentLiab": 3791300000, "longTermDebt": 13641300000, "otherLiab": 4032100000, "deferredLongTermLiab": 18100000, "minorityInterest": -28700000, "totalCurrentLiabilities": 17020600000, "totalLiab": 34787300000, "commonStock": 588400000, "retainedEarnings": 14566100000, "treasuryStock": 828400000, "capitalSurplus": 886500000, "otherStockholderEquity": 828400000, "totalStockholderEquity": 16869400000, "netTangibleAssets": 16107700000}, {"maxAge": 1, "endDate": "2019-12-31", "totalStockholderEquity": 15726400000, "netTangibleAssets": 14956800000}, {"maxAge": 1, "endDate": "2019-09-30", "cash": 467900000, "shortTermInvestments": 3176600000, "netReceivables": 1896200000, "inventory": 4954400000, "otherCurrentAssets": 1798700000, "totalCurrentAssets": 12293800000, "longTermInvestments": 128900000, "propertyPlantEquipment": 36999900000, "goodWill": 723200000, "intangibleAssets": 46400000, "otherAssets": 1560500000, "deferredLongTermAssetCharges": 694200000, "totalAssets": 51752700000, "accountsPayable": 5900700000, "otherCurrentLiab": 10373900000, "longTermDebt": 14702800000, "otherLiab": 3951500000, "minorityInterest": -26400000, "totalCurrentLiabilities": 17398400000, "totalLiab": 36052700000, "commonStock": 588500000, "treasuryStock": 15137900000, "otherStockholderEquity": 15137900000, "totalStockholderEquity": 15726400000, "netTangibleAssets": 14956800000}], "maxAge": 86400}, "earningsHistory": {"history": [{"maxAge": 1, "epsActual": 0.73, "epsEstimate": 0.45, "epsDifference": 0.28, "surprisePercent": 0.622, "quarter": "2017-12-31", "period": "-4q"}, {"maxAge": 1, "epsActual": 2.88, "epsEstimate": 1.97, "epsDifference": 0.91, "surprisePercent": 0.462, "quarter": "2018-03-31", "period": "-3q"}, {"maxAge": 1, "epsActual": 1.17, "epsEstimate": 0.88, "epsDifference": 0.29, "surprisePercent": 0.33, "quarter": "2018-06-30", "period": "-2q"}, {"maxAge": 1, "epsActual": 0.66, "epsEstimate": 0.07, "epsDifference": 0.59, "surprisePercent": 8.429, "quarter": "2018-09-30", "period": "-1q"}], "maxAge": 86400}, "indexTrend": {"maxAge": 1, "symbol": "SP5", "peRatio": 19.7411, "pegRatio": 1.34172, "estimates": [{"period": "0q", "growth": 0.549}, {"period": "+1q", "growth": 0.431}, {"period": "0y", "growth": 0.305}, {"period": "+1y", "growth": 0.109}, {"period": "+5y", "growth": 0.120865}, {"period": "-5y"}]}, "industryTrend": {"maxAge": 1, "symbol": null, "estimates": []}, "insiderTransactions": {"transactions": [{"maxAge": 1, "shares": 43000, "value": 142523, "filerUrl": "", "transactionText": "Acquisition at price 3.31 per share.", "filerName": "Singhania (Vinita)", "filerRelation": "Executive Vice Chairman", "moneyText": "", "startDate": "2020-06-29", "ownership": "D"}, {"maxAge": 1, "shares": 17000, "value": 56346, "filerUrl": "", "transactionText": "Acquisition at price 3.31 per share.", "filerName": "Singhania (Harsh Pati)", "filerRelation": "UNREPORTED", "moneyText": "", "startDate": "2020-06-29", "ownership": "D"}, {"maxAge": 1, "shares": 52800, "value": 175005, "filerUrl": "", "transactionText": "Acquisition at price 3.31 per share.", "filerName": "Singhania (Bharat Hari) HUF", "filerRelation": "UNREPORTED", "moneyText": "", "startDate": "2020-06-29", "ownership": "D"}, {"maxAge": 1, "shares": 46400, "value": 153792, "filerUrl": "", "transactionText": "Acquisition at price 3.31 per share.", "filerName": "Singhania (Raghupati)", "filerRelation": "UNREPORTED", "moneyText": "", "startDate": "2020-06-29", "ownership": "D"}, {"maxAge": 1, "shares": 9600, "value": 31821, "filerUrl": "", "transactionText": "Acquisition at price 3.31 per share.", "filerName": "Singhania (Bharat Hari)", "filerRelation": "Executive Chairman", "moneyText": "", "startDate": "2020-06-29", "ownership": "D"}, {"maxAge": 1, "shares": 50000, "value": 165725, "filerUrl": "", "transactionText": "Acquisition at price 3.31 per share.", "filerName": "Singhania (Raghupati) HUF", "filerRelation": "UNREPORTED", "moneyText": "", "startDate": "2020-06-29", "ownership": "D"}, {"maxAge": 1, "shares": 26700, "value": 88497, "filerUrl": "", "transactionText": "Acquisition at price 3.31 per share.", "filerName": "Singhania (Anshuman)", "filerRelation": "UNREPORTED", "moneyText": "", "startDate": "2020-06-29", "ownership": "D"}, {"maxAge": 1, "shares": 26700, "value": 88497, "filerUrl": "", "transactionText": "Acquisition at price 3.31 per share.", "filerName": "Singhania (Shrivats)", "filerRelation": "UNREPORTED", "moneyText": "", "startDate": "2020-06-29", "ownership": "D"}, {"maxAge": 1, "shares": 17000, "value": 56346, "filerUrl": "", "transactionText": "Acquisition at price 3.31 per share.", "filerName": "Singhania (Vikrampati)", "filerRelation": "UNREPORTED", "moneyText": "", "startDate": "2020-06-29", "ownership": "D"}, {"maxAge": 1, "shares": 614200, "value": 2035765, "filerUrl": "", "transactionText": "Sale at price 3.31 per share.", "filerName": "Bengal & Assam Company Ltd", "filerRelation": "Promoter", "moneyText": "", "startDate": "2020-06-29", "ownership": "D"}, {"maxAge": 1, "shares": 4000, "filerUrl": "", "transactionText": "", "filerName": "Singhania (Shrivats)", "filerRelation": "UNREPORTED", "moneyText": "", "startDate": "2020-03-23", "ownership": "D"}, {"maxAge": 1, "shares": 13912, "filerUrl": "", "transactionText": "", "filerName": "Singhania (Vinita)", "filerRelation": "Executive Vice Chairman", "moneyText": "", "startDate": "2020-03-20", "ownership": "D"}, {"maxAge": 1, "shares": 17648, "filerUrl": "", "transactionText": "", "filerName": "Singhania (Raghupati)", "filerRelation": "Director (Executive)", "moneyText": "", "startDate": "2020-03-20", "ownership": "D"}, {"maxAge": 1, "shares": 7693, "filerUrl": "", "transactionText": "", "filerName": "Singhania (Harsh Pati)", "filerRelation": "UNREPORTED", "moneyText": "", "startDate": "2020-03-20", "ownership": "D"}, {"maxAge": 1, "shares": 16777, "filerUrl": "", "transactionText": "", "filerName": "Singhania (Vikrampati)", "filerRelation": "UNREPORTED", "moneyText": "", "startDate": "2020-03-20", "ownership": "D"}, {"maxAge": 1, "shares": 21326, "filerUrl": "", "transactionText": "", "filerName": "Singhania (Sunanda)", "filerRelation": "UNREPORTED", "moneyText": "", "startDate": "2020-03-19", "ownership": "D"}, {"maxAge": 1, "shares": 21088, "filerUrl": "", "transactionText": "", "filerName": "Singhania (Vinita)", "filerRelation": "Executive Vice Chairman", "moneyText": "", "startDate": "2020-03-19", "ownership": "D"}, {"maxAge": 1, "shares": 19307, "filerUrl": "", "transactionText": "", "filerName": "Singhania (Harsh Pati)", "filerRelation": "UNREPORTED", "moneyText": "", "startDate": "2020-03-19", "ownership": "D"}, {"maxAge": 1, "shares": 14087, "filerUrl": "", "transactionText": "", "filerName": "Singhania (Raghupati)", "filerRelation": "Director (Non-Executive)", "moneyText": "", "startDate": "2020-03-19", "ownership": "D"}, {"maxAge": 1, "shares": 19301, "filerUrl": "", "transactionText": "", "filerName": "Singhania (Vikrampati)", "filerRelation": "UNREPORTED", "moneyText": "", "startDate": "2020-03-19", "ownership": "D"}, {"maxAge": 1, "shares": 14000, "filerUrl": "", "transactionText": "", "filerName": "Singhania (Anshuman)", "filerRelation": "UNREPORTED", "moneyText": "", "startDate": "2020-03-18", "ownership": "D"}, {"maxAge": 1, "shares": 16089, "filerUrl": "", "transactionText": "", "filerName": "Singhania (Shrivats)", "filerRelation": "UNREPORTED", "moneyText": "", "startDate": "2020-03-18", "ownership": "D"}, {"maxAge": 1, "shares": 6000, "filerUrl": "", "transactionText": "", "filerName": "Singhania (Anshuman)", "filerRelation": "UNREPORTED", "moneyText": "", "startDate": "2020-03-17", "ownership": "D"}, {"maxAge": 1, "shares": 8922, "filerUrl": "", "transactionText": "", "filerName": "Singhania (Vikrampati)", "filerRelation": "UNREPORTED", "moneyText": "", "startDate": "2020-03-17", "ownership": "D"}, {"maxAge": 1, "shares": 18000, "filerUrl": "", "transactionText": "", "filerName": "Singhania (Harsh Pati)", "filerRelation": "UNREPORTED", "moneyText": "", "startDate": "2020-03-17", "ownership": "D"}, {"maxAge": 1, "shares": 35000, "filerUrl": "", "transactionText": "", "filerName": "Singhania (Vinita)", "filerRelation": "Executive Vice Chairman", "moneyText": "", "startDate": "2020-03-17", "ownership": "D"}, {"maxAge": 1, "shares": 3911, "filerUrl": "", "transactionText": "", "filerName": "Singhania (Shrivats)", "filerRelation": "UNREPORTED", "moneyText": "", "startDate": "2020-03-17", "ownership": "D"}, {"maxAge": 1, "shares": 43265, "filerUrl": "", "transactionText": "", "filerName": "Singhania (Raghupati)", "filerRelation": "Director (Non-Executive)", "moneyText": "", "startDate": "2020-03-17", "ownership": "D"}, {"maxAge": 1, "shares": 20000, "filerUrl": "", "transactionText": "", "filerName": "Singhania (Bharat Hari)", "filerRelation": "Executive Chairman", "moneyText": "", "startDate": "2020-03-17", "ownership": "D"}, {"maxAge": 1, "shares": 13674, "filerUrl": "", "transactionText": "", "filerName": "Singhania (Sunanda)", "filerRelation": "UNREPORTED", "moneyText": "", "startDate": "2020-03-17", "ownership": "D"}, {"maxAge": 1, "shares": 39100, "filerUrl": "", "transactionText": "", "filerName": "Singhania (Harsh Pati)", "filerRelation": "UNREPORTED", "moneyText": "", "startDate": "2019-06-28", "ownership": "D"}, {"maxAge": 1, "shares": 94000, "filerUrl": "", "transactionText": "", "filerName": "Singhania (Raghupati)", "filerRelation": "Director (Non-Executive)", "moneyText": "", "startDate": "2019-06-28", "ownership": "D"}, {"maxAge": 1, "shares": 78300, "filerUrl": "", "transactionText": "", "filerName": "Singhania (Vinita)", "filerRelation": "Executive Vice Chairman", "moneyText": "", "startDate": "2019-06-28", "ownership": "D"}, {"maxAge": 1, "shares": 13000, "filerUrl": "", "transactionText": "", "filerName": "Singhania (Shrivats)", "filerRelation": "UNREPORTED", "moneyText": "", "startDate": "2019-06-28", "ownership": "D"}, {"maxAge": 1, "shares": 26100, "filerUrl": "", "transactionText": "", "filerName": "Singhania (Bharat Hari)", "filerRelation": "Executive Chairman", "moneyText": "", "startDate": "2019-06-28", "ownership": "D"}, {"maxAge": 1, "shares": 13000, "filerUrl": "", "transactionText": "", "filerName": "Singhania (Anshuman)", "filerRelation": "UNREPORTED", "moneyText": "", "startDate": "2019-06-28", "ownership": "D"}, {"maxAge": 1, "shares": 10300, "filerUrl": "", "transactionText": "", "filerName": "Singhania (Sunanda)", "filerRelation": "UNREPORTED", "moneyText": "", "startDate": "2019-06-28", "ownership": "D"}, {"maxAge": 1, "shares": 39100, "filerUrl": "", "transactionText": "", "filerName": "Singhania (Vikrampati)", "filerRelation": "UNREPORTED", "moneyText": "", "startDate": "2019-06-28", "ownership": "D"}, {"maxAge": 1, "shares": 24656426, "filerUrl": "", "transactionText": "", "filerName": "Bengal & Assam Company Ltd", "filerRelation": "Promoter", "moneyText": "", "startDate": "2019-05-24", "ownership": "D"}, {"maxAge": 1, "shares": 135440, "filerUrl": "", "transactionText": "", "filerName": "Bengal & Assam Company Ltd", "filerRelation": "Promoter", "moneyText": "", "startDate": "2017-02-20", "ownership": "D"}, {"maxAge": 1, "shares": 2444569, "filerUrl": "", "transactionText": "", "filerName": "Life Insurance Corporation of India", "filerRelation": "Institution- Corporation", "moneyText": "", "startDate": "2014-12-22", "ownership": "D"}, {"maxAge": 1, "shares": 350000, "filerUrl": "", "transactionText": "", "filerName": "Bengal & Assam Company Ltd", "filerRelation": "Promoter", "moneyText": "", "startDate": "2013-12-13", "ownership": "D"}, {"maxAge": 1, "shares": 350000, "filerUrl": "", "transactionText": "", "filerName": "Bengal & Assam Company Ltd", "filerRelation": "Promoter", "moneyText": "", "startDate": "2013-12-12", "ownership": "D"}, {"maxAge": 1, "shares": 700000, "filerUrl": "", "transactionText": "", "filerName": "BMF Investment Ltd", "filerRelation": "Promoter", "moneyText": "", "startDate": "2013-12-12", "ownership": "D"}, {"maxAge": 1, "shares": 125000, "filerUrl": "", "transactionText": "", "filerName": "HDFC Standard Life Insurance Co Ltd", "filerRelation": "Institution- Corporation", "moneyText": "", "startDate": "2013-09-24", "ownership": "D"}, {"maxAge": 1, "shares": 2721767, "filerUrl": "", "transactionText": "", "filerName": "Life Insurance Corporation of India", "filerRelation": "Institution- Corporation", "moneyText": "", "startDate": "2012-11-26", "ownership": "D"}], "maxAge": 1}, "quoteType": {"exchange": "BSE", "quoteType": "EQUITY", "symbol": "JKLAKSHMI.BO", "underlyingSymbol": "JKLAKSHMI.BO", "shortName": "JK LAKSHMI CEMENT LTD.", "longName": "JK Lakshmi Cement Limited", "firstTradeDateEpochUtc": "2002-07-01 09:15:00", "timeZoneFullName": "Asia/Kolkata", "timeZoneShortName": "IST", "uuid": "65c025fd-889b-3663-9a82-f7d9453d0917", "gmtOffSetMilliseconds": 19800000, "maxAge": 1}, "incomeStatementHistory": {"incomeStatementHistory": [{"maxAge": 1, "endDate": "2020-03-31", "totalRevenue": 43640700000, "costOfRevenue": 8383000000, "grossProfit": 35257700000, "researchDevelopment": {}, "sellingGeneralAdministrative": 3613900000, "nonRecurring": {}, "otherOperatingExpenses": 23663300000, "totalOperatingExpenses": 37858400000, "operatingIncome": 5782300000, "totalOtherIncomeExpenseNet": -2092400000, "ebit": 5782300000, "interestExpense": -2214300000, "incomeBeforeTax": 3689900000, "incomeTaxExpense": 1160500000, "minorityInterest": -28700000, "netIncomeFromContinuingOps": 2529400000, "discontinuedOperations": {}, "extraordinaryItems": {}, "effectOfAccountingCharges": {}, "otherItems": {}, "netIncome": 2480400000, "netIncomeApplicableToCommonShares": 2480400000}, {"maxAge": 1, "endDate": "2019-03-31", "totalRevenue": 43163100000, "costOfRevenue": 9264900000, "grossProfit": 33898200000, "researchDevelopment": {}, "sellingGeneralAdministrative": 3179100000, "nonRecurring": {}, "otherOperatingExpenses": 26183000000, "totalOperatingExpenses": 40737200000, "operatingIncome": 2425900000, "totalOtherIncomeExpenseNet": -1937600000, "ebit": 2425900000, "interestExpense": -2507200000, "incomeBeforeTax": 488300000, "incomeTaxExpense": 82100000, "minorityInterest": -76000000, "netIncomeFromContinuingOps": 406200000, "discontinuedOperations": {}, "extraordinaryItems": {}, "effectOfAccountingCharges": {}, "otherItems": {}, "netIncome": 512500000, "netIncomeApplicableToCommonShares": 512500000}, {"maxAge": 1, "endDate": "2018-03-31", "totalRevenue": 37483600000, "costOfRevenue": 8946600000, "grossProfit": 28537000000, "researchDevelopment": {}, "sellingGeneralAdministrative": 2795900000, "nonRecurring": {}, "otherOperatingExpenses": 21423400000, "totalOperatingExpenses": 35238800000, "operatingIncome": 2244800000, "totalOtherIncomeExpenseNet": -1919900000, "ebit": 2244800000, "interestExpense": -2613800000, "incomeBeforeTax": 324900000, "incomeTaxExpense": -108700000, "minorityInterest": 12600000, "netIncomeFromContinuingOps": 433600000, "discontinuedOperations": {}, "extraordinaryItems": {}, "effectOfAccountingCharges": {}, "otherItems": {}, "netIncome": 552400000, "netIncomeApplicableToCommonShares": 552400000}, {"maxAge": 1, "endDate": "2017-03-31", "totalRevenue": 29215600000, "costOfRevenue": 8058400000, "grossProfit": 21157200000, "researchDevelopment": {}, "sellingGeneralAdministrative": 2287200000, "nonRecurring": {}, "otherOperatingExpenses": 15172700000, "totalOperatingExpenses": 27268300000, "operatingIncome": 1947300000, "totalOtherIncomeExpenseNet": -1152600000, "ebit": 1947300000, "interestExpense": -2425500000, "incomeBeforeTax": 794700000, "incomeTaxExpense": -77900000, "minorityInterest": 132400000, "netIncomeFromContinuingOps": 872600000, "discontinuedOperations": {}, "extraordinaryItems": {}, "effectOfAccountingCharges": {}, "otherItems": {}, "netIncome": 857600000, "netIncomeApplicableToCommonShares": 857600000}], "maxAge": 86400}, "fundOwnership": {"ownershipList": [], "maxAge": 1}, "summaryDetail": {"maxAge": 1, "priceHint": 2, "previousClose": 401.9, "open": 398.0, "dayLow": 398.0, "dayHigh": 412.0, "regularMarketPreviousClose": 401.9, "regularMarketOpen": 398.0, "regularMarketDayLow": 398.0, "regularMarketDayHigh": 412.0, "trailingPE": 19.168531, "forwardPE": 16.479132, "volume": 17719, "regularMarketVolume": 17719, "averageVolume": 29920, "averageVolume10days": 24245, "averageDailyVolume10Day": 24245, "bid": 402.65, "ask": 403.75, "bidSize": 0, "askSize": 0, "marketCap": 47476170752, "fiftyTwoWeekLow": 179.8, "fiftyTwoWeekHigh": 412.0, "fiftyDayAverage": 336.2985, "twoHundredDayAverage": 301.1783, "trailingAnnualDividendRate": 2.5, "trailingAnnualDividendYield": 0.006220453, "currency": "INR", "fromCurrency": null, "lastMarket": null, "algorithm": null, "tradeable": false}, "sectorTrend": {"maxAge": 1, "symbol": null, "estimates": []}, "incomeStatementHistoryQuarterly": {"incomeStatementHistory": [{"maxAge": 1, "endDate": "2020-06-30", "totalRevenue": 9115400000, "costOfRevenue": 3741400000, "grossProfit": 5374000000, "researchDevelopment": {}, "sellingGeneralAdministrative": 2626900000, "nonRecurring": {}, "otherOperatingExpenses": 1020800000, "totalOperatingExpenses": 7950500000, "operatingIncome": 1164900000, "totalOtherIncomeExpenseNet": -445000000, "ebit": 1164900000, "interestExpense": -515000000, "incomeBeforeTax": 719900000, "incomeTaxExpense": 213600000, "minorityInterest": {}, "netIncomeFromContinuingOps": 506300000, "discontinuedOperations": {}, "extraordinaryItems": {}, "effectOfAccountingCharges": {}, "otherItems": {}, "netIncome": 489200000, "netIncomeApplicableToCommonShares": 489200000}, {"maxAge": 1, "endDate": "2020-03-31", "totalRevenue": 11374700000, "costOfRevenue": -5889500000, "grossProfit": 17264200000, "researchDevelopment": {}, "sellingGeneralAdministrative": -5225500000, "nonRecurring": {}, "otherOperatingExpenses": 20150400000, "totalOperatingExpenses": 9623200000, "operatingIncome": 1751500000, "totalOtherIncomeExpenseNet": -345500000, "ebit": 1751500000, "interestExpense": -503000000, "incomeBeforeTax": 1406000000, "incomeTaxExpense": 419700000, "minorityInterest": -28700000, "netIncomeFromContinuingOps": 986300000, "discontinuedOperations": {}, "extraordinaryItems": {}, "effectOfAccountingCharges": {}, "otherItems": {}, "netIncome": 991500000, "netIncomeApplicableToCommonShares": 991500000}, {"maxAge": 1, "endDate": "2019-12-31", "totalRevenue": 10779200000, "costOfRevenue": 4921400000, "grossProfit": 5857800000, "researchDevelopment": {}, "sellingGeneralAdministrative": 2986300000, "nonRecurring": {}, "otherOperatingExpenses": 1100100000, "totalOperatingExpenses": 9571200000, "operatingIncome": 1208000000, "totalOtherIncomeExpenseNet": -437400000, "ebit": 1208000000, "interestExpense": -587200000, "incomeBeforeTax": 770600000, "incomeTaxExpense": 262200000, "minorityInterest": -28700000, "netIncomeFromContinuingOps": 508400000, "discontinuedOperations": {}, "extraordinaryItems": {}, "effectOfAccountingCharges": {}, "otherItems": {}, "netIncome": 504100000, "netIncomeApplicableToCommonShares": 504100000}, {"maxAge": 1, "endDate": "2019-09-30", "totalRevenue": 10123600000, "costOfRevenue": 4508100000, "grossProfit": 5615500000, "researchDevelopment": {}, "sellingGeneralAdministrative": 2748900000, "nonRecurring": {}, "otherOperatingExpenses": 1085700000, "totalOperatingExpenses": 8858500000, "operatingIncome": 1265100000, "totalOtherIncomeExpenseNet": -498600000, "ebit": 1265100000, "interestExpense": -556000000, "incomeBeforeTax": 766500000, "incomeTaxExpense": 269300000, "minorityInterest": -26400000, "netIncomeFromContinuingOps": 497200000, "discontinuedOperations": {}, "extraordinaryItems": {}, "effectOfAccountingCharges": {}, "otherItems": {}, "netIncome": 486700000, "netIncomeApplicableToCommonShares": 486700000}], "maxAge": 86400}, "cashflowStatementHistoryQuarterly": {"cashflowStatements": [{"maxAge": 1, "endDate": "2020-06-30", "netIncome": 489200000, "changeToLiabilities": 0}, {"maxAge": 1, "endDate": "2020-03-31", "netIncome": 991500000, "changeToLiabilities": 0}, {"maxAge": 1, "endDate": "2019-12-31", "netIncome": 504100000, "changeToLiabilities": 0}, {"maxAge": 1, "endDate": "2019-09-30", "netIncome": 486700000, "changeToLiabilities": 0}], "maxAge": 86400}, "insiderHolders": {"holders": [{"maxAge": 1, "name": "Bengal & Assam Company Ltd", "relation": "Promoter", "url": "", "transactionDescription": "Sale", "latestTransDate": "2020-06-29", "positionDirect": 52099121, "positionDirectDate": "2020-06-29"}, {"maxAge": 1, "name": "Singhania (Anshuman)", "relation": "UNREPORTED", "url": "", "transactionDescription": "Acquisition", "latestTransDate": "2020-06-29", "positionDirect": 144116, "positionDirectDate": "2020-06-29"}, {"maxAge": 1, "name": "Singhania (Bharat Hari)", "relation": "Executive Chairman", "url": "", "transactionDescription": "Acquisition", "latestTransDate": "2020-06-29", "positionDirect": 183646, "positionDirectDate": "2020-06-29"}, {"maxAge": 1, "name": "Singhania (Bharat Hari) HUF", "relation": "UNREPORTED", "url": "", "transactionDescription": "Acquisition", "latestTransDate": "2020-06-29", "positionDirect": 57558, "positionDirectDate": "2020-06-29"}, {"maxAge": 1, "name": "Singhania (Harsh Pati)", "relation": "UNREPORTED", "url": "", "transactionDescription": "Acquisition", "latestTransDate": "2020-06-29", "positionDirect": 158160, "positionDirectDate": "2020-06-29"}, {"maxAge": 1, "name": "Singhania (Raghupati)", "relation": "UNREPORTED", "url": "", "transactionDescription": "Acquisition", "latestTransDate": "2020-06-29", "positionDirect": 313032, "positionDirectDate": "2020-06-29"}, {"maxAge": 1, "name": "Singhania (Raghupati) HUF", "relation": "UNREPORTED", "url": "", "transactionDescription": "Acquisition", "latestTransDate": "2020-06-29", "positionDirect": 130316, "positionDirectDate": "2020-06-29"}, {"maxAge": 1, "name": "Singhania (Shrivats)", "relation": "UNREPORTED", "url": "", "transactionDescription": "Acquisition", "latestTransDate": "2020-06-29", "positionDirect": 140736, "positionDirectDate": "2020-06-29"}, {"maxAge": 1, "name": "Singhania (Vikrampati)", "relation": "UNREPORTED", "url": "", "transactionDescription": "Acquisition", "latestTransDate": "2020-06-29", "positionDirect": 157848, "positionDirectDate": "2020-06-29"}, {"maxAge": 1, "name": "Singhania (Vinita)", "relation": "Executive Vice Chairman", "url": "", "transactionDescription": "Acquisition", "latestTransDate": "2020-06-29", "positionDirect": 280058, "positionDirectDate": "2020-06-29"}], "maxAge": 1}, "earnings": {"maxAge": 86400, "earningsChart": {"quarterly": [{"date": "4Q2017", "actual": 0.73, "estimate": 0.45}, {"date": "1Q2018", "actual": 2.88, "estimate": 1.97}, {"date": "2Q2018", "actual": 1.17, "estimate": 0.88}, {"date": "3Q2018", "actual": 0.66, "estimate": 0.07}], "currentQuarterEstimateDate": "4Q", "currentQuarterEstimateYear": 2018, "earningsDate": []}, "financialsChart": {"yearly": [{"date": 2017, "revenue": 29215600000, "earnings": 857600000}, {"date": 2018, "revenue": 37483600000, "earnings": 552400000}, {"date": 2019, "revenue": 43163100000, "earnings": 512500000}, {"date": 2020, "revenue": 43640700000, "earnings": 2480400000}], "quarterly": [{"date": "3Q2019", "revenue": 10123600000, "earnings": 486700000}, {"date": "4Q2019", "revenue": 10779200000, "earnings": 504100000}, {"date": "1Q2020", "revenue": 11374700000, "earnings": 991500000}, {"date": "2Q2020", "revenue": 9115400000, "earnings": 489200000}]}, "financialCurrency": "INR"}, "calendarEvents": {"maxAge": 1, "earnings": {"earningsDate": [], "revenueAverage": 9304000000, "revenueLow": 9304000000, "revenueHigh": 9304000000}}, "upgradeDowngradeHistory": {"history": [], "maxAge": 86400}, "price": {"maxAge": 1, "regularMarketChangePercent": 0.002114969, "regularMarketChange": 0.8500061, "regularMarketTime": "2021-04-30 15:28:59", "priceHint": 2, "regularMarketPrice": 402.75, "regularMarketDayHigh": 412.0, "regularMarketDayLow": 398.0, "regularMarketVolume": 17719, "averageDailyVolume10Day": 24245, "averageDailyVolume3Month": 29920, "regularMarketPreviousClose": 401.9, "regularMarketSource": "FREE_REALTIME", "regularMarketOpen": 398.0, "exchange": "BSE", "exchangeName": "BSE", "exchangeDataDelayedBy": 0, "marketState": "CLOSED", "quoteType": "EQUITY", "symbol": "JKLAKSHMI.BO", "underlyingSymbol": null, "shortName": "JK LAKSHMI CEMENT LTD.", "longName": "JK Lakshmi Cement Limited", "currency": "INR", "quoteSourceName": "Delayed Quote", "currencySymbol": "\u20b9", "fromCurrency": null, "lastMarket": null, "marketCap": 47476170752}, "balanceSheetHistory": {"balanceSheetStatements": [{"maxAge": 1, "endDate": "2020-03-31", "cash": 30500000, "shortTermInvestments": 233100000, "netReceivables": 1523700000, "inventory": 4805600000, "otherCurrentAssets": 1416200000, "totalCurrentAssets": 12557100000, "longTermInvestments": 141300000, "propertyPlantEquipment": 36747800000, "goodWill": 723200000, "intangibleAssets": 38500000, "otherAssets": 1420100000, "deferredLongTermAssetCharges": 389500000, "totalAssets": 51628000000, "accountsPayable": 5101700000, "shortLongTermDebt": 5180400000, "otherCurrentLiab": 3791300000, "longTermDebt": 13641300000, "otherLiab": 4032100000, "deferredLongTermLiab": 18100000, "minorityInterest": -28700000, "totalCurrentLiabilities": 17020600000, "totalLiab": 34787300000, "commonStock": 588400000, "retainedEarnings": 14566100000, "treasuryStock": 828400000, "capitalSurplus": 886500000, "otherStockholderEquity": 828400000, "totalStockholderEquity": 16869400000, "netTangibleAssets": 16107700000}, {"maxAge": 1, "endDate": "2019-03-31", "cash": 28500000, "shortTermInvestments": 131700000, "netReceivables": 1233500000, "inventory": 3522300000, "otherCurrentAssets": 1398700000, "totalCurrentAssets": 10099800000, "longTermInvestments": 108100000, "propertyPlantEquipment": 37893900000, "goodWill": 723200000, "intangibleAssets": 51500000, "otherAssets": 1779800000, "deferredLongTermAssetCharges": 930800000, "totalAssets": 50656300000, "accountsPayable": 5448000000, "shortLongTermDebt": 4064200000, "otherCurrentLiab": 3310400000, "longTermDebt": 16665000000, "otherLiab": 3689900000, "deferredLongTermLiab": 22800000, "minorityInterest": -76000000, "totalCurrentLiabilities": 15531600000, "totalLiab": 35886500000, "commonStock": 588400000, "retainedEarnings": 12464600000, "treasuryStock": 906300000, "capitalSurplus": 886500000, "otherStockholderEquity": 906300000, "totalStockholderEquity": 14845800000, "netTangibleAssets": 14071100000}, {"maxAge": 1, "endDate": "2018-03-31", "cash": 44000000, "shortTermInvestments": 47500000, "netReceivables": 1112100000, "inventory": 3556100000, "otherCurrentAssets": 1267500000, "totalCurrentAssets": 10778100000, "longTermInvestments": 97200000, "propertyPlantEquipment": 37805600000, "goodWill": 705100000, "intangibleAssets": 37800000, "otherAssets": 1587000000, "deferredLongTermAssetCharges": 739700000, "totalAssets": 51010800000, "accountsPayable": 3287900000, "shortLongTermDebt": 2790600000, "otherCurrentLiab": 2777200000, "longTermDebt": 18471500000, "otherLiab": 3113600000, "deferredLongTermLiab": 30200000, "minorityInterest": 12600000, "totalCurrentLiabilities": 14977900000, "totalLiab": 36563000000, "commonStock": 588400000, "retainedEarnings": 12143600000, "treasuryStock": 816700000, "capitalSurplus": 886500000, "otherStockholderEquity": 816700000, "totalStockholderEquity": 14435200000, "netTangibleAssets": 13692300000}, {"maxAge": 1, "endDate": "2017-03-31", "cash": 25700000, "shortTermInvestments": 67300000, "netReceivables": 1010400000, "inventory": 3212000000, "otherCurrentAssets": 1552300000, "totalCurrentAssets": 11187500000, "longTermInvestments": 87600000, "propertyPlantEquipment": 37897800000, "goodWill": 705100000, "intangibleAssets": 19100000, "otherAssets": 1420400000, "deferredLongTermAssetCharges": 326700000, "totalAssets": 51317500000, "accountsPayable": 2775500000, "shortLongTermDebt": 2042500000, "otherCurrentLiab": 2750400000, "longTermDebt": 21062500000, "otherLiab": 2815700000, "deferredLongTermLiab": 37600000, "minorityInterest": 132400000, "totalCurrentLiabilities": 13297200000, "totalLiab": 37175400000, "commonStock": 588400000, "retainedEarnings": 11697500000, "treasuryStock": 837300000, "capitalSurplus": 886500000, "otherStockholderEquity": 837300000, "totalStockholderEquity": 14009700000, "netTangibleAssets": 13285500000}], "maxAge": 86400}, "earningsTrend": {"trend": [{"maxAge": 1, "period": "0q", "endDate": "2018-12-31", "growth": {}, "earningsEstimate": {"avg": 0.0, "low": 0.0, "high": 0.0, "yearAgoEps": 0.73, "numberOfAnalysts": 0, "growth": {}}, "revenueEstimate": {"avg": 9304000000, "low": 9304000000, "high": 9304000000, "numberOfAnalysts": 1, "yearAgoRevenue": 8374100000, "growth": 0.111}, "epsTrend": {"current": 0.0, "7daysAgo": 1.2, "30daysAgo": 1.2, "60daysAgo": 1.2, "90daysAgo": 1.2}, "epsRevisions": {"upLast7days": 0, "upLast30days": 0, "downLast30days": 0, "downLast90days": {}}}, {"maxAge": 1, "period": "+1q", "endDate": "2019-03-31", "growth": {}, "earningsEstimate": {"avg": 0.0, "low": 0.0, "high": 0.0, "yearAgoEps": 2.88, "numberOfAnalysts": 0, "growth": {}}, "revenueEstimate": {"avg": 9669500000, "low": 9335000000, "high": 10004000000, "numberOfAnalysts": 2, "yearAgoRevenue": 8969500000, "growth": 0.078}, "epsTrend": {"current": 0.0, "7daysAgo": 2.98, "30daysAgo": 2.98, "60daysAgo": 2.98, "90daysAgo": 2.98}, "epsRevisions": {"upLast7days": 0, "upLast30days": 0, "downLast30days": 0, "downLast90days": {}}}, {"maxAge": 1, "period": "0y", "endDate": "2019-03-31", "growth": {}, "earningsEstimate": {"avg": 0.0, "low": 0.0, "high": 0.0, "yearAgoEps": {}, "numberOfAnalysts": 0, "growth": {}}, "revenueEstimate": {"avg": 40398400000, "low": 35910300000, "high": 44720000000, "numberOfAnalysts": 6, "yearAgoRevenue": 34121500000, "growth": 0.184}, "epsTrend": {"current": 0.0, "7daysAgo": 5.35, "30daysAgo": 5.35, "60daysAgo": 5.35, "90daysAgo": 5.35}, "epsRevisions": {"upLast7days": 0, "upLast30days": 0, "downLast30days": 0, "downLast90days": {}}}, {"maxAge": 1, "period": "+1y", "endDate": "2020-03-31", "growth": {}, "earningsEstimate": {"avg": 0.0, "low": 0.0, "high": 0.0, "yearAgoEps": {}, "numberOfAnalysts": 0, "growth": {}}, "revenueEstimate": {"avg": 45107400000, "low": 39911200000, "high": 48644000000, "numberOfAnalysts": 6, "yearAgoRevenue": 40398400000, "growth": 0.117}, "epsTrend": {"current": 0.0, "7daysAgo": 17.89, "30daysAgo": 17.89, "60daysAgo": 17.89, "90daysAgo": 17.89}, "epsRevisions": {"upLast7days": 0, "upLast30days": 0, "downLast30days": 0, "downLast90days": {}}}, {"maxAge": 1, "period": "+5y", "endDate": null, "growth": 0.148, "earningsEstimate": {"avg": {}, "low": {}, "high": {}, "yearAgoEps": {}, "numberOfAnalysts": {}, "growth": {}}, "revenueEstimate": {"avg": {}, "low": {}, "high": {}, "numberOfAnalysts": {}, "yearAgoRevenue": {}, "growth": {}}, "epsTrend": {"current": {}, "7daysAgo": {}, "30daysAgo": {}, "60daysAgo": {}, "90daysAgo": {}}, "epsRevisions": {"upLast7days": {}, "upLast30days": {}, "downLast30days": {}, "downLast90days": {}}}, {"maxAge": 1, "period": "-5y", "endDate": null, "growth": {}, "earningsEstimate": {"avg": {}, "low": {}, "high": {}, "yearAgoEps": {}, "numberOfAnalysts": {}, "growth": {}}, "revenueEstimate": {"avg": {}, "low": {}, "high": {}, "numberOfAnalysts": {}, "yearAgoRevenue": {}, "growth": {}}, "epsTrend": {"current": {}, "7daysAgo": {}, "30daysAgo": {}, "60daysAgo": {}, "90daysAgo": {}}, "epsRevisions": {"upLast7days": {}, "upLast30days": {}, "downLast30days": {}, "downLast90days": {}}}], "maxAge": 1}, "financialData": {"maxAge": 86400, "currentPrice": 402.75, "targetHighPrice": 490.0, "targetLowPrice": 230.0, "targetMeanPrice": 341.53, "targetMedianPrice": 334.0, "recommendationKey": "none", "numberOfAnalystOpinions": 19, "grossProfits": 35257700000, "financialCurrency": "INR"}}}