{"JKTYRE.BO": {"recommendationTrend": {"trend": [{"period": "0m", "strongBuy": 0, "buy": 0, "hold": 0, "sell": 0, "strongSell": 0}, {"period": "-1m", "strongBuy": 0, "buy": 0, "hold": 0, "sell": 0, "strongSell": 0}, {"period": "-2m", "strongBuy": 0, "buy": 0, "hold": 0, "sell": 0, "strongSell": 0}, {"period": "-3m", "strongBuy": 0, "buy": 0, "hold": 0, "sell": 0, "strongSell": 0}], "maxAge": 86400}, "cashflowStatementHistory": {"cashflowStatements": [{"maxAge": 1, "endDate": "2020-03-31", "netIncome": 1507600000, "depreciation": 3759100000, "changeToNetincome": 3979100000, "changeToAccountReceivables": 2330600000, "changeToLiabilities": 1376400000, "changeToInventory": 484600000, "totalCashFromOperatingActivities": 13456600000, "capitalExpenditures": -2797800000, "investments": -141600000, "otherCashflowsFromInvestingActivities": 166500000, "totalCashflowsFromInvestingActivities": -4259100000, "dividendsPaid": -369300000, "netBorrowings": -3932400000, "otherCashflowsFromFinancingActivities": -5324000000, "totalCashFromFinancingActivities": -9625700000, "effectOfExchangeRate": -11200000, "changeInCash": -439400000}, {"maxAge": 1, "endDate": "2019-03-31", "netIncome": 1763400000, "depreciation": 3138100000, "changeToNetincome": 5324000000, "changeToAccountReceivables": -1506200000, "changeToLiabilities": 1639100000, "changeToInventory": -2408900000, "totalCashFromOperatingActivities": 7968100000, "capitalExpenditures": -5644200000, "investments": -235400000, "otherCashflowsFromInvestingActivities": 286000000, "totalCashflowsFromInvestingActivities": -2612800000, "dividendsPaid": -340200000, "netBorrowings": -1588400000, "otherCashflowsFromFinancingActivities": -5264400000, "totalCashFromFinancingActivities": -5215900000, "effectOfExchangeRate": 700000, "changeInCash": 140100000, "issuanceOfStock": 1977100000}, {"maxAge": 1, "endDate": "2018-03-31", "netIncome": 660400000, "depreciation": 2981100000, "changeToNetincome": 2840000000, "changeToAccountReceivables": 1425200000, "changeToLiabilities": -298400000, "changeToInventory": -1247400000, "totalCashFromOperatingActivities": 6374400000, "capitalExpenditures": -7447600000, "investments": -736600000, "otherCashflowsFromInvestingActivities": 311800000, "totalCashflowsFromInvestingActivities": -3944800000, "dividendsPaid": -567000000, "netBorrowings": 1236600000, "otherCashflowsFromFinancingActivities": -4755500000, "totalCashFromFinancingActivities": -4085900000, "effectOfExchangeRate": 5200000, "changeInCash": -1651100000, "issuanceOfStock": 1977100000}, {"maxAge": 1, "endDate": "2017-03-31", "netIncome": 3754000000, "depreciation": 2905900000, "changeToNetincome": 1506800000, "changeToAccountReceivables": -5004600000, "changeToLiabilities": 2332700000, "changeToInventory": -4445200000, "totalCashFromOperatingActivities": 1056900000, "capitalExpenditures": -2809400000, "investments": 600400000, "otherCashflowsFromInvestingActivities": 216600000, "totalCashflowsFromInvestingActivities": -8352700000, "dividendsPaid": -567000000, "netBorrowings": 13287200000, "otherCashflowsFromFinancingActivities": -4420700000, "totalCashFromFinancingActivities": 8299500000, "effectOfExchangeRate": -73800000, "changeInCash": 1282600000, "issuanceOfStock": 1977100000}], "maxAge": 86400}, "institutionOwnership": {"ownershipList": [], "maxAge": 1}, "balanceSheetHistoryQuarterly": {"balanceSheetStatements": [{"maxAge": 1, "endDate": "2020-06-30", "totalStockholderEquity": 23313500000, "netTangibleAssets": 21195200000}, {"maxAge": 1, "endDate": "2020-03-31", "cash": 654300000, "shortTermInvestments": 113600000, "netReceivables": 19677700000, "inventory": 16178400000, "otherCurrentAssets": 5135300000, "totalCurrentAssets": 42052500000, "longTermInvestments": 1402300000, "propertyPlantEquipment": 64483100000, "intangibleAssets": 2118300000, "otherAssets": 2845500000, "deferredLongTermAssetCharges": 769300000, "totalAssets": 112901700000, "accountsPayable": 16884100000, "shortLongTermDebt": 4246500000, "otherCurrentLiab": 4325900000, "longTermDebt": 31504200000, "otherLiab": 8345000000, "minorityInterest": 947100000, "totalCurrentLiabilities": 47339200000, "totalLiab": 88641100000, "commonStock": 492500000, "retainedEarnings": 19324700000, "treasuryStock": -1062900000, "capitalSurplus": 4559200000, "otherStockholderEquity": -1062900000, "totalStockholderEquity": 23313500000, "netTangibleAssets": 21195200000}, {"maxAge": 1, "endDate": "2019-12-31", "totalStockholderEquity": 24148100000, "netTangibleAssets": 21719300000}, {"maxAge": 1, "endDate": "2019-09-30", "cash": 1762200000, "shortTermInvestments": 1583000000, "netReceivables": 19753400000, "inventory": 14952500000, "otherCurrentAssets": 4929100000, "totalCurrentAssets": 42980200000, "longTermInvestments": 2145500000, "propertyPlantEquipment": 64164200000, "intangibleAssets": 2428800000, "otherAssets": 1777300000, "deferredLongTermAssetCharges": 568300000, "totalAssets": 113496000000, "accountsPayable": 14609300000, "otherCurrentLiab": 13627800000, "longTermDebt": 30658400000, "otherLiab": 9465400000, "minorityInterest": 997000000, "totalCurrentLiabilities": 48227100000, "totalLiab": 88350900000, "commonStock": 492400000, "treasuryStock": 23655700000, "otherStockholderEquity": 23655700000, "totalStockholderEquity": 24148100000, "netTangibleAssets": 21719300000}], "maxAge": 86400}, "earningsHistory": {"history": [{"maxAge": 1, "epsActual": -4.73, "epsEstimate": 4.35, "epsDifference": -9.08, "surprisePercent": -2.087, "quarter": "2017-06-30", "period": "-4q"}, {"maxAge": 1, "epsActual": 0.78, "epsEstimate": 1.2, "epsDifference": -0.42, "surprisePercent": -0.35, "quarter": "2017-09-30", "period": "-3q"}, {"maxAge": 1, "epsActual": 6.43, "epsEstimate": 3.9, "epsDifference": 2.53, "surprisePercent": 0.649, "quarter": "2018-03-31", "period": "-2q"}, {"maxAge": 1, "epsActual": 4.14, "epsEstimate": 4.2, "epsDifference": -0.06, "surprisePercent": -0.0139999995, "quarter": "2018-09-30", "period": "-1q"}], "maxAge": 86400}, "indexTrend": {"maxAge": 1, "symbol": "SP5", "peRatio": 19.7411, "pegRatio": 1.34172, "estimates": [{"period": "0q", "growth": 0.549}, {"period": "+1q", "growth": 0.431}, {"period": "0y", "growth": 0.305}, {"period": "+1y", "growth": 0.109}, {"period": "+5y", "growth": 0.120865}, {"period": "-5y"}]}, "industryTrend": {"maxAge": 1, "symbol": null, "estimates": []}, "insiderTransactions": {"transactions": [{"maxAge": 1, "shares": 7000000, "filerUrl": "", "transactionText": "", "filerName": "Edgefield Securities Ltd", "filerRelation": "Promoter", "moneyText": "", "startDate": "2020-08-25", "ownership": "D"}, {"maxAge": 1, "shares": 515000, "filerUrl": "", "transactionText": "", "filerName": "Singhania (Vinita)", "filerRelation": "Promoter", "moneyText": "", "startDate": "2019-12-30", "ownership": "D"}, {"maxAge": 1, "shares": 225000, "filerUrl": "", "transactionText": "", "filerName": "Singhania (Vikrampati)", "filerRelation": "Promoter", "moneyText": "", "startDate": "2019-12-30", "ownership": "D"}, {"maxAge": 1, "shares": 515000, "filerUrl": "", "transactionText": "", "filerName": "Singhania (Sunanda)", "filerRelation": "Director", "moneyText": "", "startDate": "2019-12-30", "ownership": "D"}, {"maxAge": 1, "shares": 75000, "filerUrl": "", "transactionText": "", "filerName": "Singhania (Srivats)", "filerRelation": "UNREPORTED", "moneyText": "", "startDate": "2019-12-30", "ownership": "D"}, {"maxAge": 1, "shares": 535000, "filerUrl": "", "transactionText": "", "filerName": "Singhania (Raghupati)", "filerRelation": "Chairman of the Board", "moneyText": "", "startDate": "2019-12-30", "ownership": "D"}, {"maxAge": 1, "shares": 225000, "filerUrl": "", "transactionText": "", "filerName": "Singhania (Harsh Pati)", "filerRelation": "Promoter", "moneyText": "", "startDate": "2019-12-30", "ownership": "D"}, {"maxAge": 1, "shares": 150000, "filerUrl": "", "transactionText": "", "filerName": "Singhania (Bharat Hari)", "filerRelation": "Managing Director", "moneyText": "", "startDate": "2019-12-30", "ownership": "D"}, {"maxAge": 1, "shares": 75000, "filerUrl": "", "transactionText": "", "filerName": "Singhania (Anshuman)", "filerRelation": "Wholetime Director", "moneyText": "", "startDate": "2019-12-30", "ownership": "D"}, {"maxAge": 1, "shares": 20000, "filerUrl": "", "transactionText": "", "filerName": "Somany (Shreekant)", "filerRelation": "Director", "moneyText": "", "startDate": "2018-07-27", "ownership": "D"}, {"maxAge": 1, "shares": 25000, "filerUrl": "", "transactionText": "", "filerName": "Singhania (Vikrampati)", "filerRelation": "Promoter", "moneyText": "", "startDate": "2017-08-18", "ownership": "D"}, {"maxAge": 1, "shares": 20000, "filerUrl": "", "transactionText": "", "filerName": "Singhania (Anshuman)", "filerRelation": "Wholetime Director", "moneyText": "", "startDate": "2017-08-18", "ownership": "D"}, {"maxAge": 1, "shares": 158745, "filerUrl": "", "transactionText": "", "filerName": "Singhania (Bharat Hari)", "filerRelation": "Managing Director", "moneyText": "", "startDate": "2017-08-17", "ownership": "D"}, {"maxAge": 1, "shares": 30000, "filerUrl": "", "transactionText": "", "filerName": "Singhania (Raghupati)", "filerRelation": "Chairman of the Board", "moneyText": "", "startDate": "2017-08-17", "ownership": "D"}, {"maxAge": 1, "shares": 227500, "filerUrl": "", "transactionText": "", "filerName": "Singhania (Bharat Hari)", "filerRelation": "Promoter", "moneyText": "", "startDate": "2015-01-12", "ownership": "D"}, {"maxAge": 1, "shares": 660000, "filerUrl": "", "transactionText": "", "filerName": "Singhania (Vinita)", "filerRelation": "Promoter", "moneyText": "", "startDate": "2015-01-12", "ownership": "D"}, {"maxAge": 1, "shares": 660000, "filerUrl": "", "transactionText": "", "filerName": "Singhania (Raghupati)", "filerRelation": "Promoter", "moneyText": "", "startDate": "2015-01-12", "ownership": "D"}, {"maxAge": 1, "shares": 112500, "filerUrl": "", "transactionText": "", "filerName": "Singhania (Sunanda)", "filerRelation": "Additonal Director", "moneyText": "", "startDate": "2014-08-12", "ownership": "D"}, {"maxAge": 1, "shares": 926019, "filerUrl": "", "transactionText": "", "filerName": "India Fund Inc", "filerRelation": "Investment Advisor", "moneyText": "", "startDate": "2011-02-11", "ownership": "D"}, {"maxAge": 1, "shares": 348933, "filerUrl": "", "transactionText": "", "filerName": "India Fund Inc", "filerRelation": "Investment Advisor", "moneyText": "", "startDate": "2010-03-05", "ownership": "D"}], "maxAge": 1}, "quoteType": {"exchange": "BSE", "quoteType": "EQUITY", "symbol": "JKTYRE.BO", "underlyingSymbol": "JKTYRE.BO", "shortName": "JK TYRE & INDUSTRIES LTD.", "longName": "JK Tyre &amp; Industries Limited", "firstTradeDateEpochUtc": "2002-07-01 09:15:00", "timeZoneFullName": "Asia/Kolkata", "timeZoneShortName": "IST", "uuid": "0651a377-f64b-3f30-8c49-1648f857ed6b", "gmtOffSetMilliseconds": 19800000, "maxAge": 1}, "incomeStatementHistory": {"incomeStatementHistory": [{"maxAge": 1, "endDate": "2020-03-31", "totalRevenue": 87249000000, "costOfRevenue": 53370100000, "grossProfit": 33878900000, "researchDevelopment": {}, "sellingGeneralAdministrative": 10844000000, "nonRecurring": {}, "otherOperatingExpenses": 13136700000, "totalOperatingExpenses": 81129100000, "operatingIncome": 6119900000, "totalOtherIncomeExpenseNet": -6364600000, "ebit": 6119900000, "interestExpense": -5443200000, "incomeBeforeTax": -244700000, "incomeTaxExpense": -1657800000, "minorityInterest": 947100000, "netIncomeFromContinuingOps": 1413100000, "discontinuedOperations": {}, "extraordinaryItems": {}, "effectOfAccountingCharges": {}, "otherItems": {}, "netIncome": 1507600000, "netIncomeApplicableToCommonShares": 1507600000}, {"maxAge": 1, "endDate": "2019-03-31", "totalRevenue": 103677600000, "costOfRevenue": 66846000000, "grossProfit": 36831600000, "researchDevelopment": {}, "sellingGeneralAdministrative": 11139500000, "nonRecurring": {}, "otherOperatingExpenses": 14551200000, "totalOperatingExpenses": 95693400000, "operatingIncome": 7984200000, "totalOtherIncomeExpenseNet": -5336800000, "ebit": 7984200000, "interestExpense": -5164400000, "incomeBeforeTax": 2647400000, "incomeTaxExpense": 941700000, "minorityInterest": 1362300000, "netIncomeFromContinuingOps": 1705700000, "discontinuedOperations": {}, "extraordinaryItems": {}, "effectOfAccountingCharges": {}, "otherItems": {}, "netIncome": 1763400000, "netIncomeApplicableToCommonShares": 1763400000}, {"maxAge": 1, "endDate": "2018-03-31", "totalRevenue": 82721000000, "costOfRevenue": 52497300000, "grossProfit": 30223700000, "researchDevelopment": {}, "sellingGeneralAdministrative": 10046900000, "nonRecurring": {}, "otherOperatingExpenses": 12807300000, "totalOperatingExpenses": 78344900000, "operatingIncome": 4376100000, "totalOtherIncomeExpenseNet": -3304000000, "ebit": 4376100000, "interestExpense": -4578200000, "incomeBeforeTax": 1072100000, "incomeTaxExpense": 438900000, "minorityInterest": 1420100000, "netIncomeFromContinuingOps": 633200000, "discontinuedOperations": {}, "extraordinaryItems": {}, "effectOfAccountingCharges": {}, "otherItems": {}, "netIncome": 660400000, "netIncomeApplicableToCommonShares": 660400000}, {"maxAge": 1, "endDate": "2017-03-31", "totalRevenue": 76893700000, "costOfRevenue": 43430600000, "grossProfit": 33463100000, "researchDevelopment": {}, "sellingGeneralAdministrative": 9948600000, "nonRecurring": {}, "otherOperatingExpenses": 12019400000, "totalOperatingExpenses": 68311800000, "operatingIncome": 8581900000, "totalOtherIncomeExpenseNet": -3217100000, "ebit": 8581900000, "interestExpense": -4312500000, "incomeBeforeTax": 5364800000, "incomeTaxExpense": 1554200000, "minorityInterest": 1450100000, "netIncomeFromContinuingOps": 3810600000, "discontinuedOperations": {}, "extraordinaryItems": {}, "effectOfAccountingCharges": {}, "otherItems": {}, "netIncome": 3754000000, "netIncomeApplicableToCommonShares": 3754000000}], "maxAge": 86400}, "fundOwnership": {"ownershipList": [{"maxAge": 1, "reportDate": "2020-07-31", "organization": "DFA Investment Dimensions-DFA Emerging Mkts Value", "pctHeld": 0.0025, "position": 607973, "value": 39487846}, {"maxAge": 1, "reportDate": "2020-07-31", "organization": "DFA Emerging Markets Core Equity Portfolio", "pctHeld": 0.0023999999, "position": 600174, "value": 38981301}, {"maxAge": 1, "reportDate": "2020-07-31", "organization": "DFA Emerging Markets Small Cap Series", "pctHeld": 0.0015, "position": 377147, "value": 24495697}, {"maxAge": 1, "reportDate": "2020-07-31", "organization": "DFA Investment Dimensions-World Ex U.S. Core Equity Port", "pctHeld": 0.0001, "position": 33904, "value": 2202064}, {"maxAge": 1, "reportDate": "2020-07-31", "organization": "DFA Investment Dimensions-Emerging Markets Social Core Equity", "pctHeld": 0.0001, "position": 33006, "value": 2143739}, {"maxAge": 1, "reportDate": "2020-07-31", "organization": "DFA T.A. World Ex U.S. Core Equity Portfolio", "pctHeld": 0.0001, "position": 29960, "value": 1945902}, {"maxAge": 1, "reportDate": "2020-07-31", "organization": "DFA Investment Dimensions-DFA World Ex U.S. Targeted Value Port", "pctHeld": 0.0001, "position": 17886, "value": 1161695}], "maxAge": 1}, "summaryDetail": {"maxAge": 1, "priceHint": 2, "previousClose": 116.85, "open": 119.0, "dayLow": 115.05, "dayHigh": 127.2, "regularMarketPreviousClose": 116.85, "regularMarketOpen": 119.0, "regularMarketDayLow": 115.05, "regularMarketDayHigh": 127.2, "forwardPE": 5.2233677, "volume": 245221, "regularMarketVolume": 245221, "averageVolume": 471467, "averageVolume10days": 829653, "averageDailyVolume10Day": 829653, "bid": 0.0, "ask": 0.0, "bidSize": 0, "askSize": 0, "marketCap": 29941690368, "fiftyTwoWeekLow": 31.5, "fiftyTwoWeekHigh": 146.75, "fiftyDayAverage": 90.05758, "twoHundredDayAverage": 72.17721, "trailingAnnualDividendRate": 0.7, "trailingAnnualDividendYield": 0.0059905862, "currency": "INR", "fromCurrency": null, "lastMarket": null, "algorithm": null, "tradeable": false}, "sectorTrend": {"maxAge": 1, "symbol": null, "estimates": []}, "incomeStatementHistoryQuarterly": {"incomeStatementHistory": [{"maxAge": 1, "endDate": "2020-06-30", "totalRevenue": 11308000000, "costOfRevenue": 7738200000, "grossProfit": 3569800000, "researchDevelopment": {}, "sellingGeneralAdministrative": 1752600000, "nonRecurring": {}, "otherOperatingExpenses": 1854800000, "totalOperatingExpenses": 12312600000, "operatingIncome": -1004600000, "totalOtherIncomeExpenseNet": -1581400000, "ebit": -1004600000, "interestExpense": -1305500000, "incomeBeforeTax": -2586000000, "incomeTaxExpense": -544300000, "minorityInterest": {}, "netIncomeFromContinuingOps": -2041700000, "discontinuedOperations": {}, "extraordinaryItems": {}, "effectOfAccountingCharges": {}, "otherItems": {}, "netIncome": -1988500000, "netIncomeApplicableToCommonShares": -1988500000}, {"maxAge": 1, "endDate": "2020-03-31", "totalRevenue": 17947600000, "costOfRevenue": 10253500000, "grossProfit": 7694100000, "researchDevelopment": {}, "sellingGeneralAdministrative": 3952300000, "nonRecurring": {}, "otherOperatingExpenses": 1645000000, "totalOperatingExpenses": 16873300000, "operatingIncome": 1074300000, "totalOtherIncomeExpenseNet": -1956600000, "ebit": 1074300000, "interestExpense": -1300900000, "incomeBeforeTax": -882300000, "incomeTaxExpense": -354500000, "minorityInterest": 947100000, "netIncomeFromContinuingOps": -527800000, "discontinuedOperations": {}, "extraordinaryItems": {}, "effectOfAccountingCharges": {}, "otherItems": {}, "netIncome": -472000000, "netIncomeApplicableToCommonShares": -472000000}, {"maxAge": 1, "endDate": "2019-12-31", "totalRevenue": 21998000000, "costOfRevenue": 13469700000, "grossProfit": 8528300000, "researchDevelopment": {}, "sellingGeneralAdministrative": 2377300000, "nonRecurring": {}, "otherOperatingExpenses": 3709400000, "totalOperatingExpenses": 20484500000, "operatingIncome": 1513500000, "totalOtherIncomeExpenseNet": -1294200000, "ebit": 1513500000, "interestExpense": -1361200000, "incomeBeforeTax": 219300000, "incomeTaxExpense": 116600000, "minorityInterest": 947100000, "netIncomeFromContinuingOps": 102700000, "discontinuedOperations": {}, "extraordinaryItems": {}, "effectOfAccountingCharges": {}, "otherItems": {}, "netIncome": 109500000, "netIncomeApplicableToCommonShares": 109500000}, {"maxAge": 1, "endDate": "2019-09-30", "totalRevenue": 21549500000, "costOfRevenue": 12506700000, "grossProfit": 9042800000, "researchDevelopment": {}, "sellingGeneralAdministrative": 2204900000, "nonRecurring": {}, "otherOperatingExpenses": 3874200000, "totalOperatingExpenses": 19501800000, "operatingIncome": 2047700000, "totalOtherIncomeExpenseNet": -1840700000, "ebit": 2047700000, "interestExpense": -1395700000, "incomeBeforeTax": 207000000, "incomeTaxExpense": -1470000000, "minorityInterest": 997000000, "netIncomeFromContinuingOps": 1677000000, "discontinuedOperations": {}, "extraordinaryItems": {}, "effectOfAccountingCharges": {}, "otherItems": {}, "netIncome": 1701000000, "netIncomeApplicableToCommonShares": 1701000000}], "maxAge": 86400}, "cashflowStatementHistoryQuarterly": {"cashflowStatements": [{"maxAge": 1, "endDate": "2020-06-30", "netIncome": -1988500000, "changeToLiabilities": 0}, {"maxAge": 1, "endDate": "2020-03-31", "netIncome": -472000000, "changeToLiabilities": 0}, {"maxAge": 1, "endDate": "2019-12-31", "netIncome": 109500000, "changeToLiabilities": 0}, {"maxAge": 1, "endDate": "2019-09-30", "netIncome": 1701000000, "changeToLiabilities": 0}], "maxAge": 86400}, "insiderHolders": {"holders": [{"maxAge": 1, "name": "Edgefield Securities Ltd", "relation": "Promoter", "url": "", "transactionDescription": "Sale", "latestTransDate": "2020-08-25", "positionDirect": 10437500, "positionDirectDate": "2020-08-25"}, {"maxAge": 1, "name": "Singhania (Anshuman)", "relation": "Wholetime Director", "url": "", "transactionDescription": "Acquisition", "latestTransDate": "2019-12-30", "positionDirect": 138375, "positionDirectDate": "2019-12-30"}, {"maxAge": 1, "name": "Singhania (Bharat Hari)", "relation": "Managing Director", "url": "", "transactionDescription": "Acquisition", "latestTransDate": "2019-12-30", "positionDirect": 923325, "positionDirectDate": "2019-12-30"}, {"maxAge": 1, "name": "Singhania (Harsh Pati)", "relation": "Promoter", "url": "", "transactionDescription": "Acquisition", "latestTransDate": "2019-12-30", "positionDirect": 296490, "positionDirectDate": "2019-12-30"}, {"maxAge": 1, "name": "Singhania (Raghupati)", "relation": "Chairman of the Board", "url": "", "transactionDescription": "Acquisition", "latestTransDate": "2019-12-30", "positionDirect": 1458990, "positionDirectDate": "2019-12-30"}, {"maxAge": 1, "name": "Singhania (Srivats)", "relation": "UNREPORTED", "url": "", "transactionDescription": "Acquisition", "latestTransDate": "2019-12-30", "positionDirect": 100875, "positionDirectDate": "2019-12-30"}, {"maxAge": 1, "name": "Singhania (Sunanda)", "relation": "Director", "url": "", "transactionDescription": "Acquisition", "latestTransDate": "2019-12-30", "positionDirect": 627500, "positionDirectDate": "2019-12-30"}, {"maxAge": 1, "name": "Singhania (Vikrampati)", "relation": "Promoter", "url": "", "transactionDescription": "Acquisition", "latestTransDate": "2019-12-30", "positionDirect": 296530, "positionDirectDate": "2019-12-30"}, {"maxAge": 1, "name": "Singhania (Vinita)", "relation": "Promoter", "url": "", "transactionDescription": "Acquisition", "latestTransDate": "2019-12-30", "positionDirect": 1231485, "positionDirectDate": "2019-12-30"}, {"maxAge": 1, "name": "Somany (Shreekant)", "relation": "Director", "url": "", "transactionDescription": "Acquisition", "latestTransDate": "2018-07-27", "positionDirect": 27500, "positionDirectDate": "2018-07-27"}], "maxAge": 1}, "earnings": {"maxAge": 86400, "earningsChart": {"quarterly": [{"date": "2Q2017", "actual": -4.73, "estimate": 4.35}, {"date": "3Q2017", "actual": 0.78, "estimate": 1.2}, {"date": "1Q2018", "actual": 6.43, "estimate": 3.9}, {"date": "3Q2018", "actual": 4.14, "estimate": 4.2}], "currentQuarterEstimateDate": "4Q", "currentQuarterEstimateYear": 2018, "earningsDate": ["2020-08-06 05:30:S"]}, "financialsChart": {"yearly": [{"date": 2017, "revenue": 76893700000, "earnings": 3754000000}, {"date": 2018, "revenue": 82721000000, "earnings": 660400000}, {"date": 2019, "revenue": 103677600000, "earnings": 1763400000}, {"date": 2020, "revenue": 87249000000, "earnings": 1507600000}], "quarterly": [{"date": "3Q2019", "revenue": 21549500000, "earnings": 1701000000}, {"date": "4Q2019", "revenue": 21998000000, "earnings": 109500000}, {"date": "1Q2020", "revenue": 17947600000, "earnings": -472000000}, {"date": "2Q2020", "revenue": 11308000000, "earnings": -1988500000}]}, "financialCurrency": "INR"}, "calendarEvents": {"maxAge": 1, "earnings": {"earningsDate": ["2020-08-06 05:30:S"]}}, "upgradeDowngradeHistory": {"history": [], "maxAge": 86400}, "price": {"maxAge": 1, "regularMarketChangePercent": 0.040650412, "regularMarketChange": 4.75, "regularMarketTime": "2021-04-30 15:53:14", "priceHint": 2, "regularMarketPrice": 121.6, "regularMarketDayHigh": 127.2, "regularMarketDayLow": 115.05, "regularMarketVolume": 245221, "averageDailyVolume10Day": 829653, "averageDailyVolume3Month": 471467, "regularMarketPreviousClose": 116.85, "regularMarketSource": "FREE_REALTIME", "regularMarketOpen": 119.0, "exchange": "BSE", "exchangeName": "BSE", "exchangeDataDelayedBy": 0, "marketState": "CLOSED", "quoteType": "EQUITY", "symbol": "JKTYRE.BO", "underlyingSymbol": null, "shortName": "JK TYRE & INDUSTRIES LTD.", "longName": "JK Tyre &amp; Industries Limited", "currency": "INR", "quoteSourceName": "Delayed Quote", "currencySymbol": "\u20b9", "fromCurrency": null, "lastMarket": null, "marketCap": 29941690368}, "balanceSheetHistory": {"balanceSheetStatements": [{"maxAge": 1, "endDate": "2020-03-31", "cash": 654300000, "shortTermInvestments": 113600000, "netReceivables": 19677700000, "inventory": 16178400000, "otherCurrentAssets": 5135300000, "totalCurrentAssets": 42052500000, "longTermInvestments": 1402300000, "propertyPlantEquipment": 64483100000, "intangibleAssets": 2118300000, "otherAssets": 2845500000, "deferredLongTermAssetCharges": 769300000, "totalAssets": 112901700000, "accountsPayable": 16884100000, "shortLongTermDebt": 4246500000, "otherCurrentLiab": 4325900000, "longTermDebt": 31504200000, "otherLiab": 8345000000, "minorityInterest": 947100000, "totalCurrentLiabilities": 47339200000, "totalLiab": 88641100000, "commonStock": 492500000, "retainedEarnings": 19324700000, "treasuryStock": -1062900000, "capitalSurplus": 4559200000, "otherStockholderEquity": -1062900000, "totalStockholderEquity": 23313500000, "netTangibleAssets": 21195200000}, {"maxAge": 1, "endDate": "2019-03-31", "cash": 1093300000, "shortTermInvestments": 221700000, "netReceivables": 20961800000, "inventory": 16890900000, "otherCurrentAssets": 4972800000, "totalCurrentAssets": 44457800000, "longTermInvestments": 1311700000, "propertyPlantEquipment": 62445900000, "intangibleAssets": 2468500000, "otherAssets": 2480200000, "deferredLongTermAssetCharges": 475900000, "totalAssets": 113164100000, "accountsPayable": 15990200000, "shortLongTermDebt": 5360600000, "otherCurrentLiab": 3155700000, "longTermDebt": 33171600000, "otherLiab": 9392900000, "minorityInterest": 1362300000, "totalCurrentLiabilities": 46393300000, "totalLiab": 88957800000, "commonStock": 492500000, "retainedEarnings": 18345100000, "treasuryStock": -552800000, "capitalSurplus": 4559200000, "otherStockholderEquity": -552800000, "totalStockholderEquity": 22844000000, "netTangibleAssets": 20375500000}, {"maxAge": 1, "endDate": "2018-03-31", "cash": 953200000, "shortTermInvestments": 370700000, "netReceivables": 16826800000, "inventory": 14484700000, "otherCurrentAssets": 4740600000, "totalCurrentAssets": 37744400000, "longTermInvestments": 1282200000, "propertyPlantEquipment": 61834400000, "intangibleAssets": 2614600000, "otherAssets": 2199000000, "deferredLongTermAssetCharges": 326200000, "totalAssets": 105674600000, "accountsPayable": 11653800000, "shortLongTermDebt": 8226300000, "otherCurrentLiab": 3203100000, "longTermDebt": 31264500000, "otherLiab": 8563000000, "minorityInterest": 1420100000, "totalCurrentLiabilities": 44816000000, "totalLiab": 84643500000, "commonStock": 453600000, "retainedEarnings": 16991800000, "treasuryStock": -463200000, "capitalSurplus": 2628800000, "otherStockholderEquity": -463200000, "totalStockholderEquity": 19611000000, "netTangibleAssets": 16996400000}, {"maxAge": 1, "endDate": "2017-03-31", "cash": 2604300000, "shortTermInvestments": 1893600000, "netReceivables": 18965100000, "inventory": 13204200000, "otherCurrentAssets": 3670800000, "totalCurrentAssets": 40578400000, "longTermInvestments": 731500000, "propertyPlantEquipment": 61068800000, "intangibleAssets": 69400000, "otherAssets": 1903800000, "deferredLongTermAssetCharges": 401900000, "totalAssets": 104351900000, "accountsPayable": 12137400000, "shortLongTermDebt": 2785900000, "otherCurrentLiab": 3161100000, "longTermDebt": 35703200000, "otherLiab": 8885200000, "minorityInterest": 1450100000, "totalCurrentLiabilities": 38665600000, "totalLiab": 83254000000, "commonStock": 453600000, "retainedEarnings": 16836800000, "treasuryStock": -271400000, "capitalSurplus": 2628800000, "otherStockholderEquity": -271400000, "totalStockholderEquity": 19647800000, "netTangibleAssets": 19578400000}], "maxAge": 86400}, "earningsTrend": {"trend": [{"maxAge": 1, "period": "0q", "endDate": "2018-12-31", "growth": {}, "earningsEstimate": {"avg": 0.0, "low": 0.0, "high": 0.0, "yearAgoEps": -4.73, "numberOfAnalysts": 0, "growth": {}}, "revenueEstimate": {"avg": 0, "low": 0, "high": 0, "numberOfAnalysts": 0, "yearAgoRevenue": {}, "growth": {}}, "epsTrend": {"current": 0.0, "7daysAgo": 0.0, "30daysAgo": 0.0, "60daysAgo": 0.0, "90daysAgo": 0.0}, "epsRevisions": {"upLast7days": 0, "upLast30days": 0, "downLast30days": 0, "downLast90days": {}}}, {"maxAge": 1, "period": "+1q", "endDate": "2019-03-31", "growth": {}, "earningsEstimate": {"avg": 0.0, "low": 0.0, "high": 0.0, "yearAgoEps": 0.78, "numberOfAnalysts": 0, "growth": {}}, "revenueEstimate": {"avg": 0, "low": 0, "high": 0, "numberOfAnalysts": 0, "yearAgoRevenue": {}, "growth": {}}, "epsTrend": {"current": 0.0, "7daysAgo": 0.0, "30daysAgo": 0.0, "60daysAgo": 0.0, "90daysAgo": 0.0}, "epsRevisions": {"upLast7days": 0, "upLast30days": 0, "downLast30days": 0, "downLast90days": {}}}, {"maxAge": 1, "period": "0y", "endDate": "2019-03-31", "growth": {}, "earningsEstimate": {"avg": 0.0, "low": 0.0, "high": 0.0, "yearAgoEps": {}, "numberOfAnalysts": 0, "growth": {}}, "revenueEstimate": {"avg": 99038800000, "low": 96350000000, "high": 103559000000, "numberOfAnalysts": 5, "yearAgoRevenue": 82721000000, "growth": 0.19700001}, "epsTrend": {"current": 0.0, "7daysAgo": 14.68, "30daysAgo": 14.68, "60daysAgo": 14.68, "90daysAgo": 14.68}, "epsRevisions": {"upLast7days": 0, "upLast30days": 1, "downLast30days": 0, "downLast90days": {}}}, {"maxAge": 1, "period": "+1y", "endDate": "2020-03-31", "growth": {}, "earningsEstimate": {"avg": 0.0, "low": 0.0, "high": 0.0, "yearAgoEps": {}, "numberOfAnalysts": 0, "growth": {}}, "revenueEstimate": {"avg": 110165000000, "low": 106614000000, "high": 113910000000, "numberOfAnalysts": 5, "yearAgoRevenue": 99038800000, "growth": 0.111999996}, "epsTrend": {"current": 0.0, "7daysAgo": 20.68, "30daysAgo": 20.68, "60daysAgo": 20.68, "90daysAgo": 20.68}, "epsRevisions": {"upLast7days": 0, "upLast30days": 1, "downLast30days": 0, "downLast90days": {}}}, {"maxAge": 1, "period": "+5y", "endDate": null, "growth": 0.22700001, "earningsEstimate": {"avg": {}, "low": {}, "high": {}, "yearAgoEps": {}, "numberOfAnalysts": {}, "growth": {}}, "revenueEstimate": {"avg": {}, "low": {}, "high": {}, "numberOfAnalysts": {}, "yearAgoRevenue": {}, "growth": {}}, "epsTrend": {"current": {}, "7daysAgo": {}, "30daysAgo": {}, "60daysAgo": {}, "90daysAgo": {}}, "epsRevisions": {"upLast7days": {}, "upLast30days": {}, "downLast30days": {}, "downLast90days": {}}}, {"maxAge": 1, "period": "-5y", "endDate": null, "growth": {}, "earningsEstimate": {"avg": {}, "low": {}, "high": {}, "yearAgoEps": {}, "numberOfAnalysts": {}, "growth": {}}, "revenueEstimate": {"avg": {}, "low": {}, "high": {}, "numberOfAnalysts": {}, "yearAgoRevenue": {}, "growth": {}}, "epsTrend": {"current": {}, "7daysAgo": {}, "30daysAgo": {}, "60daysAgo": {}, "90daysAgo": {}}, "epsRevisions": {"upLast7days": {}, "upLast30days": {}, "downLast30days": {}, "downLast90days": {}}}], "maxAge": 1}, "financialData": {"maxAge": 86400, "currentPrice": 121.6, "targetHighPrice": 175.0, "targetLowPrice": 100.0, "targetMeanPrice": 138.0, "targetMedianPrice": 138.0, "recommendationKey": "none", "numberOfAnalystOpinions": 5, "grossProfits": 33878900000, "financialCurrency": "INR"}}}