{"JLMORI.BO": {"cashflowStatementHistory": {"cashflowStatements": [{"maxAge": 1, "endDate": "2020-03-31", "netIncome": 41600000, "depreciation": 13029000, "changeToNetincome": -58857000, "changeToAccountReceivables": -6203000, "changeToLiabilities": 52632000, "changeToInventory": -23216000, "changeToOperatingActivities": -17263000, "totalCashFromOperatingActivities": 1722000, "capitalExpenditures": -1796000, "investments": -115917000, "otherCashflowsFromInvestingActivities": 92994000, "totalCashflowsFromInvestingActivities": -23213000, "dividendsPaid": -1648000, "netBorrowings": -9229000, "otherCashflowsFromFinancingActivities": -825000, "totalCashFromFinancingActivities": -11702000, "changeInCash": -33193000}, {"maxAge": 1, "endDate": "2019-03-31", "netIncome": 72704000, "depreciation": 10516000, "changeToNetincome": -49484000, "changeToAccountReceivables": -10614000, "changeToLiabilities": 3418000, "changeToInventory": -46931000, "changeToOperatingActivities": 17627000, "totalCashFromOperatingActivities": -90000, "capitalExpenditures": -8106000, "investments": 30877000, "otherCashflowsFromInvestingActivities": -64548000, "totalCashflowsFromInvestingActivities": -41760000, "dividendsPaid": -1643000, "netBorrowings": -8723000, "otherCashflowsFromFinancingActivities": -744000, "totalCashFromFinancingActivities": -11110000, "changeInCash": -52960000}, {"maxAge": 1, "endDate": "2018-03-31", "netIncome": 96426000, "depreciation": 10877000, "changeToNetincome": -78602000, "changeToAccountReceivables": 7099000, "changeToLiabilities": 35200000, "changeToInventory": 101949000, "changeToOperatingActivities": 16249000, "totalCashFromOperatingActivities": 191872000, "capitalExpenditures": -16353000, "investments": -203561000, "otherCashflowsFromInvestingActivities": 79278000, "totalCashflowsFromInvestingActivities": -99234000, "dividendsPaid": -1643000, "netBorrowings": 7836000, "otherCashflowsFromFinancingActivities": -546000, "totalCashFromFinancingActivities": 5647000, "changeInCash": 98300000}, {"maxAge": 1, "endDate": "2017-03-31", "netIncome": 18851000, "depreciation": 12000000, "changeToNetincome": -42665000, "changeToAccountReceivables": 58373000, "changeToLiabilities": -22826000, "changeToInventory": -21481000, "changeToOperatingActivities": 48474000, "totalCashFromOperatingActivities": 53400000, "capitalExpenditures": -3723000, "investments": -24360000, "otherCashflowsFromInvestingActivities": -7807000, "totalCashflowsFromInvestingActivities": -35483000, "dividendsPaid": -1669000, "netBorrowings": -5709000, "otherCashflowsFromFinancingActivities": -580000, "totalCashFromFinancingActivities": -7958000, "changeInCash": 9959000}], "maxAge": 86400}, "institutionOwnership": {"maxAge": 1, "ownershipList": []}, "balanceSheetHistoryQuarterly": {"balanceSheetStatements": [{"maxAge": 1, "endDate": "2020-03-31", "cash": 132552000, "netReceivables": 74035000, "inventory": 156950000, "otherCurrentAssets": 40012000, "totalCurrentAssets": 403549000, "longTermInvestments": 1013396000, "propertyPlantEquipment": 168424000, "otherAssets": 121215000, "totalAssets": 1706584000, "accountsPayable": 136162000, "otherCurrentLiab": 49865000, "longTermDebt": 2284000, "otherLiab": 41668000, "totalCurrentLiabilities": 194534000, "totalLiab": 238486000, "commonStock": 13650000, "treasuryStock": 1454448000, "otherStockholderEquity": 1454448000, "totalStockholderEquity": 1468098000, "netTangibleAssets": 1468098000}, {"maxAge": 1, "endDate": "2019-12-31", "totalStockholderEquity": 1571760000, "netTangibleAssets": 1570091000}, {"maxAge": 1, "endDate": "2019-09-30", "cash": 128717000, "shortTermInvestments": 98668000, "netReceivables": 70833000, "inventory": 128796000, "otherCurrentAssets": 45182000, "totalCurrentAssets": 472196000, "longTermInvestments": 1048047000, "propertyPlantEquipment": 171451000, "intangibleAssets": 1669000, "otherAssets": 94024000, "totalAssets": 1787387000, "accountsPayable": 126292000, "shortLongTermDebt": 1596000, "otherCurrentLiab": 31508000, "longTermDebt": 2983000, "otherLiab": 48980000, "totalCurrentLiabilities": 163664000, "totalLiab": 215627000, "commonStock": 13650000, "treasuryStock": 1558110000, "otherStockholderEquity": 1558110000, "totalStockholderEquity": 1571760000, "netTangibleAssets": 1570091000}, {"maxAge": 1, "endDate": "2019-06-30", "totalStockholderEquity": 1572826000, "netTangibleAssets": 1569816000}], "maxAge": 86400}, "indexTrend": {"maxAge": 1, "symbol": "SP5", "peRatio": 19.7411, "pegRatio": 1.34172, "estimates": [{"period": "0q", "growth": 0.549}, {"period": "+1q", "growth": 0.431}, {"period": "0y", "growth": 0.305}, {"period": "+1y", "growth": 0.109}, {"period": "+5y", "growth": 0.120859005}, {"period": "-5y"}]}, "insiderTransactions": {"transactions": [{"maxAge": 1, "shares": 5217, "filerUrl": "", "transactionText": "", "filerName": "Sunlight Marketing Services Pvt. Ltd.", "filerRelation": "Institution- Corporation", "moneyText": "", "startDate": "2016-12-26", "ownership": "D"}, {"maxAge": 1, "shares": 6141, "filerUrl": "", "transactionText": "", "filerName": "Sunlight Marketing Services Pvt. Ltd.", "filerRelation": "Institution- Corporation", "moneyText": "", "startDate": "2016-12-23", "ownership": "D"}, {"maxAge": 1, "shares": 6336, "filerUrl": "", "transactionText": "", "filerName": "Sunlight Marketing Services Pvt. Ltd.", "filerRelation": "Institution- Corporation", "moneyText": "", "startDate": "2016-12-22", "ownership": "D"}, {"maxAge": 1, "shares": 6663, "filerUrl": "", "transactionText": "", "filerName": "Sunlight Marketing Services Pvt. Ltd.", "filerRelation": "Institution- Corporation", "moneyText": "", "startDate": "2016-12-21", "ownership": "D"}, {"maxAge": 1, "shares": 5850, "filerUrl": "", "transactionText": "", "filerName": "Leaders Healthcare Pvt Ltd", "filerRelation": "Promoter", "moneyText": "", "startDate": "2014-01-07", "ownership": "D"}, {"maxAge": 1, "shares": 802, "filerUrl": "", "transactionText": "", "filerName": "Leaders Healthcare Pvt Ltd", "filerRelation": "Promoter", "moneyText": "", "startDate": "2014-01-06", "ownership": "D"}, {"maxAge": 1, "shares": 2003, "filerUrl": "", "transactionText": "", "filerName": "Leaders Healthcare Pvt Ltd", "filerRelation": "Promoter", "moneyText": "", "startDate": "2013-12-27", "ownership": "D"}, {"maxAge": 1, "shares": 4059, "filerUrl": "", "transactionText": "", "filerName": "Leaders Healthcare Pvt Ltd", "filerRelation": "Promoter", "moneyText": "", "startDate": "2013-12-24", "ownership": "D"}, {"maxAge": 1, "shares": 4001, "filerUrl": "", "transactionText": "", "filerName": "Leaders Healthcare Pvt Ltd", "filerRelation": "Promoter", "moneyText": "", "startDate": "2013-12-19", "ownership": "D"}, {"maxAge": 1, "shares": 4305, "filerUrl": "", "transactionText": "", "filerName": "Leaders Healthcare Pvt Ltd", "filerRelation": "Promoter", "moneyText": "", "startDate": "2013-12-18", "ownership": "D"}, {"maxAge": 1, "shares": 5490, "filerUrl": "", "transactionText": "", "filerName": "Leaders Healthcare Pvt Ltd", "filerRelation": "Promoter", "moneyText": "", "startDate": "2013-12-17", "ownership": "D"}, {"maxAge": 1, "shares": 5500, "filerUrl": "", "transactionText": "", "filerName": "Leaders Healthcare Pvt Ltd", "filerRelation": "Promoter", "moneyText": "", "startDate": "2013-12-16", "ownership": "D"}, {"maxAge": 1, "shares": 2500, "filerUrl": "", "transactionText": "", "filerName": "Leaders Healthcare Pvt Ltd", "filerRelation": "Promoter", "moneyText": "", "startDate": "2013-12-13", "ownership": "D"}, {"maxAge": 1, "shares": 5726, "filerUrl": "", "transactionText": "", "filerName": "Leaders Healthcare Pvt Ltd", "filerRelation": "Promoter", "moneyText": "", "startDate": "2013-12-12", "ownership": "D"}, {"maxAge": 1, "shares": 23, "filerUrl": "", "transactionText": "", "filerName": "Leaders Healthcare Pvt Ltd", "filerRelation": "Promoter", "moneyText": "", "startDate": "2013-12-11", "ownership": "D"}, {"maxAge": 1, "shares": 7844, "filerUrl": "", "transactionText": "", "filerName": "Leaders Healthcare Pvt Ltd", "filerRelation": "Institution- Corporation", "moneyText": "", "startDate": "2010-02-18", "ownership": "D"}], "maxAge": 1}, "quoteType": {"exchange": "BSE", "quoteType": "EQUITY", "symbol": "JLMORI.BO", "underlyingSymbol": "JLMORI.BO", "shortName": "J.L.MORISON (INDIA) LTD.", "longName": "J. L. Morison (India) Limited", "firstTradeDateEpochUtc": "2001-07-30 09:15:00", "timeZoneFullName": "Asia/Kolkata", "timeZoneShortName": "IST", "uuid": "6e7e2735-3fdc-3278-a426-7f94932e9651", "messageBoardId": null, "gmtOffSetMilliseconds": 19800000, "maxAge": 1}, "incomeStatementHistory": {"incomeStatementHistory": [{"maxAge": 1, "endDate": "2020-03-31", "totalRevenue": 930322000, "costOfRevenue": 452379000, "grossProfit": 477943000, "researchDevelopment": {}, "sellingGeneralAdministrative": 284763000, "nonRecurring": {}, "otherOperatingExpenses": 166770000, "totalOperatingExpenses": 916941000, "operatingIncome": 13381000, "totalOtherIncomeExpenseNet": 39935000, "ebit": 13381000, "interestExpense": -852000, "incomeBeforeTax": 53316000, "incomeTaxExpense": 11716000, "minorityInterest": {}, "netIncomeFromContinuingOps": 41600000, "discontinuedOperations": {}, "extraordinaryItems": {}, "effectOfAccountingCharges": {}, "otherItems": {}, "netIncome": 41600000, "netIncomeApplicableToCommonShares": 41600000}, {"maxAge": 1, "endDate": "2019-03-31", "totalRevenue": 868012000, "costOfRevenue": 409740000, "grossProfit": 458272000, "researchDevelopment": {}, "sellingGeneralAdministrative": 244545000, "nonRecurring": {}, "otherOperatingExpenses": 135738000, "totalOperatingExpenses": 803213000, "operatingIncome": 64799000, "totalOtherIncomeExpenseNet": 41209000, "ebit": 64799000, "interestExpense": -780000, "incomeBeforeTax": 106008000, "incomeTaxExpense": 33304000, "minorityInterest": {}, "netIncomeFromContinuingOps": 72704000, "discontinuedOperations": {}, "extraordinaryItems": {}, "effectOfAccountingCharges": {}, "otherItems": {}, "netIncome": 72704000, "netIncomeApplicableToCommonShares": 72704000}, {"maxAge": 1, "endDate": "2018-03-31", "totalRevenue": 854967000, "costOfRevenue": 439392000, "grossProfit": 415575000, "researchDevelopment": {}, "sellingGeneralAdministrative": 239738000, "nonRecurring": {}, "otherOperatingExpenses": 123240000, "totalOperatingExpenses": 815921000, "operatingIncome": 39046000, "totalOtherIncomeExpenseNet": 68239000, "ebit": 39046000, "interestExpense": -546000, "incomeBeforeTax": 107285000, "incomeTaxExpense": 10859000, "minorityInterest": {}, "netIncomeFromContinuingOps": 96426000, "discontinuedOperations": {}, "extraordinaryItems": {}, "effectOfAccountingCharges": {}, "otherItems": {}, "netIncome": 96426000, "netIncomeApplicableToCommonShares": 96426000}, {"maxAge": 1, "endDate": "2017-03-31", "totalRevenue": 747729000, "costOfRevenue": 424194000, "grossProfit": 323535000, "researchDevelopment": {}, "sellingGeneralAdministrative": 202558000, "nonRecurring": {}, "otherOperatingExpenses": 123467000, "totalOperatingExpenses": 764837000, "operatingIncome": -17108000, "totalOtherIncomeExpenseNet": 23724000, "ebit": -17108000, "interestExpense": -580000, "incomeBeforeTax": 6616000, "incomeTaxExpense": -12235000, "minorityInterest": {}, "netIncomeFromContinuingOps": 18851000, "discontinuedOperations": {}, "extraordinaryItems": {}, "effectOfAccountingCharges": {}, "otherItems": {}, "netIncome": 18851000, "netIncomeApplicableToCommonShares": 18851000}], "maxAge": 86400}, "fundOwnership": {"maxAge": 1, "ownershipList": []}, "summaryDetail": {"maxAge": 1, "priceHint": 2, "previousClose": 2049.95, "open": 2049.95, "dayLow": 1931.05, "dayHigh": 2049.95, "regularMarketPreviousClose": 2049.95, "regularMarketOpen": 2049.95, "regularMarketDayLow": 1931.05, "regularMarketDayHigh": 2049.95, "trailingPE": 63.54659, "volume": 23, "regularMarketVolume": 23, "averageVolume": 59, "averageVolume10days": 33, "averageDailyVolume10Day": 33, "bid": 1938.1, "ask": 2014.0, "bidSize": 0, "askSize": 0, "marketCap": 2643926528, "fiftyTwoWeekLow": 1400.0, "fiftyTwoWeekHigh": 2170.0, "fiftyDayAverage": 1927.3229, "twoHundredDayAverage": 1878.7656, "trailingAnnualDividendRate": 1.0, "trailingAnnualDividendYield": 0.00048781678, "currency": "INR", "fromCurrency": null, "toCurrency": null, "lastMarket": null, "algorithm": null, "tradeable": false}, "incomeStatementHistoryQuarterly": {"incomeStatementHistory": [{"maxAge": 1, "endDate": "2020-03-31", "totalRevenue": 238700000, "costOfRevenue": 116022000, "grossProfit": 122678000, "researchDevelopment": {}, "sellingGeneralAdministrative": 81780000, "nonRecurring": {}, "otherOperatingExpenses": 45616000, "totalOperatingExpenses": 246898000, "operatingIncome": -8198000, "totalOtherIncomeExpenseNet": 8876000, "ebit": -8198000, "interestExpense": -203000, "incomeBeforeTax": 678000, "incomeTaxExpense": -1138000, "minorityInterest": {}, "netIncomeFromContinuingOps": 1816000, "discontinuedOperations": {}, "extraordinaryItems": {}, "effectOfAccountingCharges": {}, "otherItems": {}, "netIncome": 1816000, "netIncomeApplicableToCommonShares": 1816000}, {"maxAge": 1, "endDate": "2019-12-31", "totalRevenue": 225972000, "costOfRevenue": 114583000, "grossProfit": 111389000, "researchDevelopment": {}, "sellingGeneralAdministrative": 66392000, "nonRecurring": {}, "otherOperatingExpenses": 40432000, "totalOperatingExpenses": 224527000, "operatingIncome": 1445000, "totalOtherIncomeExpenseNet": 10503000, "ebit": 1445000, "interestExpense": -212000, "incomeBeforeTax": 11948000, "incomeTaxExpense": 2937000, "minorityInterest": {}, "netIncomeFromContinuingOps": 9011000, "discontinuedOperations": {}, "extraordinaryItems": {}, "effectOfAccountingCharges": {}, "otherItems": {}, "netIncome": 9011000, "netIncomeApplicableToCommonShares": 9011000}, {"maxAge": 1, "endDate": "2019-09-30", "totalRevenue": 230772000, "costOfRevenue": 112974000, "grossProfit": 117798000, "researchDevelopment": {}, "sellingGeneralAdministrative": 73977000, "nonRecurring": {}, "otherOperatingExpenses": 36379000, "totalOperatingExpenses": 226445000, "operatingIncome": 4327000, "totalOtherIncomeExpenseNet": 12367000, "ebit": 4327000, "interestExpense": -216000, "incomeBeforeTax": 16694000, "incomeTaxExpense": 1952000, "minorityInterest": {}, "netIncomeFromContinuingOps": 14742000, "discontinuedOperations": {}, "extraordinaryItems": {}, "effectOfAccountingCharges": {}, "otherItems": {}, "netIncome": 14742000, "netIncomeApplicableToCommonShares": 14742000}, {"maxAge": 1, "endDate": "2019-06-30", "totalRevenue": 234878000, "costOfRevenue": 108800000, "grossProfit": 126078000, "researchDevelopment": {}, "sellingGeneralAdministrative": 62614000, "nonRecurring": {}, "otherOperatingExpenses": 44343000, "totalOperatingExpenses": 219071000, "operatingIncome": 15807000, "totalOtherIncomeExpenseNet": 8189000, "ebit": 15807000, "interestExpense": -221000, "incomeBeforeTax": 23996000, "incomeTaxExpense": 7965000, "minorityInterest": {}, "netIncomeFromContinuingOps": 16031000, "discontinuedOperations": {}, "extraordinaryItems": {}, "effectOfAccountingCharges": {}, "otherItems": {}, "netIncome": 16031000, "netIncomeApplicableToCommonShares": 16031000}], "maxAge": 86400}, "cashflowStatementHistoryQuarterly": {"cashflowStatements": [{"maxAge": 1, "endDate": "2020-03-31", "netIncome": 1816000, "changeToLiabilities": 0}, {"maxAge": 1, "endDate": "2019-12-31", "netIncome": 9011000, "changeToLiabilities": 0}, {"maxAge": 1, "endDate": "2019-09-30", "netIncome": 14742000, "changeToLiabilities": 0}, {"maxAge": 1, "endDate": "2019-06-30", "netIncome": 16031000, "changeToLiabilities": 0}], "maxAge": 86400}, "insiderHolders": {"holders": [{"maxAge": 1, "name": "Leaders Healthcare Pvt Ltd", "relation": "Promoter", "url": "", "transactionDescription": "Acquisition", "latestTransDate": "2014-01-07", "positionDirect": 67603, "positionDirectDate": "2014-01-07"}, {"maxAge": 1, "name": "Sunlight Marketing Services Pvt. Ltd.", "relation": "Institution- Corporation", "url": "", "transactionDescription": "Acquisition", "latestTransDate": "2016-12-26", "positionDirect": 24357, "positionDirectDate": "2016-12-26"}], "maxAge": 1}, "calendarEvents": {"maxAge": 1, "earnings": {"earningsDate": ["2020-06-30 05:30:S"]}}, "price": {"maxAge": 1, "regularMarketChangePercent": -0.05514765, "regularMarketChange": -113.04993, "regularMarketTime": "2021-04-30 15:28:44", "priceHint": 2, "regularMarketPrice": 1936.9, "regularMarketDayHigh": 2049.95, "regularMarketDayLow": 1931.05, "regularMarketVolume": 23, "averageDailyVolume10Day": 33, "averageDailyVolume3Month": 59, "regularMarketPreviousClose": 2049.95, "regularMarketSource": "FREE_REALTIME", "regularMarketOpen": 2049.95, "exchange": "BSE", "exchangeName": "BSE", "exchangeDataDelayedBy": 0, "marketState": "CLOSED", "quoteType": "EQUITY", "symbol": "JLMORI.BO", "underlyingSymbol": null, "shortName": "J.L.MORISON (INDIA) LTD.", "longName": "J. L. Morison (India) Limited", "currency": "INR", "quoteSourceName": "Delayed Quote", "currencySymbol": "\u20b9", "fromCurrency": null, "toCurrency": null, "lastMarket": null, "marketCap": 2643926528}, "balanceSheetHistory": {"balanceSheetStatements": [{"maxAge": 1, "endDate": "2020-03-31", "cash": 132552000, "netReceivables": 74035000, "inventory": 156950000, "otherCurrentAssets": 40012000, "totalCurrentAssets": 403549000, "longTermInvestments": 1013396000, "propertyPlantEquipment": 168424000, "otherAssets": 121215000, "totalAssets": 1706584000, "accountsPayable": 136162000, "shortLongTermDebt": 1590000, "otherCurrentLiab": 48275000, "longTermDebt": 2284000, "otherLiab": 41668000, "totalCurrentLiabilities": 194534000, "totalLiab": 238486000, "commonStock": 13650000, "treasuryStock": 1454448000, "otherStockholderEquity": 1454448000, "totalStockholderEquity": 1468098000, "netTangibleAssets": 1468098000}, {"maxAge": 1, "endDate": "2019-03-31", "cash": 36453000, "shortTermInvestments": 164041000, "netReceivables": 72960000, "inventory": 133734000, "otherCurrentAssets": 31637000, "totalCurrentAssets": 442665000, "longTermInvestments": 1038030000, "propertyPlantEquipment": 176472000, "intangibleAssets": 3010000, "otherAssets": 94096000, "totalAssets": 1754273000, "accountsPayable": 83530000, "shortLongTermDebt": 1255000, "otherCurrentLiab": 6587000, "longTermDebt": 5953000, "otherLiab": 45626000, "totalCurrentLiabilities": 129868000, "totalLiab": 181447000, "commonStock": 13650000, "retainedEarnings": 733034000, "treasuryStock": 826142000, "otherStockholderEquity": 826142000, "totalStockholderEquity": 1572826000, "netTangibleAssets": 1569816000}, {"maxAge": 1, "endDate": "2018-03-31", "cash": 25901000, "shortTermInvestments": 97910000, "netReceivables": 104935000, "inventory": 86803000, "otherCurrentAssets": 17550000, "totalCurrentAssets": 340778000, "longTermInvestments": 1348575000, "propertyPlantEquipment": 177200000, "intangibleAssets": 5683000, "otherAssets": 92869000, "totalAssets": 1965105000, "accountsPayable": 82764000, "otherCurrentLiab": 10310000, "longTermDebt": 2300000, "otherLiab": 50213000, "totalCurrentLiabilities": 126278000, "totalLiab": 178791000, "commonStock": 13650000, "retainedEarnings": 661973000, "treasuryStock": 1110691000, "otherStockholderEquity": 1110691000, "totalStockholderEquity": 1786314000, "netTangibleAssets": 1780631000}, {"maxAge": 1, "endDate": "2017-03-31", "cash": 7854000, "shortTermInvestments": 17430000, "netReceivables": 160456000, "inventory": 188752000, "otherCurrentAssets": 24554000, "totalCurrentAssets": 402222000, "longTermInvestments": 1256328000, "propertyPlantEquipment": 173828000, "intangibleAssets": 8358000, "otherAssets": 104331000, "totalAssets": 1945067000, "accountsPayable": 47547000, "otherCurrentLiab": 6861000, "longTermDebt": 2300000, "otherLiab": 33486000, "totalCurrentLiabilities": 89560000, "totalLiab": 125346000, "commonStock": 13650000, "retainedEarnings": 573669000, "treasuryStock": 1232402000, "otherStockholderEquity": 1232402000, "totalStockholderEquity": 1819721000, "netTangibleAssets": 1811363000}], "maxAge": 86400}, "financialData": {"maxAge": 86400, "currentPrice": 1936.9, "recommendationKey": "none", "grossProfits": 477943000, "financialCurrency": "INR"}}}