{"JMA.NS": {"assetProfile": {"address1": "2E/5, Jhandewalan Extension", "city": "New Delhi", "zip": "110055", "country": "India", "website": "http://www.jmaindia.com", "industry": "Auto Parts", "sector": "Consumer Cyclical", "longBusinessSummary": "Jullundur Motor Agency (Delhi) Limited trades and distributes automobile parts, accessories, and petroleum products primarily in India. The company offers automotive components; fly wheel rings; gaskets and radiators; thin wall engine bearings, bushings, and thrust washers; hydraulic brake parts, fluids, and coolants; fan belts; suspension, drive shafts, and filters; automotive air springs; engine oil and grease; window balancers; water pump assy products; rear axles shafts; and air, oil, and fuel filters. It also provides head and tail lightings; clutch plates; cover assy products; silencers; brake linings, disc pads, and clutch facings; engine valves, guides, and tappets; steering linkages and steering assy products; power steering assy products and pumps; crank shafts; bearings taper rollers; engine mountings and rubber parts; various types of fasteners and sockets; UJ kits and crown wheel pinions; automotive bearings; air brake equipment and spares; and other related products. The company was founded in 1927 and is based in New Delhi, India.", "companyOfficers": [{"maxAge": 1, "name": "Mr. Varoon  Malik", "age": 38, "title": "Chief Exec. Officer", "yearBorn": 1982, "exercisedValue": 0, "unexercisedValue": 0}, {"maxAge": 1, "name": "Mr. Narinder Pal Singh CA", "title": "Chief Financial Officer", "fiscalYear": 2020, "totalPay": 2933000, "exercisedValue": 0, "unexercisedValue": 0}, {"maxAge": 1, "name": "Mr. Ravinder Pal Rabra", "age": 70, "title": "Chief Mang. of Accounts", "yearBorn": 1950, "exercisedValue": 0, "unexercisedValue": 0}, {"maxAge": 1, "name": "Mr. Ramkesh Sahdev Pal B.Com., C.S.", "title": "Company Sec. & Compliance Officer", "fiscalYear": 2020, "totalPay": 1553424, "exercisedValue": 0, "unexercisedValue": 0}, {"maxAge": 1, "name": "Ms. Aditi Arora Malik", "age": 33, "title": "Pres of HR & Marketing", "yearBorn": 1987, "exercisedValue": 0, "unexercisedValue": 0}, {"maxAge": 1, "name": "Ms. Ashana  Arora", "age": 27, "title": "VP of A & F", "yearBorn": 1993, "exercisedValue": 0, "unexercisedValue": 0}, {"maxAge": 1, "name": "Mr. L. K. Nagpal", "age": 64, "title": "Gen. Mang. of Sales & Marketing", "yearBorn": 1956, "exercisedValue": 0, "unexercisedValue": 0}, {"maxAge": 1, "name": "Mr. Akshay  Gupta", "age": 48, "title": "Head of IT", "yearBorn": 1972, "exercisedValue": 0, "unexercisedValue": 0}], "compensationAsOfEpochDate": "2020-12-31 05:30:00", "maxAge": 86400}, "cashflowStatementHistory": {"cashflowStatements": [{"maxAge": 1, "endDate": "2020-03-31", "netIncome": 140142000, "depreciation": 11871000, "changeToNetincome": -74960000, "changeToAccountReceivables": 130684000, "changeToLiabilities": -119364000, "changeToInventory": 8038000, "changeToOperatingActivities": -19725000, "totalCashFromOperatingActivities": 76686000, "capitalExpenditures": -32894000, "investments": -5901000, "otherCashflowsFromInvestingActivities": 34600000, "totalCashflowsFromInvestingActivities": -3617000, "dividendsPaid": -2378000, "totalCashFromFinancingActivities": -2378000, "changeInCash": 70691000}, {"maxAge": 1, "endDate": "2019-03-31", "netIncome": 159569000, "depreciation": 6507000, "changeToNetincome": -56645000, "changeToAccountReceivables": -54126000, "changeToLiabilities": 34692000, "changeToInventory": -45751000, "changeToOperatingActivities": 41535000, "totalCashFromOperatingActivities": 90158000, "capitalExpenditures": -4070000, "investments": 31506000, "otherCashflowsFromInvestingActivities": 49176000, "totalCashflowsFromInvestingActivities": -21492000, "dividendsPaid": -58341000, "totalCashFromFinancingActivities": -58341000, "changeInCash": 10325000}, {"maxAge": 1, "endDate": "2018-03-31", "netIncome": 127640000, "depreciation": 10520000, "changeToNetincome": -46783000, "changeToAccountReceivables": -6686000, "changeToLiabilities": -24605000, "changeToInventory": -22308000, "changeToOperatingActivities": -83185000, "totalCashFromOperatingActivities": -45407000, "capitalExpenditures": -4938000, "investments": 11450000, "otherCashflowsFromInvestingActivities": 28634000, "totalCashflowsFromInvestingActivities": 35452000, "dividendsPaid": -1061000, "totalCashFromFinancingActivities": -1061000, "changeInCash": -11016000}, {"maxAge": 1, "endDate": "2017-03-31", "netIncome": 136890000, "depreciation": 9625000, "changeToNetincome": -38662000, "changeToAccountReceivables": -42208000, "changeToLiabilities": 6856000, "changeToInventory": 40575000, "changeToOperatingActivities": -167459000, "totalCashFromOperatingActivities": -53559000, "capitalExpenditures": -6619000, "investments": 32639000, "otherCashflowsFromInvestingActivities": 35173000, "totalCashflowsFromInvestingActivities": 61373000, "dividendsPaid": -24550000, "otherCashflowsFromFinancingActivities": -5189000, "totalCashFromFinancingActivities": -29739000, "changeInCash": -21925000}], "maxAge": 86400}, "institutionOwnership": {"maxAge": 1, "ownershipList": []}, "majorHoldersBreakdown": {"maxAge": 1}, "balanceSheetHistoryQuarterly": {"balanceSheetStatements": [{"maxAge": 1, "endDate": "2020-09-30", "cash": 204205000, "shortTermInvestments": 834196000, "netReceivables": 517541000, "inventory": 503939000, "otherCurrentAssets": 7347000, "totalCurrentAssets": 2067228000, "longTermInvestments": 224046000, "propertyPlantEquipment": 113532000, "goodWill": 74000, "intangibleAssets": 1060000, "otherAssets": 37464000, "totalAssets": 2443404000, "accountsPayable": 556366000, "otherCurrentLiab": 101053000, "otherLiab": 11802000, "minorityInterest": 14190000, "totalCurrentLiabilities": 664330000, "totalLiab": 676132000, "commonStock": 59636000, "treasuryStock": 1693446000, "otherStockholderEquity": 1693446000, "totalStockholderEquity": 1753082000, "netTangibleAssets": 1751948000}, {"maxAge": 1, "endDate": "2020-06-30", "totalStockholderEquity": 1732358000, "netTangibleAssets": 1730541000}, {"maxAge": 1, "endDate": "2020-03-31", "cash": 227593000, "shortTermInvestments": 424368000, "netReceivables": 604554000, "inventory": 669346000, "otherCurrentAssets": 30525000, "totalCurrentAssets": 1956386000, "longTermInvestments": 351851000, "propertyPlantEquipment": 116488000, "goodWill": 86000, "intangibleAssets": 1731000, "otherAssets": 37812000, "totalAssets": 2464354000, "accountsPayable": 620055000, "otherCurrentLiab": 74516000, "otherLiab": 9986000, "minorityInterest": 14550000, "totalCurrentLiabilities": 707460000, "totalLiab": 717446000, "commonStock": 59636000, "treasuryStock": 1672722000, "otherStockholderEquity": 1672722000, "totalStockholderEquity": 1732358000, "netTangibleAssets": 1730541000}, {"maxAge": 1, "endDate": "2019-12-31", "totalStockholderEquity": 1657395000, "netTangibleAssets": 1653287000}], "maxAge": 86400}, "indexTrend": {"maxAge": 1, "symbol": "SP5", "peRatio": 19.7411, "pegRatio": 1.34172, "estimates": [{"period": "0q", "growth": 0.549}, {"period": "+1q", "growth": 0.431}, {"period": "0y", "growth": 0.305}, {"period": "+1y", "growth": 0.109}, {"period": "+5y", "growth": 0.120865}, {"period": "-5y"}]}, "defaultKeyStatistics": {"maxAge": 1, "priceHint": 2, "enterpriseValue": 145188192, "profitMargins": 0.04082, "floatShares": 11205947, "sharesOutstanding": 29818000, "beta": 0.713111, "category": null, "bookValue": 58.766, "priceToBook": 0.6670524, "fundFamily": null, "legalType": null, "lastFiscalYearEnd": "2020-03-31 05:30:00", "nextFiscalYearEnd": "2022-03-31 05:30:00", "mostRecentQuarter": "2020-09-30 05:30:00", "earningsQuarterlyGrowth": 0.691, "netIncomeToCommon": 135684000, "trailingEps": 4.55, "lastSplitFactor": "5:1", "lastSplitDate": "2019-05-14 05:30:00", "enterpriseToRevenue": 0.044, "enterpriseToEbitda": 1.035, "52WeekChange": 1.1246612, "SandP52WeekChange": 0.48148263, "lastDividendValue": 1.0, "lastDividendDate": 1600387200}, "summaryProfile": {"address1": "2E/5, Jhandewalan Extension", "city": "New Delhi", "zip": "110055", "country": "India", "website": "http://www.jmaindia.com", "industry": "Auto Parts", "sector": "Consumer Cyclical", "longBusinessSummary": "Jullundur Motor Agency (Delhi) Limited trades and distributes automobile parts, accessories, and petroleum products primarily in India. The company offers automotive components; fly wheel rings; gaskets and radiators; thin wall engine bearings, bushings, and thrust washers; hydraulic brake parts, fluids, and coolants; fan belts; suspension, drive shafts, and filters; automotive air springs; engine oil and grease; window balancers; water pump assy products; rear axles shafts; and air, oil, and fuel filters. It also provides head and tail lightings; clutch plates; cover assy products; silencers; brake linings, disc pads, and clutch facings; engine valves, guides, and tappets; steering linkages and steering assy products; power steering assy products and pumps; crank shafts; bearings taper rollers; engine mountings and rubber parts; various types of fasteners and sockets; UJ kits and crown wheel pinions; automotive bearings; air brake equipment and spares; and other related products. The company was founded in 1927 and is based in New Delhi, India.", "companyOfficers": [], "maxAge": 86400}, "netSharePurchaseActivity": {"maxAge": 1, "period": "6m", "buyInfoCount": 0, "buyInfoShares": 0, "sellInfoCount": 0, "netInfoCount": 0, "netInfoShares": 0, "totalInsiderShares": 0}, "quoteType": {"exchange": "NSI", "quoteType": "EQUITY", "symbol": "JMA.NS", "underlyingSymbol": "JMA.NS", "shortName": "JULLUNDUR MOTOR AG", "longName": "Jullundur Motor Agency (Delhi) Limited", "firstTradeDateEpochUtc": "2015-03-16 09:15:00", "timeZoneFullName": "Asia/Kolkata", "timeZoneShortName": "IST", "uuid": "9757a2e6-f4ef-3483-8eeb-cf476e7ea285", "messageBoardId": "finmb_61106953", "gmtOffSetMilliseconds": 19800000, "maxAge": 1}, "incomeStatementHistory": {"incomeStatementHistory": [{"maxAge": 1, "endDate": "2020-03-31", "totalRevenue": 3619287000, "costOfRevenue": 3123514000, "grossProfit": 495773000, "researchDevelopment": {}, "sellingGeneralAdministrative": 229197000, "nonRecurring": {}, "otherOperatingExpenses": 116441000, "totalOperatingExpenses": 3481023000, "operatingIncome": 138264000, "totalOtherIncomeExpenseNet": 55784000, "ebit": 138264000, "interestExpense": {}, "incomeBeforeTax": 194048000, "incomeTaxExpense": 51811000, "minorityInterest": 14550000, "netIncomeFromContinuingOps": 142237000, "discontinuedOperations": {}, "extraordinaryItems": {}, "effectOfAccountingCharges": {}, "otherItems": {}, "netIncome": 140142000, "netIncomeApplicableToCommonShares": 140142000}, {"maxAge": 1, "endDate": "2019-03-31", "totalRevenue": 3557644000, "costOfRevenue": 3064717000, "grossProfit": 492927000, "researchDevelopment": {}, "sellingGeneralAdministrative": 213319000, "nonRecurring": {}, "otherOperatingExpenses": 93214000, "totalOperatingExpenses": 3382134000, "operatingIncome": 175510000, "totalOtherIncomeExpenseNet": 63940000, "ebit": 175510000, "interestExpense": -297000, "incomeBeforeTax": 239450000, "incomeTaxExpense": 77513000, "minorityInterest": 14746000, "netIncomeFromContinuingOps": 161937000, "discontinuedOperations": {}, "extraordinaryItems": {}, "effectOfAccountingCharges": {}, "otherItems": {}, "netIncome": 159569000, "netIncomeApplicableToCommonShares": 159569000}, {"maxAge": 1, "endDate": "2018-03-31", "totalRevenue": 3271676000, "costOfRevenue": 2856957000, "grossProfit": 414719000, "researchDevelopment": {}, "sellingGeneralAdministrative": 187370000, "nonRecurring": {}, "otherOperatingExpenses": 75265000, "totalOperatingExpenses": 3130112000, "operatingIncome": 141564000, "totalOtherIncomeExpenseNet": 51995000, "ebit": 141564000, "interestExpense": -791000, "incomeBeforeTax": 193559000, "incomeTaxExpense": 65210000, "minorityInterest": 10471000, "netIncomeFromContinuingOps": 128349000, "discontinuedOperations": {}, "extraordinaryItems": {}, "effectOfAccountingCharges": {}, "otherItems": {}, "netIncome": 127640000, "netIncomeApplicableToCommonShares": 127640000}, {"maxAge": 1, "endDate": "2017-03-31", "totalRevenue": 3874185000, "costOfRevenue": 3454638000, "grossProfit": 419547000, "researchDevelopment": {}, "sellingGeneralAdministrative": 174606000, "nonRecurring": {}, "otherOperatingExpenses": 67929000, "totalOperatingExpenses": 3707622000, "operatingIncome": 166563000, "totalOtherIncomeExpenseNet": 43640000, "ebit": 166563000, "interestExpense": -91000, "incomeBeforeTax": 210203000, "incomeTaxExpense": 72022000, "minorityInterest": 10714000, "netIncomeFromContinuingOps": 138181000, "discontinuedOperations": {}, "extraordinaryItems": {}, "effectOfAccountingCharges": {}, "otherItems": {}, "netIncome": 136890000, "netIncomeApplicableToCommonShares": 136890000}], "maxAge": 86400}, "fundOwnership": {"maxAge": 1, "ownershipList": []}, "summaryDetail": {"maxAge": 1, "priceHint": 2, "previousClose": 40.3, "open": 40.3, "dayLow": 39.05, "dayHigh": 41.9, "regularMarketPreviousClose": 40.3, "regularMarketOpen": 40.3, "regularMarketDayLow": 39.05, "regularMarketDayHigh": 41.9, "dividendRate": 1.0, "dividendYield": 0.0248, "exDividendDate": "2020-09-18 05:30:00", "payoutRatio": 0.1724, "beta": 0.713111, "trailingPE": 8.615384, "volume": 6837, "regularMarketVolume": 6837, "averageVolume": 30042, "averageVolume10days": 19213, "averageDailyVolume10Day": 19213, "bid": 0.0, "ask": 0.0, "bidSize": 0, "askSize": 0, "marketCap": 1168865664, "fiftyTwoWeekLow": 16.7, "fiftyTwoWeekHigh": 47.2, "priceToSalesTrailing12Months": 0.35169837, "fiftyDayAverage": 35.610294, "twoHundredDayAverage": 32.842255, "trailingAnnualDividendRate": 1.0, "trailingAnnualDividendYield": 0.024813896, "currency": "INR", "fromCurrency": null, "toCurrency": null, "lastMarket": null, "algorithm": null, "tradeable": false}, "incomeStatementHistoryQuarterly": {"incomeStatementHistory": [{"maxAge": 1, "endDate": "2020-09-30", "totalRevenue": 947953000, "costOfRevenue": 819990000, "grossProfit": 127963000, "researchDevelopment": {}, "sellingGeneralAdministrative": 51449000, "nonRecurring": {}, "otherOperatingExpenses": 27745000, "totalOperatingExpenses": 901350000, "operatingIncome": 46603000, "totalOtherIncomeExpenseNet": 19179000, "ebit": 46603000, "interestExpense": -2000, "incomeBeforeTax": 65782000, "incomeTaxExpense": 18890000, "minorityInterest": 14190000, "netIncomeFromContinuingOps": 46892000, "discontinuedOperations": {}, "extraordinaryItems": {}, "effectOfAccountingCharges": {}, "otherItems": {}, "netIncome": 46239000, "netIncomeApplicableToCommonShares": 46239000}, {"maxAge": 1, "endDate": "2020-06-30", "totalRevenue": 481980000, "costOfRevenue": 416300000, "grossProfit": 65680000, "researchDevelopment": {}, "sellingGeneralAdministrative": 49793000, "nonRecurring": {}, "otherOperatingExpenses": 18420000, "totalOperatingExpenses": 486690000, "operatingIncome": -4710000, "totalOtherIncomeExpenseNet": 13204000, "ebit": -4710000, "interestExpense": -798000, "incomeBeforeTax": 8494000, "incomeTaxExpense": 3892000, "minorityInterest": 14190000, "netIncomeFromContinuingOps": 4602000, "discontinuedOperations": {}, "extraordinaryItems": {}, "effectOfAccountingCharges": {}, "otherItems": {}, "netIncome": 4438000, "netIncomeApplicableToCommonShares": 4438000}, {"maxAge": 1, "endDate": "2020-03-31", "totalRevenue": 911646000, "costOfRevenue": 781607000, "grossProfit": 130039000, "researchDevelopment": {}, "sellingGeneralAdministrative": 57036000, "nonRecurring": {}, "otherOperatingExpenses": 27205000, "totalOperatingExpenses": 868985000, "operatingIncome": 42661000, "totalOtherIncomeExpenseNet": 14274000, "ebit": 42661000, "interestExpense": -798000, "incomeBeforeTax": 56935000, "incomeTaxExpense": 15701000, "minorityInterest": 14550000, "netIncomeFromContinuingOps": 41234000, "discontinuedOperations": {}, "extraordinaryItems": {}, "effectOfAccountingCharges": {}, "otherItems": {}, "netIncome": 40778000, "netIncomeApplicableToCommonShares": 40778000}, {"maxAge": 1, "endDate": "2019-12-31", "totalRevenue": 981910000, "costOfRevenue": 845209000, "grossProfit": 136701000, "researchDevelopment": {}, "sellingGeneralAdministrative": 59410000, "nonRecurring": {}, "otherOperatingExpenses": 29016000, "totalOperatingExpenses": 936930000, "operatingIncome": 44980000, "totalOtherIncomeExpenseNet": 15489000, "ebit": 44980000, "interestExpense": -798000, "incomeBeforeTax": 60469000, "incomeTaxExpense": 15474000, "minorityInterest": 14550000, "netIncomeFromContinuingOps": 44995000, "discontinuedOperations": {}, "extraordinaryItems": {}, "effectOfAccountingCharges": {}, "otherItems": {}, "netIncome": 44229000, "netIncomeApplicableToCommonShares": 44229000}], "maxAge": 86400}, "cashflowStatementHistoryQuarterly": {"cashflowStatements": [{"maxAge": 1, "endDate": "2020-09-30", "netIncome": 46239000, "changeToLiabilities": 0}, {"maxAge": 1, "endDate": "2020-06-30", "netIncome": 4438000, "changeToLiabilities": 0}, {"maxAge": 1, "endDate": "2020-03-31", "netIncome": 40778000, "changeToLiabilities": 0}, {"maxAge": 1, "endDate": "2019-12-31", "netIncome": 44229000, "changeToLiabilities": 0}], "maxAge": 86400}, "insiderHolders": {"holders": [], "maxAge": 1}, "calendarEvents": {"maxAge": 1, "earnings": {"earningsDate": ["2020-08-18 05:30:S"]}, "exDividendDate": "2020-09-18 05:30:00"}, "price": {"maxAge": 1, "regularMarketChangePercent": -0.027295249, "regularMarketChange": -1.0999985, "regularMarketTime": "2021-04-30 15:30:01", "priceHint": 2, "regularMarketPrice": 39.2, "regularMarketDayHigh": 41.9, "regularMarketDayLow": 39.05, "regularMarketVolume": 6837, "averageDailyVolume10Day": 19213, "averageDailyVolume3Month": 30042, "regularMarketPreviousClose": 40.3, "regularMarketSource": "FREE_REALTIME", "regularMarketOpen": 40.3, "exchange": "NSI", "exchangeName": "NSE", "exchangeDataDelayedBy": 15, "marketState": "CLOSED", "quoteType": "EQUITY", "symbol": "JMA.NS", "underlyingSymbol": null, "shortName": "JULLUNDUR MOTOR AG", "longName": "Jullundur Motor Agency (Delhi) Limited", "currency": "INR", "quoteSourceName": "Delayed Quote", "currencySymbol": "\u20b9", "fromCurrency": null, "toCurrency": null, "lastMarket": null, "marketCap": 1168865664}, "balanceSheetHistory": {"balanceSheetStatements": [{"maxAge": 1, "endDate": "2020-03-31", "cash": 227593000, "shortTermInvestments": 424368000, "netReceivables": 604554000, "inventory": 669346000, "otherCurrentAssets": 30525000, "totalCurrentAssets": 1956386000, "longTermInvestments": 351851000, "propertyPlantEquipment": 116488000, "goodWill": 86000, "intangibleAssets": 1731000, "otherAssets": 37812000, "totalAssets": 2464354000, "accountsPayable": 620055000, "otherCurrentLiab": 74516000, "otherLiab": 9986000, "minorityInterest": 14550000, "totalCurrentLiabilities": 707460000, "totalLiab": 717446000, "commonStock": 59636000, "treasuryStock": 1672722000, "otherStockholderEquity": 1672722000, "totalStockholderEquity": 1732358000, "netTangibleAssets": 1730541000}, {"maxAge": 1, "endDate": "2019-03-31", "cash": 126636000, "shortTermInvestments": 98177000, "netReceivables": 740416000, "inventory": 677384000, "otherCurrentAssets": 253677000, "totalCurrentAssets": 1898277000, "longTermInvestments": 55766000, "propertyPlantEquipment": 113090000, "goodWill": 119000, "intangibleAssets": 5932000, "otherAssets": 397549000, "totalAssets": 2470733000, "accountsPayable": 739421000, "otherCurrentLiab": 36766000, "otherLiab": 12825000, "minorityInterest": 14746000, "totalCurrentLiabilities": 842887000, "totalLiab": 855712000, "commonStock": 59224000, "retainedEarnings": 1537812000, "treasuryStock": 3239000, "otherStockholderEquity": 3239000, "totalStockholderEquity": 1600275000, "netTangibleAssets": 1594224000}, {"maxAge": 1, "endDate": "2018-03-31", "cash": 116311000, "shortTermInvestments": 149739000, "netReceivables": 589164000, "inventory": 538840000, "otherCurrentAssets": 214082000, "totalCurrentAssets": 1610117000, "longTermInvestments": 153822000, "propertyPlantEquipment": 83265000, "goodWill": 119000, "intangibleAssets": 9526000, "otherAssets": 347620000, "deferredLongTermAssetCharges": 2321000, "totalAssets": 2204469000, "accountsPayable": 614599000, "otherCurrentLiab": 28208000, "otherLiab": 6973000, "minorityInterest": 10471000, "totalCurrentLiabilities": 684322000, "totalLiab": 691295000, "commonStock": 59224000, "retainedEarnings": 1437849000, "treasuryStock": 5630000, "otherStockholderEquity": 5630000, "totalStockholderEquity": 1502703000, "netTangibleAssets": 1493058000}, {"maxAge": 1, "endDate": "2017-03-31", "cash": 194308000, "shortTermInvestments": 109190000, "netReceivables": 572317000, "inventory": 516533000, "otherCurrentAssets": 114883000, "totalCurrentAssets": 1508520000, "longTermInvestments": 144951000, "propertyPlantEquipment": 86711000, "goodWill": 119000, "intangibleAssets": 11662000, "otherAssets": 270382000, "deferredLongTermAssetCharges": 122000, "totalAssets": 2022345000, "accountsPayable": 531029000, "otherCurrentLiab": 37139000, "otherLiab": 11890000, "minorityInterest": 10714000, "totalCurrentLiabilities": 621945000, "totalLiab": 633835000, "commonStock": 59224000, "retainedEarnings": 1315035000, "treasuryStock": 3537000, "otherStockholderEquity": 3537000, "totalStockholderEquity": 1377796000, "netTangibleAssets": 1366015000}], "maxAge": 86400}, "financialData": {"maxAge": 86400, "currentPrice": 39.2, "recommendationKey": "none", "totalCash": 1038401024, "totalCashPerShare": 34.809, "ebitda": 140308992, "totalDebt": 0, "quickRatio": 2.342, "currentRatio": 3.112, "totalRevenue": 3323489024, "revenuePerShare": 111.448, "returnOnAssets": 0.03482, "returnOnEquity": 0.08011, "grossProfits": 495773000, "freeCashflow": 302347744, "operatingCashflow": 320273984, "earningsGrowth": 0.685, "revenueGrowth": 0.093, "grossMargins": 0.13852, "ebitdaMargins": 0.04222, "operatingMargins": 0.03898, "profitMargins": 0.04082, "financialCurrency": "INR"}}}