{"JMTAUTOLTD.BO": {"recommendationTrend": {"trend": [{"period": "0m", "strongBuy": 0, "buy": 0, "hold": 0, "sell": 0, "strongSell": 0}, {"period": "-1m", "strongBuy": 0, "buy": 0, "hold": 0, "sell": 0, "strongSell": 0}, {"period": "-2m", "strongBuy": 0, "buy": 0, "hold": 0, "sell": 0, "strongSell": 0}, {"period": "-3m", "strongBuy": 0, "buy": 0, "hold": 0, "sell": 0, "strongSell": 0}], "maxAge": 86400}, "cashflowStatementHistory": {"cashflowStatements": [{"maxAge": 1, "endDate": "2020-03-31", "netIncome": -583473000, "depreciation": 432410000, "changeToNetincome": 149580000, "changeToAccountReceivables": 143901000, "changeToLiabilities": -72707000, "changeToInventory": 230694000, "changeToOperatingActivities": 426754000, "totalCashFromOperatingActivities": 727159000, "capitalExpenditures": -502971000, "investments": -1065000, "otherCashflowsFromInvestingActivities": 16991000, "totalCashflowsFromInvestingActivities": -487045000, "netBorrowings": -4803000, "otherCashflowsFromFinancingActivities": -232451000, "totalCashFromFinancingActivities": -237254000, "changeInCash": 2860000}, {"maxAge": 1, "endDate": "2019-03-31", "netIncome": -175077000, "depreciation": 386031000, "changeToNetincome": 233771000, "changeToAccountReceivables": -122689000, "changeToLiabilities": 247963000, "changeToInventory": -342379000, "changeToOperatingActivities": 484179000, "totalCashFromOperatingActivities": 711799000, "capitalExpenditures": -220416000, "investments": -1065000, "otherCashflowsFromInvestingActivities": 46525000, "totalCashflowsFromInvestingActivities": -689052000, "netBorrowings": 183255000, "otherCashflowsFromFinancingActivities": -172861000, "totalCashFromFinancingActivities": 10394000, "changeInCash": 33141000}, {"maxAge": 1, "endDate": "2018-03-31", "netIncome": 1043245000, "depreciation": 285819000, "changeToNetincome": -855452000, "changeToAccountReceivables": 25809000, "changeToLiabilities": -11928000, "changeToInventory": -118905000, "changeToOperatingActivities": 10070000, "totalCashFromOperatingActivities": 378658000, "capitalExpenditures": -68945000, "investments": 152000, "otherCashflowsFromInvestingActivities": 3828000, "totalCashflowsFromInvestingActivities": -62416000, "netBorrowings": -118850000, "otherCashflowsFromFinancingActivities": -190077000, "totalCashFromFinancingActivities": -308927000, "changeInCash": 7315000}, {"maxAge": 1, "endDate": "2017-03-31", "netIncome": -3943266000, "depreciation": 293286000, "changeToNetincome": 516372000, "changeToAccountReceivables": 2706553000, "changeToLiabilities": -4144383000, "changeToInventory": 1913193000, "changeToOperatingActivities": -3145957000, "totalCashFromOperatingActivities": -5804202000, "capitalExpenditures": -6566000, "investments": -919000, "otherCashflowsFromInvestingActivities": -35353000, "totalCashflowsFromInvestingActivities": 13005421000, "netBorrowings": -7678385000, "otherCashflowsFromFinancingActivities": -197414000, "totalCashFromFinancingActivities": -7875799000, "changeInCash": -674579000}], "maxAge": 86400}, "institutionOwnership": {"ownershipList": [], "maxAge": 1}, "balanceSheetHistoryQuarterly": {"balanceSheetStatements": [{"maxAge": 1, "endDate": "2020-06-30", "totalStockholderEquity": 1321247000, "netTangibleAssets": 874774000}, {"maxAge": 1, "endDate": "2020-03-31", "cash": 46998000, "netReceivables": 460138000, "inventory": 1370716000, "otherCurrentAssets": 130050000, "totalCurrentAssets": 2014809000, "longTermInvestments": 72787000, "propertyPlantEquipment": 1716809000, "goodWill": 216798000, "intangibleAssets": 229675000, "otherAssets": 109663000, "totalAssets": 4360541000, "accountsPayable": 506924000, "shortLongTermDebt": 450581000, "otherCurrentLiab": 217412000, "longTermDebt": 408689000, "otherLiab": 207339000, "totalCurrentLiabilities": 2423266000, "totalLiab": 3039294000, "commonStock": 503832000, "retainedEarnings": 335155000, "treasuryStock": 422319000, "capitalSurplus": 59941000, "otherStockholderEquity": 422319000, "totalStockholderEquity": 1321247000, "netTangibleAssets": 874774000}, {"maxAge": 1, "endDate": "2019-12-31", "totalStockholderEquity": 1601102000, "netTangibleAssets": 1368457000}, {"maxAge": 1, "endDate": "2019-09-30", "cash": 32120000, "shortTermInvestments": 4546000, "netReceivables": 487767000, "inventory": 1497146000, "otherCurrentAssets": 370586000, "totalCurrentAssets": 2392165000, "longTermInvestments": 72356000, "propertyPlantEquipment": 1999935000, "intangibleAssets": 232645000, "otherAssets": 99250000, "totalAssets": 4796351000, "accountsPayable": 471679000, "otherCurrentLiab": 979022000, "longTermDebt": 511944000, "otherLiab": 221084000, "totalCurrentLiabilities": 2462221000, "totalLiab": 3195249000, "commonStock": 503832000, "treasuryStock": 1097270000, "otherStockholderEquity": 1097270000, "totalStockholderEquity": 1601102000, "netTangibleAssets": 1368457000}], "maxAge": 86400}, "earningsHistory": {"history": [{"maxAge": 1, "epsActual": {}, "epsEstimate": {}, "epsDifference": {}, "surprisePercent": {}, "quarter": {}, "period": "-4q"}, {"maxAge": 1, "epsActual": {}, "epsEstimate": {}, "epsDifference": {}, "surprisePercent": {}, "quarter": {}, "period": "-3q"}, {"maxAge": 1, "epsActual": {}, "epsEstimate": {}, "epsDifference": {}, "surprisePercent": {}, "quarter": {}, "period": "-2q"}, {"maxAge": 1, "epsActual": {}, "epsEstimate": {}, "epsDifference": {}, "surprisePercent": {}, "quarter": {}, "period": "-1q"}], "maxAge": 86400}, "indexTrend": {"maxAge": 1, "symbol": "SP5", "peRatio": 19.7411, "pegRatio": 1.34172, "estimates": [{"period": "0q", "growth": 0.549}, {"period": "+1q", "growth": 0.431}, {"period": "0y", "growth": 0.305}, {"period": "+1y", "growth": 0.109}, {"period": "+5y", "growth": 0.120859005}, {"period": "-5y"}]}, "industryTrend": {"maxAge": 1, "symbol": null, "estimates": []}, "insiderTransactions": {"transactions": [{"maxAge": 1, "shares": 960000, "filerUrl": "", "transactionText": "", "filerName": "Bach Ltd", "filerRelation": "Institution- Corporation", "moneyText": "", "startDate": "2013-09-20", "ownership": "D"}, {"maxAge": 1, "shares": 1714523, "filerUrl": "", "transactionText": "", "filerName": "Bach Ltd", "filerRelation": "Institution- Corporation", "moneyText": "", "startDate": "2013-09-17", "ownership": "D"}, {"maxAge": 1, "shares": 999539, "filerUrl": "", "transactionText": "", "filerName": "LTS Investment Fund, Ltd.", "filerRelation": "Institution- Corporation", "moneyText": "", "startDate": "2013-09-16", "ownership": "D"}, {"maxAge": 1, "shares": 2506732, "filerUrl": "", "transactionText": "", "filerName": "Amtek Auto Ltd.", "filerRelation": "Institution- Corporation", "moneyText": "", "startDate": "2013-08-19", "ownership": "D"}, {"maxAge": 1, "shares": 2452299, "filerUrl": "", "transactionText": "", "filerName": "RSD Finance Ltd", "filerRelation": "Promoter", "moneyText": "", "startDate": "2013-08-19", "ownership": "D"}, {"maxAge": 1, "shares": 54433, "filerUrl": "", "transactionText": "", "filerName": "K U Benefit Trust", "filerRelation": "Institution- Corporation", "moneyText": "", "startDate": "2013-08-19", "ownership": "D"}, {"maxAge": 1, "shares": 602161, "filerUrl": "", "transactionText": "", "filerName": "SRP Oil Pvt Ltd", "filerRelation": "Promoter", "moneyText": "", "startDate": "2013-06-27", "ownership": "D"}, {"maxAge": 1, "shares": 2739946, "filerUrl": "", "transactionText": "", "filerName": "RSD Finance Ltd", "filerRelation": "Promoter", "moneyText": "", "startDate": "2013-06-27", "ownership": "D"}, {"maxAge": 1, "shares": 197660, "filerUrl": "", "transactionText": "", "filerName": "Precision Automotive Company Pvt Ltd", "filerRelation": "Promoter", "moneyText": "", "startDate": "2013-06-27", "ownership": "D"}, {"maxAge": 1, "shares": 2500, "filerUrl": "", "transactionText": "", "filerName": "Dugal (Kawaljeet)", "filerRelation": "UNREPORTED", "moneyText": "", "startDate": "2013-06-27", "ownership": "D"}, {"maxAge": 1, "shares": 2878, "filerUrl": "", "transactionText": "", "filerName": "Dugal (Jasjit Singh)", "filerRelation": "Non Independent Director", "moneyText": "", "startDate": "2013-06-27", "ownership": "D"}, {"maxAge": 1, "shares": 531945, "filerUrl": "", "transactionText": "", "filerName": "SRP Oil Pvt Ltd", "filerRelation": "Promoter", "moneyText": "", "startDate": "2013-01-21", "ownership": "D"}, {"maxAge": 1, "shares": 10000, "filerUrl": "", "transactionText": "", "filerName": "SRP Oil Pvt Ltd", "filerRelation": "Promoter", "moneyText": "", "startDate": "2013-01-08", "ownership": "D"}, {"maxAge": 1, "shares": 5000, "filerUrl": "", "transactionText": "", "filerName": "SRP Oil Pvt Ltd", "filerRelation": "Promoter", "moneyText": "", "startDate": "2012-12-31", "ownership": "D"}, {"maxAge": 1, "shares": 9627, "filerUrl": "", "transactionText": "", "filerName": "RSD Finance Ltd", "filerRelation": "Promoter", "moneyText": "", "startDate": "2012-02-17", "ownership": "D"}, {"maxAge": 1, "shares": 10000, "filerUrl": "", "transactionText": "", "filerName": "RSD Finance Ltd", "filerRelation": "Promoter", "moneyText": "", "startDate": "2011-10-17", "ownership": "D"}, {"maxAge": 1, "shares": 6505, "filerUrl": "", "transactionText": "", "filerName": "RSD Finance Ltd", "filerRelation": "Promoter", "moneyText": "", "startDate": "2011-10-14", "ownership": "D"}, {"maxAge": 1, "shares": 10300, "filerUrl": "", "transactionText": "", "filerName": "RSD Finance Ltd", "filerRelation": "Promoter", "moneyText": "", "startDate": "2011-10-14", "ownership": "D"}, {"maxAge": 1, "shares": 20000, "filerUrl": "", "transactionText": "", "filerName": "Dugal (Rajeev Singh)", "filerRelation": "Chairman of the Board", "moneyText": "", "startDate": "2011-03-14", "ownership": "D"}, {"maxAge": 1, "shares": 62500, "filerUrl": "", "transactionText": "", "filerName": "Dugal (Rajeev Singh)", "filerRelation": "Chairman of the Board", "moneyText": "", "startDate": "2011-03-10", "ownership": "D"}, {"maxAge": 1, "shares": 20000, "filerUrl": "", "transactionText": "", "filerName": "Dugal (Rajeev Singh)", "filerRelation": "Chairman of the Board", "moneyText": "", "startDate": "2011-01-07", "ownership": "D"}], "maxAge": 1}, "quoteType": {"exchange": "BSE", "quoteType": "EQUITY", "symbol": "JMTAUTOLTD.BO", "underlyingSymbol": "JMTAUTOLTD.BO", "shortName": "JMT AUTO LTD.", "longName": "JMT Auto Limited", "firstTradeDateEpochUtc": "2000-01-03 09:15:00", "timeZoneFullName": "Asia/Kolkata", "timeZoneShortName": "IST", "uuid": "00f10094-b83b-34ff-93e9-c976757daa17", "gmtOffSetMilliseconds": 19800000, "maxAge": 1}, "incomeStatementHistory": {"incomeStatementHistory": [{"maxAge": 1, "endDate": "2020-03-31", "totalRevenue": 3756484000, "costOfRevenue": 1649019000, "grossProfit": 2107465000, "researchDevelopment": {}, "sellingGeneralAdministrative": 919242000, "nonRecurring": {}, "otherOperatingExpenses": 1201287000, "totalOperatingExpenses": 4201958000, "operatingIncome": -445474000, "totalOtherIncomeExpenseNet": -216692000, "ebit": -445474000, "interestExpense": -232450000, "incomeBeforeTax": -662166000, "incomeTaxExpense": -78693000, "minorityInterest": {}, "netIncomeFromContinuingOps": -583473000, "discontinuedOperations": {}, "extraordinaryItems": {}, "effectOfAccountingCharges": {}, "otherItems": {}, "netIncome": -583473000, "netIncomeApplicableToCommonShares": -583473000}, {"maxAge": 1, "endDate": "2019-03-31", "totalRevenue": 5781550000, "costOfRevenue": 2268855000, "grossProfit": 3512695000, "researchDevelopment": {}, "sellingGeneralAdministrative": 1066605000, "nonRecurring": {}, "otherOperatingExpenses": 2012189000, "totalOperatingExpenses": 5731391000, "operatingIncome": 50159000, "totalOtherIncomeExpenseNet": -236858000, "ebit": 50159000, "interestExpense": -290833000, "incomeBeforeTax": -186699000, "incomeTaxExpense": -11622000, "minorityInterest": {}, "netIncomeFromContinuingOps": -175077000, "discontinuedOperations": {}, "extraordinaryItems": {}, "effectOfAccountingCharges": {}, "otherItems": {}, "netIncome": -175077000, "netIncomeApplicableToCommonShares": -175077000}, {"maxAge": 1, "endDate": "2018-03-31", "totalRevenue": 3477672000, "costOfRevenue": 1400852000, "grossProfit": 2076820000, "researchDevelopment": {}, "sellingGeneralAdministrative": 215698000, "nonRecurring": {}, "otherOperatingExpenses": 1367833000, "totalOperatingExpenses": 3270202000, "operatingIncome": 207470000, "totalOtherIncomeExpenseNet": -190365000, "ebit": 207470000, "interestExpense": -190077000, "incomeBeforeTax": 17105000, "incomeTaxExpense": 9351000, "minorityInterest": {}, "netIncomeFromContinuingOps": 7754000, "discontinuedOperations": 1035491000, "extraordinaryItems": {}, "effectOfAccountingCharges": {}, "otherItems": {}, "netIncome": 1043245000, "netIncomeApplicableToCommonShares": 1043245000}, {"maxAge": 1, "endDate": "2017-03-31", "totalRevenue": 3154203000, "costOfRevenue": 1215010000, "grossProfit": 1939193000, "researchDevelopment": {}, "sellingGeneralAdministrative": 229508000, "nonRecurring": {}, "otherOperatingExpenses": 1168186000, "totalOperatingExpenses": 2905990000, "operatingIncome": 248213000, "totalOtherIncomeExpenseNet": -189709000, "ebit": 248213000, "interestExpense": -192077000, "incomeBeforeTax": 58504000, "incomeTaxExpense": 15572000, "minorityInterest": {}, "netIncomeFromContinuingOps": 42932000, "discontinuedOperations": -3986198000, "extraordinaryItems": {}, "effectOfAccountingCharges": {}, "otherItems": {}, "netIncome": -3943266000, "netIncomeApplicableToCommonShares": -3943266000}], "maxAge": 86400}, "fundOwnership": {"ownershipList": [], "maxAge": 1}, "summaryDetail": {"maxAge": 1, "priceHint": 4, "previousClose": 2.47, "open": 2.48, "dayLow": 2.4, "dayHigh": 2.51, "regularMarketPreviousClose": 2.47, "regularMarketOpen": 2.48, "regularMarketDayLow": 2.4, "regularMarketDayHigh": 2.51, "forwardPE": 11.181818, "volume": 80059, "regularMarketVolume": 80059, "averageVolume": 354334, "averageVolume10days": 130338, "averageDailyVolume10Day": 130338, "bid": 2.45, "ask": 2.47, "bidSize": 0, "askSize": 0, "marketCap": 1239426688, "fiftyTwoWeekLow": 0.83, "fiftyTwoWeekHigh": 7.23, "fiftyDayAverage": 3.0172727, "twoHundredDayAverage": 2.9755147, "currency": "INR", "fromCurrency": null, "lastMarket": null, "algorithm": null, "tradeable": false}, "sectorTrend": {"maxAge": 1, "symbol": null, "estimates": []}, "incomeStatementHistoryQuarterly": {"incomeStatementHistory": [{"maxAge": 1, "endDate": "2020-06-30", "totalRevenue": 301134000, "costOfRevenue": 103085000, "grossProfit": 198049000, "researchDevelopment": {}, "sellingGeneralAdministrative": 133954000, "nonRecurring": {}, "otherOperatingExpenses": 103966000, "totalOperatingExpenses": 426102000, "operatingIncome": -124968000, "totalOtherIncomeExpenseNet": -58730000, "ebit": -124968000, "interestExpense": -58883000, "incomeBeforeTax": -183698000, "incomeTaxExpense": -67293000, "minorityInterest": {}, "netIncomeFromContinuingOps": -116405000, "discontinuedOperations": {}, "extraordinaryItems": {}, "effectOfAccountingCharges": {}, "otherItems": {}, "netIncome": -116405000, "netIncomeApplicableToCommonShares": -116405000}, {"maxAge": 1, "endDate": "2020-03-31", "totalRevenue": 943941000, "costOfRevenue": 459227000, "grossProfit": 484714000, "researchDevelopment": {}, "sellingGeneralAdministrative": 241073000, "nonRecurring": {}, "otherOperatingExpenses": 189454000, "totalOperatingExpenses": 1035269000, "operatingIncome": -91328000, "totalOtherIncomeExpenseNet": -124236000, "ebit": -91328000, "interestExpense": -61009000, "incomeBeforeTax": -215564000, "incomeTaxExpense": -55540000, "minorityInterest": {}, "netIncomeFromContinuingOps": -160024000, "discontinuedOperations": {}, "extraordinaryItems": {}, "effectOfAccountingCharges": {}, "otherItems": {}, "netIncome": -160024000, "netIncomeApplicableToCommonShares": -160024000}, {"maxAge": 1, "endDate": "2019-12-31", "totalRevenue": 717648000, "costOfRevenue": 310873000, "grossProfit": 406775000, "researchDevelopment": {}, "sellingGeneralAdministrative": 203383000, "nonRecurring": {}, "otherOperatingExpenses": 270172000, "totalOperatingExpenses": 870692000, "operatingIncome": -153044000, "totalOtherIncomeExpenseNet": -43422000, "ebit": -153044000, "interestExpense": -59445000, "incomeBeforeTax": -196466000, "incomeTaxExpense": 25548000, "minorityInterest": {}, "netIncomeFromContinuingOps": -222014000, "discontinuedOperations": {}, "extraordinaryItems": {}, "effectOfAccountingCharges": {}, "otherItems": {}, "netIncome": -222014000, "netIncomeApplicableToCommonShares": -222014000}, {"maxAge": 1, "endDate": "2019-09-30", "totalRevenue": 879325000, "costOfRevenue": 370881000, "grossProfit": 508444000, "researchDevelopment": {}, "sellingGeneralAdministrative": 243067000, "nonRecurring": {}, "otherOperatingExpenses": 350437000, "totalOperatingExpenses": 1065276000, "operatingIncome": -185951000, "totalOtherIncomeExpenseNet": -19265000, "ebit": -185951000, "interestExpense": -56298000, "incomeBeforeTax": -205216000, "incomeTaxExpense": -11860000, "minorityInterest": {}, "netIncomeFromContinuingOps": -193356000, "discontinuedOperations": {}, "extraordinaryItems": {}, "effectOfAccountingCharges": {}, "otherItems": {}, "netIncome": -193356000, "netIncomeApplicableToCommonShares": -193356000}], "maxAge": 86400}, "cashflowStatementHistoryQuarterly": {"cashflowStatements": [{"maxAge": 1, "endDate": "2020-06-30", "netIncome": -116405000, "changeToLiabilities": 0}, {"maxAge": 1, "endDate": "2020-03-31", "netIncome": -160024000, "changeToLiabilities": 0}, {"maxAge": 1, "endDate": "2019-12-31", "netIncome": -222014000, "changeToLiabilities": 0}, {"maxAge": 1, "endDate": "2019-09-30", "netIncome": -193356000, "changeToLiabilities": 0}], "maxAge": 86400}, "insiderHolders": {"holders": [{"maxAge": 1, "name": "Amtek Auto Ltd.", "relation": "Institution- Corporation", "url": "", "transactionDescription": "Purchase", "latestTransDate": "2013-08-19", "positionDirect": 6056732, "positionDirectDate": "2013-08-19"}, {"maxAge": 1, "name": "Bach Ltd", "relation": "Institution- Corporation", "url": "", "transactionDescription": "Sale", "latestTransDate": "2013-09-20", "positionDirect": 223077, "positionDirectDate": "2013-09-20"}, {"maxAge": 1, "name": "Dugal (Jasjit Singh)", "relation": "Non Independent Director", "url": "", "transactionDescription": "Sale", "latestTransDate": "2013-06-27", "positionDirect": 0, "positionDirectDate": "2013-06-27"}, {"maxAge": 1, "name": "Dugal (Kawaljeet)", "relation": "UNREPORTED", "url": "", "transactionDescription": "Sale", "latestTransDate": "2013-06-27", "positionDirect": 0, "positionDirectDate": "2013-06-27"}, {"maxAge": 1, "name": "Dugal (Rajeev Singh)", "relation": "Chairman of the Board", "url": "", "transactionDescription": "Acquisition", "latestTransDate": "2011-03-14", "positionDirect": 1315968, "positionDirectDate": "2011-03-14"}, {"maxAge": 1, "name": "K U Benefit Trust", "relation": "Institution- Corporation", "url": "", "transactionDescription": "Sale", "latestTransDate": "2013-08-19", "positionDirect": 0, "positionDirectDate": "2013-08-19"}, {"maxAge": 1, "name": "LTS Investment Fund, Ltd.", "relation": "Institution- Corporation", "url": "", "transactionDescription": "Acquisition", "latestTransDate": "2013-09-16", "positionDirect": 999539, "positionDirectDate": "2013-09-16"}, {"maxAge": 1, "name": "Precision Automotive Company Pvt Ltd", "relation": "Promoter", "url": "", "transactionDescription": "Sale", "latestTransDate": "2013-06-27", "positionDirect": 0, "positionDirectDate": "2013-06-27"}, {"maxAge": 1, "name": "RSD Finance Ltd", "relation": "Promoter", "url": "", "transactionDescription": "Sale", "latestTransDate": "2013-08-19", "positionDirect": 0, "positionDirectDate": "2013-08-19"}, {"maxAge": 1, "name": "SRP Oil Pvt Ltd", "relation": "Promoter", "url": "", "transactionDescription": "Sale", "latestTransDate": "2013-06-27", "positionDirect": 0, "positionDirectDate": "2013-06-27"}], "maxAge": 1}, "earnings": {"maxAge": 86400, "earningsChart": {"quarterly": [], "earningsDate": []}, "financialsChart": {"yearly": [{"date": 2017, "revenue": 3154203000, "earnings": -3943266000}, {"date": 2018, "revenue": 3477672000, "earnings": 1043245000}, {"date": 2019, "revenue": 5781550000, "earnings": -175077000}, {"date": 2020, "revenue": 3756484000, "earnings": -583473000}], "quarterly": [{"date": "3Q2019", "revenue": 879325000, "earnings": -193356000}, {"date": "4Q2019", "revenue": 717648000, "earnings": -222014000}, {"date": "1Q2020", "revenue": 943941000, "earnings": -160024000}, {"date": "2Q2020", "revenue": 301134000, "earnings": -116405000}]}, "financialCurrency": "INR"}, "calendarEvents": {"maxAge": 1, "earnings": {"earningsDate": []}}, "upgradeDowngradeHistory": {"history": [], "maxAge": 86400}, "price": {"maxAge": 1, "regularMarketChangePercent": -0.004048579, "regularMarketChange": -0.00999999, "regularMarketTime": "2021-04-30 15:27:50", "priceHint": 4, "regularMarketPrice": 2.46, "regularMarketDayHigh": 2.51, "regularMarketDayLow": 2.4, "regularMarketVolume": 80059, "averageDailyVolume10Day": 130338, "averageDailyVolume3Month": 354334, "regularMarketPreviousClose": 2.47, "regularMarketSource": "FREE_REALTIME", "regularMarketOpen": 2.48, "exchange": "BSE", "exchangeName": "BSE", "exchangeDataDelayedBy": 0, "marketState": "CLOSED", "quoteType": "EQUITY", "symbol": "JMTAUTOLTD.BO", "underlyingSymbol": null, "shortName": "JMT AUTO LTD.", "longName": "JMT Auto Limited", "currency": "INR", "quoteSourceName": "Delayed Quote", "currencySymbol": "\u20b9", "fromCurrency": null, "lastMarket": null, "marketCap": 1239426688}, "balanceSheetHistory": {"balanceSheetStatements": [{"maxAge": 1, "endDate": "2020-03-31", "cash": 46998000, "netReceivables": 460138000, "inventory": 1370716000, "otherCurrentAssets": 130050000, "totalCurrentAssets": 2014809000, "longTermInvestments": 72787000, "propertyPlantEquipment": 1716809000, "goodWill": 216798000, "intangibleAssets": 229675000, "otherAssets": 109663000, "totalAssets": 4360541000, "accountsPayable": 506924000, "shortLongTermDebt": 450581000, "otherCurrentLiab": 217412000, "longTermDebt": 408689000, "otherLiab": 207339000, "totalCurrentLiabilities": 2423266000, "totalLiab": 3039294000, "commonStock": 503832000, "retainedEarnings": 335155000, "treasuryStock": 422319000, "capitalSurplus": 59941000, "otherStockholderEquity": 422319000, "totalStockholderEquity": 1321247000, "netTangibleAssets": 874774000}, {"maxAge": 1, "endDate": "2019-03-31", "cash": 44138000, "netReceivables": 602507000, "inventory": 1601410000, "otherCurrentAssets": 393934000, "totalCurrentAssets": 2649852000, "longTermInvestments": 71722000, "propertyPlantEquipment": 1646307000, "goodWill": 205243000, "intangibleAssets": 252979000, "otherAssets": 160779000, "totalAssets": 4986882000, "accountsPayable": 579631000, "shortLongTermDebt": 274382000, "otherCurrentLiab": 418442000, "longTermDebt": 516777000, "otherLiab": 277704000, "totalCurrentLiabilities": 2388373000, "totalLiab": 3182854000, "commonStock": 503832000, "retainedEarnings": 919769000, "treasuryStock": 320486000, "capitalSurplus": 59941000, "otherStockholderEquity": 320486000, "totalStockholderEquity": 1804028000, "netTangibleAssets": 1345806000}, {"maxAge": 1, "endDate": "2018-03-31", "cash": 10997000, "netReceivables": 530491000, "inventory": 1297031000, "otherCurrentAssets": 2165908000, "totalCurrentAssets": 4012078000, "longTermInvestments": 71327000, "propertyPlantEquipment": 1327156000, "intangibleAssets": 4780000, "otherAssets": 89450000, "totalAssets": 5504791000, "accountsPayable": 402541000, "shortLongTermDebt": 208221000, "otherCurrentLiab": 3459761000, "longTermDebt": 475463000, "otherLiab": 133490000, "totalCurrentLiabilities": 4955416000, "totalLiab": 5564369000, "commonStock": 503832000, "retainedEarnings": -2326419000, "treasuryStock": 1703068000, "capitalSurplus": 59941000, "otherStockholderEquity": 1703068000, "totalStockholderEquity": -59578000, "netTangibleAssets": -64358000}, {"maxAge": 1, "endDate": "2017-03-31", "cash": 3681000, "netReceivables": 585170000, "inventory": 1178126000, "otherCurrentAssets": 9208598000, "totalCurrentAssets": 11056655000, "longTermInvestments": 71479000, "propertyPlantEquipment": 1549865000, "intangibleAssets": 1193000, "otherAssets": 96537000, "totalAssets": 12775729000, "accountsPayable": 414467000, "shortLongTermDebt": 407154000, "otherCurrentLiab": 11273793000, "longTermDebt": 422071000, "otherLiab": 186337000, "totalCurrentLiabilities": 12946154000, "totalLiab": 13554562000, "commonStock": 503832000, "retainedEarnings": -3711964000, "treasuryStock": 2369358000, "capitalSurplus": 59941000, "otherStockholderEquity": 2369358000, "totalStockholderEquity": -778833000, "netTangibleAssets": -780026000}], "maxAge": 86400}, "earningsTrend": {"trend": [{"maxAge": 1, "period": "0q", "endDate": null, "growth": {}, "earningsEstimate": {"avg": 0.0, "low": 0.0, "high": 0.0, "yearAgoEps": {}, "numberOfAnalysts": 0, "growth": {}}, "revenueEstimate": {"avg": 0, "low": 0, "high": 0, "numberOfAnalysts": 0, "yearAgoRevenue": {}, "growth": {}}, "epsTrend": {"current": 0.0, "7daysAgo": 0.0, "30daysAgo": 0.0, "60daysAgo": 0.0, "90daysAgo": 0.0}, "epsRevisions": {"upLast7days": 0, "upLast30days": 0, "downLast30days": 0, "downLast90days": {}}}, {"maxAge": 1, "period": "+1q", "endDate": null, "growth": {}, "earningsEstimate": {"avg": 0.0, "low": 0.0, "high": 0.0, "yearAgoEps": {}, "numberOfAnalysts": 0, "growth": {}}, "revenueEstimate": {"avg": 0, "low": 0, "high": 0, "numberOfAnalysts": 0, "yearAgoRevenue": {}, "growth": {}}, "epsTrend": {"current": 0.0, "7daysAgo": 0.0, "30daysAgo": 0.0, "60daysAgo": 0.0, "90daysAgo": 0.0}, "epsRevisions": {"upLast7days": 0, "upLast30days": 0, "downLast30days": 0, "downLast90days": {}}}, {"maxAge": 1, "period": "0y", "endDate": null, "growth": {}, "earningsEstimate": {"avg": 0.0, "low": 0.0, "high": 0.0, "yearAgoEps": {}, "numberOfAnalysts": 0, "growth": {}}, "revenueEstimate": {"avg": 0, "low": 0, "high": 0, "numberOfAnalysts": 0, "yearAgoRevenue": {}, "growth": {}}, "epsTrend": {"current": 0.0, "7daysAgo": 0.0, "30daysAgo": 0.0, "60daysAgo": 0.0, "90daysAgo": 0.0}, "epsRevisions": {"upLast7days": 0, "upLast30days": 0, "downLast30days": 0, "downLast90days": {}}}, {"maxAge": 1, "period": "+1y", "endDate": null, "growth": {}, "earningsEstimate": {"avg": 0.0, "low": 0.0, "high": 0.0, "yearAgoEps": {}, "numberOfAnalysts": 0, "growth": {}}, "revenueEstimate": {"avg": 0, "low": 0, "high": 0, "numberOfAnalysts": 0, "yearAgoRevenue": {}, "growth": {}}, "epsTrend": {"current": 0.0, "7daysAgo": 0.0, "30daysAgo": 0.0, "60daysAgo": 0.0, "90daysAgo": 0.0}, "epsRevisions": {"upLast7days": 0, "upLast30days": 0, "downLast30days": 0, "downLast90days": {}}}, {"maxAge": 1, "period": "+5y", "endDate": null, "growth": {}, "earningsEstimate": {"avg": {}, "low": {}, "high": {}, "yearAgoEps": {}, "numberOfAnalysts": {}, "growth": {}}, "revenueEstimate": {"avg": {}, "low": {}, "high": {}, "numberOfAnalysts": {}, "yearAgoRevenue": {}, "growth": {}}, "epsTrend": {"current": {}, "7daysAgo": {}, "30daysAgo": {}, "60daysAgo": {}, "90daysAgo": {}}, "epsRevisions": {"upLast7days": {}, "upLast30days": {}, "downLast30days": {}, "downLast90days": {}}}, {"maxAge": 1, "period": "-5y", "endDate": null, "growth": {}, "earningsEstimate": {"avg": {}, "low": {}, "high": {}, "yearAgoEps": {}, "numberOfAnalysts": {}, "growth": {}}, "revenueEstimate": {"avg": {}, "low": {}, "high": {}, "numberOfAnalysts": {}, "yearAgoRevenue": {}, "growth": {}}, "epsTrend": {"current": {}, "7daysAgo": {}, "30daysAgo": {}, "60daysAgo": {}, "90daysAgo": {}}, "epsRevisions": {"upLast7days": {}, "upLast30days": {}, "downLast30days": {}, "downLast90days": {}}}], "maxAge": 1}, "financialData": {"maxAge": 86400, "currentPrice": 2.46, "targetHighPrice": 70.0, "targetLowPrice": 70.0, "targetMeanPrice": 70.0, "targetMedianPrice": 70.0, "recommendationKey": "none", "numberOfAnalystOpinions": 1, "grossProfits": 2107465000, "financialCurrency": "INR"}}}