{"JOCIL.NS": {"assetProfile": {"address1": "PO Box 216", "address2": "Arundelpet", "city": "Guntur", "zip": "522002", "country": "India", "phone": "91 86 3229 0190", "fax": "91 86 3229 0090", "website": "http://www.jocil.in", "industry": "Specialty Chemicals", "sector": "Basic Materials", "longBusinessSummary": "Jocil Limited manufactures and sells stearic acid flakes, fatty acids, soap noodles, toilet soaps, refined glycerine, and industrial oxygen in India. It operates through Chemicals, Soap, and Power segments. The company also offers contract manufacturing services; and generates power from biomass and wind. The company was formerly known as Jayalakshmi Oil and Chemical Industries Limited and changed its name to Jocil Limited in 1992. The company was incorporated in 1978 and is based in Guntur, India. Jocil Limited is a subsidiary of The Andhra Sugars Limited.", "companyOfficers": [{"maxAge": 1, "name": "Mr. Jagarlamudi Murali Mohan M.B.A.", "age": 70, "title": "MD, COO & Whole-Time Director", "yearBorn": 1950, "fiscalYear": 2020, "totalPay": 15031627, "exercisedValue": 0, "unexercisedValue": 0}, {"maxAge": 1, "name": "Mr. K.  Raghuram F.C.A., F.C.M.A.", "title": "Compliance Officer,Sec. & Deputy GM of Fin.", "fiscalYear": 2020, "totalPay": 3352988, "exercisedValue": 0, "unexercisedValue": 0}, {"maxAge": 1, "name": "Ms. N. L. Prasad Rao", "title": "Sr. Personnel Officer", "exercisedValue": 0, "unexercisedValue": 0}], "compensationAsOfEpochDate": "2020-12-31 05:30:00", "maxAge": 86400}, "recommendationTrend": {"trend": [{"period": "0m", "strongBuy": 0, "buy": 0, "hold": 0, "sell": 0, "strongSell": 0}, {"period": "-1m", "strongBuy": 0, "buy": 0, "hold": 0, "sell": 0, "strongSell": 0}, {"period": "-2m", "strongBuy": 0, "buy": 0, "hold": 0, "sell": 0, "strongSell": 0}, {"period": "-3m", "strongBuy": 0, "buy": 0, "hold": 0, "sell": 0, "strongSell": 0}], "maxAge": 86400}, "cashflowStatementHistory": {"cashflowStatements": [{"maxAge": 1, "endDate": "2020-03-31", "netIncome": 124919000, "depreciation": 59205000, "changeToNetincome": -26125000, "changeToAccountReceivables": -122508000, "changeToLiabilities": 208971000, "changeToInventory": -157003000, "totalCashFromOperatingActivities": 87459000, "capitalExpenditures": -52497000, "investments": 29563000, "otherCashflowsFromInvestingActivities": 14945000, "totalCashflowsFromInvestingActivities": -7977000, "dividendsPaid": -10707000, "netBorrowings": -211000, "otherCashflowsFromFinancingActivities": -10242000, "totalCashFromFinancingActivities": -21160000, "changeInCash": 58322000}, {"maxAge": 1, "endDate": "2019-03-31", "netIncome": 31744597, "depreciation": 54436487, "changeToNetincome": -8909478, "changeToAccountReceivables": -83229170, "changeToLiabilities": -19307630, "changeToInventory": -14500531, "totalCashFromOperatingActivities": -36961214, "capitalExpenditures": -34115254, "investments": 70159621, "otherCashflowsFromInvestingActivities": 16322716, "totalCashflowsFromInvestingActivities": 52451829, "dividendsPaid": -17762300, "netBorrowings": 16773758, "otherCashflowsFromFinancingActivities": -17738278, "totalCashFromFinancingActivities": -18726820, "changeInCash": -3236205}, {"maxAge": 1, "endDate": "2018-03-31", "netIncome": 41045437, "depreciation": 63211832, "changeToNetincome": 2088309, "changeToAccountReceivables": 489022906, "changeToLiabilities": -204286451, "changeToInventory": -4760099, "totalCashFromOperatingActivities": 388448110, "capitalExpenditures": -8185655, "investments": -100639128, "otherCashflowsFromInvestingActivities": 20571574, "totalCashflowsFromInvestingActivities": -88001066, "dividendsPaid": -26643450, "netBorrowings": -217637341, "otherCashflowsFromFinancingActivities": -19620512, "totalCashFromFinancingActivities": -263901303, "changeInCash": 36545741}, {"maxAge": 1, "endDate": "2017-03-31", "netIncome": 82079517, "depreciation": 70470646, "changeToNetincome": -7735651, "changeToAccountReceivables": -361956895, "changeToLiabilities": 147001290, "changeToInventory": -9462630, "totalCashFromOperatingActivities": -79393322, "capitalExpenditures": -42495156, "investments": 201240, "otherCashflowsFromInvestingActivities": 41176413, "totalCashflowsFromInvestingActivities": -1069741, "dividendsPaid": -26643450, "netBorrowings": 193826196, "otherCashflowsFromFinancingActivities": -17282154, "totalCashFromFinancingActivities": 176544042, "changeInCash": 96080979}], "maxAge": 86400}, "indexTrend": {"maxAge": 1, "symbol": "SP5", "peRatio": 19.7411, "pegRatio": 1.34172, "estimates": [{"period": "0q", "growth": 0.549}, {"period": "+1q", "growth": 0.431}, {"period": "0y", "growth": 0.305}, {"period": "+1y", "growth": 0.109}, {"period": "+5y", "growth": 0.120865}, {"period": "-5y"}]}, "defaultKeyStatistics": {"maxAge": 1, "priceHint": 2, "enterpriseValue": 1245985536, "profitMargins": 0.02079, "floatShares": 2606618, "sharesOutstanding": 8881150, "beta": 1.391502, "category": null, "bookValue": 210.723, "priceToBook": 0.796306, "fundFamily": null, "legalType": null, "lastFiscalYearEnd": "2020-03-31 05:30:00", "nextFiscalYearEnd": "2022-03-31 05:30:00", "mostRecentQuarter": "2020-12-31 05:30:00", "earningsQuarterlyGrowth": -0.665, "netIncomeToCommon": 110543000, "trailingEps": 12.449, "lastSplitFactor": "2:1", "lastSplitDate": "2011-09-27 05:30:00", "enterpriseToRevenue": 0.234, "enterpriseToEbitda": 6.043, "52WeekChange": -0.21441948, "SandP52WeekChange": 0.48148263, "lastDividendValue": 3.0, "lastDividendDate": 1599091200}, "industryTrend": {"maxAge": 1, "symbol": null, "estimates": []}, "quoteType": {"exchange": "NSI", "quoteType": "EQUITY", "symbol": "JOCIL.NS", "underlyingSymbol": "JOCIL.NS", "shortName": "JOCIL LTD", "longName": "Jocil Limited", "firstTradeDateEpochUtc": "2008-10-08 09:15:00", "timeZoneFullName": "Asia/Kolkata", "timeZoneShortName": "IST", "uuid": "dbe9df8c-5bdf-34b3-8b5b-52b8d1486826", "messageBoardId": "finmb_34614393", "gmtOffSetMilliseconds": 19800000, "maxAge": 1}, "incomeStatementHistory": {"incomeStatementHistory": [{"maxAge": 1, "endDate": "2020-03-31", "totalRevenue": 4462498000, "costOfRevenue": 3105436000, "grossProfit": 1357062000, "researchDevelopment": {}, "sellingGeneralAdministrative": 289032000, "nonRecurring": {}, "otherOperatingExpenses": 878156000, "totalOperatingExpenses": 4331829000, "operatingIncome": 130669000, "totalOtherIncomeExpenseNet": 45813000, "ebit": 130669000, "interestExpense": -10243000, "incomeBeforeTax": 176482000, "incomeTaxExpense": 51563000, "minorityInterest": {}, "netIncomeFromContinuingOps": 124919000, "discontinuedOperations": {}, "extraordinaryItems": {}, "effectOfAccountingCharges": {}, "otherItems": {}, "netIncome": 124919000, "netIncomeApplicableToCommonShares": 124919000}, {"maxAge": 1, "endDate": "2019-03-31", "totalRevenue": 4024368092, "costOfRevenue": 2979388654, "grossProfit": 1044979438, "researchDevelopment": {}, "sellingGeneralAdministrative": 249450042, "nonRecurring": {}, "otherOperatingExpenses": 724223142, "totalOperatingExpenses": 4010330333, "operatingIncome": 14037759, "totalOtherIncomeExpenseNet": -1430488, "ebit": 14037759, "interestExpense": -11867195, "incomeBeforeTax": 12607271, "incomeTaxExpense": -19137326, "minorityInterest": {}, "netIncomeFromContinuingOps": 31744597, "discontinuedOperations": {}, "extraordinaryItems": {}, "effectOfAccountingCharges": {}, "otherItems": {}, "netIncome": 31744597, "netIncomeApplicableToCommonShares": 31744597}, {"maxAge": 1, "endDate": "2018-03-31", "totalRevenue": 3414708736, "costOfRevenue": 2538907928, "grossProfit": 875800808, "researchDevelopment": {}, "sellingGeneralAdministrative": 226337001, "nonRecurring": {}, "otherOperatingExpenses": 541436036, "totalOperatingExpenses": 3372018973, "operatingIncome": 42689763, "totalOtherIncomeExpenseNet": 6796473, "ebit": 42689763, "interestExpense": -12864032, "incomeBeforeTax": 49486236, "incomeTaxExpense": 8440799, "minorityInterest": {}, "netIncomeFromContinuingOps": 41045437, "discontinuedOperations": {}, "extraordinaryItems": {}, "effectOfAccountingCharges": {}, "otherItems": {}, "netIncome": 41045437, "netIncomeApplicableToCommonShares": 41045437}, {"maxAge": 1, "endDate": "2017-03-31", "totalRevenue": 3757866952, "costOfRevenue": 2792691744, "grossProfit": 965175208, "researchDevelopment": {}, "sellingGeneralAdministrative": 233848138, "nonRecurring": {}, "otherOperatingExpenses": 546442196, "totalOperatingExpenses": 3644525074, "operatingIncome": 113341878, "totalOtherIncomeExpenseNet": -11480982, "ebit": 113341878, "interestExpense": -16001559, "incomeBeforeTax": 101860896, "incomeTaxExpense": 19781379, "minorityInterest": {}, "netIncomeFromContinuingOps": 82079517, "discontinuedOperations": {}, "extraordinaryItems": {}, "effectOfAccountingCharges": {}, "otherItems": {}, "netIncome": 82079517, "netIncomeApplicableToCommonShares": 82079517}], "maxAge": 86400}, "fundOwnership": {"maxAge": 1, "ownershipList": []}, "summaryDetail": {"maxAge": 1, "priceHint": 2, "previousClose": 169.7, "open": 170.0, "dayLow": 165.15, "dayHigh": 173.2, "regularMarketPreviousClose": 169.7, "regularMarketOpen": 170.0, "regularMarketDayLow": 165.15, "regularMarketDayHigh": 173.2, "dividendRate": 3.0, "dividendYield": 0.0177, "exDividendDate": "2020-09-03 05:30:00", "payoutRatio": 0.241, "beta": 1.391502, "trailingPE": 13.478994, "volume": 15362, "regularMarketVolume": 15362, "averageVolume": 19406, "averageVolume10days": 48551, "averageDailyVolume10Day": 48551, "bid": 0.0, "ask": 0.0, "bidSize": 0, "askSize": 0, "marketCap": 1490257024, "fiftyTwoWeekLow": 139.0, "fiftyTwoWeekHigh": 230.0, "priceToSalesTrailing12Months": 0.28035432, "fiftyDayAverage": 154.74142, "twoHundredDayAverage": 165.02937, "trailingAnnualDividendRate": 3.0, "trailingAnnualDividendYield": 0.017678255, "currency": "INR", "fromCurrency": null, "toCurrency": null, "lastMarket": null, "algorithm": null, "tradeable": false}, "insiderHolders": {"holders": [], "maxAge": 1}, "calendarEvents": {"maxAge": 1, "earnings": {"earningsDate": ["2021-02-11 05:30:S"]}, "exDividendDate": "2020-09-03 05:30:00"}, "price": {"maxAge": 1, "regularMarketChangePercent": -0.011196193, "regularMarketChange": -1.8999939, "regularMarketTime": "2021-04-30 15:29:46", "priceHint": 2, "regularMarketPrice": 167.8, "regularMarketDayHigh": 173.2, "regularMarketDayLow": 165.15, "regularMarketVolume": 15362, "averageDailyVolume10Day": 48551, "averageDailyVolume3Month": 19406, "regularMarketPreviousClose": 169.7, "regularMarketSource": "FREE_REALTIME", "regularMarketOpen": 170.0, "exchange": "NSI", "exchangeName": "NSE", "exchangeDataDelayedBy": 15, "marketState": "CLOSED", "quoteType": "EQUITY", "symbol": "JOCIL.NS", "underlyingSymbol": null, "shortName": "JOCIL LTD", "longName": "Jocil Limited", "currency": "INR", "quoteSourceName": "Delayed Quote", "currencySymbol": "\u20b9", "fromCurrency": null, "toCurrency": null, "lastMarket": null, "marketCap": 1490257024}, "balanceSheetHistory": {"balanceSheetStatements": [{"maxAge": 1, "endDate": "2020-03-31", "cash": 242192000, "shortTermInvestments": 1227000, "netReceivables": 810892000, "inventory": 727129000, "otherCurrentAssets": 51212000, "totalCurrentAssets": 1832652000, "longTermInvestments": 16953000, "propertyPlantEquipment": 523500000, "intangibleAssets": 6123000, "otherAssets": 20730000, "totalAssets": 2399958000, "accountsPayable": 323424000, "otherCurrentLiab": 108088000, "otherLiab": 75037000, "totalCurrentLiabilities": 519703000, "totalLiab": 594740000, "commonStock": 88812000, "treasuryStock": 1716406000, "otherStockholderEquity": 1716406000, "totalStockholderEquity": 1805218000, "netTangibleAssets": 1799095000}, {"maxAge": 1, "endDate": "2019-03-31", "cash": 176681187, "shortTermInvestments": 30790000, "netReceivables": 576142080, "inventory": 576835943, "otherCurrentAssets": 133855392, "totalCurrentAssets": 1503791387, "longTermInvestments": 56020304, "propertyPlantEquipment": 526978430, "intangibleAssets": 8870454, "otherAssets": 26377286, "totalAssets": 2122037861, "accountsPayable": 119105840, "otherCurrentLiab": 9271970, "otherLiab": 72663004, "totalCurrentLiabilities": 312417068, "totalLiab": 385080072, "commonStock": 88811500, "retainedEarnings": 1517586436, "treasuryStock": 52184853, "capitalSurplus": 78375000, "otherStockholderEquity": 52184853, "totalStockholderEquity": 1736957789, "netTangibleAssets": 1728087335}, {"maxAge": 1, "endDate": "2018-03-31", "cash": 180240877, "netReceivables": 496504899, "inventory": 575570768, "otherCurrentAssets": 117614522, "totalCurrentAssets": 1479521075, "longTermInvestments": 59268633, "propertyPlantEquipment": 541061420, "intangibleAssets": 11473423, "otherAssets": 27573497, "totalAssets": 2118898048, "accountsPayable": 134862187, "otherCurrentLiab": 9165600, "otherLiab": 81798121, "totalCurrentLiabilities": 316254806, "totalLiab": 398052927, "commonStock": 88811500, "retainedEarnings": 1507255232, "treasuryStock": 46403389, "capitalSurplus": 78375000, "otherStockholderEquity": 46403389, "totalStockholderEquity": 1720845121, "netTangibleAssets": 1709371698}, {"maxAge": 1, "endDate": "2017-03-31", "cash": 145100023, "netReceivables": 928913890, "inventory": 558907362, "otherCurrentAssets": 193207775, "totalCurrentAssets": 1833712443, "longTermInvestments": 27321855, "propertyPlantEquipment": 609410125, "intangibleAssets": 361099, "otherAssets": 35676047, "totalAssets": 2506481569, "accountsPayable": 323908895, "otherCurrentLiab": 8850931, "otherLiab": 87158119, "totalCurrentLiabilities": 737378659, "totalLiab": 824536778, "commonStock": 88811500, "retainedEarnings": 1498277225, "treasuryStock": 16481066, "capitalSurplus": 78375000, "otherStockholderEquity": 16481066, "totalStockholderEquity": 1681944791, "netTangibleAssets": 1681583692}], "maxAge": 86400}, "earningsTrend": {"trend": [{"maxAge": 1, "period": "0q", "endDate": null, "growth": {}, "earningsEstimate": {"avg": 0.0, "low": 0.0, "high": 0.0, "yearAgoEps": {}, "numberOfAnalysts": 0, "growth": {}}, "revenueEstimate": {"avg": 0, "low": 0, "high": 0, "numberOfAnalysts": 0, "yearAgoRevenue": {}, "growth": {}}, "epsTrend": {"current": 0.0, "7daysAgo": 0.0, "30daysAgo": 0.0, "60daysAgo": 0.0, "90daysAgo": 0.0}, "epsRevisions": {"upLast7days": 0, "upLast30days": 0, "downLast30days": 0, "downLast90days": {}}}, {"maxAge": 1, "period": "+1q", "endDate": null, "growth": {}, "earningsEstimate": {"avg": 0.0, "low": 0.0, "high": 0.0, "yearAgoEps": {}, "numberOfAnalysts": 0, "growth": {}}, "revenueEstimate": {"avg": 0, "low": 0, "high": 0, "numberOfAnalysts": 0, "yearAgoRevenue": {}, "growth": {}}, "epsTrend": {"current": 0.0, "7daysAgo": 0.0, "30daysAgo": 0.0, "60daysAgo": 0.0, "90daysAgo": 0.0}, "epsRevisions": {"upLast7days": 0, "upLast30days": 0, "downLast30days": 0, "downLast90days": {}}}, {"maxAge": 1, "period": "0y", "endDate": null, "growth": {}, "earningsEstimate": {"avg": 0.0, "low": 0.0, "high": 0.0, "yearAgoEps": {}, "numberOfAnalysts": 0, "growth": {}}, "revenueEstimate": {"avg": 0, "low": 0, "high": 0, "numberOfAnalysts": 0, "yearAgoRevenue": {}, "growth": {}}, "epsTrend": {"current": 0.0, "7daysAgo": 0.0, "30daysAgo": 0.0, "60daysAgo": 0.0, "90daysAgo": 0.0}, "epsRevisions": {"upLast7days": 0, "upLast30days": 0, "downLast30days": 0, "downLast90days": {}}}, {"maxAge": 1, "period": "+1y", "endDate": null, "growth": {}, "earningsEstimate": {"avg": 0.0, "low": 0.0, "high": 0.0, "yearAgoEps": {}, "numberOfAnalysts": 0, "growth": {}}, "revenueEstimate": {"avg": 0, "low": 0, "high": 0, "numberOfAnalysts": 0, "yearAgoRevenue": {}, "growth": {}}, "epsTrend": {"current": 0.0, "7daysAgo": 0.0, "30daysAgo": 0.0, "60daysAgo": 0.0, "90daysAgo": 0.0}, "epsRevisions": {"upLast7days": 0, "upLast30days": 0, "downLast30days": 0, "downLast90days": {}}}, {"maxAge": 1, "period": "+5y", "endDate": null, "growth": {}, "earningsEstimate": {"avg": {}, "low": {}, "high": {}, "yearAgoEps": {}, "numberOfAnalysts": {}, "growth": {}}, "revenueEstimate": {"avg": {}, "low": {}, "high": {}, "numberOfAnalysts": {}, "yearAgoRevenue": {}, "growth": {}}, "epsTrend": {"current": {}, "7daysAgo": {}, "30daysAgo": {}, "60daysAgo": {}, "90daysAgo": {}}, "epsRevisions": {"upLast7days": {}, "upLast30days": {}, "downLast30days": {}, "downLast90days": {}}}, {"maxAge": 1, "period": "-5y", "endDate": null, "growth": {}, "earningsEstimate": {"avg": {}, "low": {}, "high": {}, "yearAgoEps": {}, "numberOfAnalysts": {}, "growth": {}}, "revenueEstimate": {"avg": {}, "low": {}, "high": {}, "numberOfAnalysts": {}, "yearAgoRevenue": {}, "growth": {}}, "epsTrend": {"current": {}, "7daysAgo": {}, "30daysAgo": {}, "60daysAgo": {}, "90daysAgo": {}}, "epsRevisions": {"upLast7days": {}, "upLast30days": {}, "downLast30days": {}, "downLast90days": {}}}], "maxAge": 1}, "institutionOwnership": {"maxAge": 1, "ownershipList": []}, "majorHoldersBreakdown": {"maxAge": 1}, "balanceSheetHistoryQuarterly": {"balanceSheetStatements": [{"maxAge": 1, "endDate": "2020-12-31", "totalStockholderEquity": 1872075000, "netTangibleAssets": 1867306000}, {"maxAge": 1, "endDate": "2020-09-30", "cash": 92324000, "shortTermInvestments": 222471000, "netReceivables": 767404000, "inventory": 703714000, "otherCurrentAssets": 95631000, "totalCurrentAssets": 1881544000, "longTermInvestments": 34139000, "propertyPlantEquipment": 505318000, "intangibleAssets": 4769000, "otherAssets": 25467000, "totalAssets": 2451237000, "accountsPayable": 309587000, "otherCurrentLiab": 121642000, "otherLiab": 69088000, "totalCurrentLiabilities": 510074000, "totalLiab": 579162000, "commonStock": 88812000, "treasuryStock": 1783263000, "otherStockholderEquity": 1783263000, "totalStockholderEquity": 1872075000, "netTangibleAssets": 1867306000}, {"maxAge": 1, "endDate": "2020-06-30", "totalStockholderEquity": 1805218000, "netTangibleAssets": 1799095000}, {"maxAge": 1, "endDate": "2020-03-31", "cash": 242192000, "shortTermInvestments": 1227000, "netReceivables": 810892000, "inventory": 727129000, "otherCurrentAssets": 51212000, "totalCurrentAssets": 1832652000, "longTermInvestments": 16953000, "propertyPlantEquipment": 523500000, "intangibleAssets": 6123000, "otherAssets": 20730000, "totalAssets": 2399958000, "accountsPayable": 323424000, "otherCurrentLiab": 108088000, "otherLiab": 75037000, "totalCurrentLiabilities": 519703000, "totalLiab": 594740000, "commonStock": 88816000, "treasuryStock": 1716402000, "otherStockholderEquity": 1716402000, "totalStockholderEquity": 1805218000, "netTangibleAssets": 1799095000}], "maxAge": 86400}, "earningsHistory": {"history": [{"maxAge": 1, "epsActual": {}, "epsEstimate": {}, "epsDifference": {}, "surprisePercent": {}, "quarter": {}, "period": "-4q"}, {"maxAge": 1, "epsActual": {}, "epsEstimate": {}, "epsDifference": {}, "surprisePercent": {}, "quarter": {}, "period": "-3q"}, {"maxAge": 1, "epsActual": {}, "epsEstimate": {}, "epsDifference": {}, "surprisePercent": {}, "quarter": {}, "period": "-2q"}, {"maxAge": 1, "epsActual": {}, "epsEstimate": {}, "epsDifference": {}, "surprisePercent": {}, "quarter": {}, "period": "-1q"}], "maxAge": 86400}, "summaryProfile": {"address1": "PO Box 216", "address2": "Arundelpet", "city": "Guntur", "zip": "522002", "country": "India", "phone": "91 86 3229 0190", "fax": "91 86 3229 0090", "website": "http://www.jocil.in", "industry": "Specialty Chemicals", "sector": "Basic Materials", "longBusinessSummary": "Jocil Limited manufactures and sells stearic acid flakes, fatty acids, soap noodles, toilet soaps, refined glycerine, and industrial oxygen in India. It operates through Chemicals, Soap, and Power segments. The company also offers contract manufacturing services; and generates power from biomass and wind. The company was formerly known as Jayalakshmi Oil and Chemical Industries Limited and changed its name to Jocil Limited in 1992. The company was incorporated in 1978 and is based in Guntur, India. Jocil Limited is a subsidiary of The Andhra Sugars Limited.", "companyOfficers": [], "maxAge": 86400}, "netSharePurchaseActivity": {"maxAge": 1, "period": "6m", "buyInfoCount": 0, "buyInfoShares": 0, "sellInfoCount": 0, "netInfoCount": 0, "netInfoShares": 0, "totalInsiderShares": 0}, "sectorTrend": {"maxAge": 1, "symbol": null, "estimates": []}, "incomeStatementHistoryQuarterly": {"incomeStatementHistory": [{"maxAge": 1, "endDate": "2020-12-31", "totalRevenue": 1143023000, "costOfRevenue": 823045000, "grossProfit": 319978000, "researchDevelopment": {}, "sellingGeneralAdministrative": 73861000, "nonRecurring": {}, "otherOperatingExpenses": 208100000, "totalOperatingExpenses": 1119218000, "operatingIncome": 23805000, "totalOtherIncomeExpenseNet": 2098000, "ebit": 23805000, "interestExpense": -2590000, "incomeBeforeTax": 25903000, "incomeTaxExpense": 9420000, "minorityInterest": {}, "netIncomeFromContinuingOps": 16483000, "discontinuedOperations": {}, "extraordinaryItems": {}, "effectOfAccountingCharges": {}, "otherItems": {}, "netIncome": 16483000, "netIncomeApplicableToCommonShares": 16483000}, {"maxAge": 1, "endDate": "2020-09-30", "totalRevenue": 1547874000, "costOfRevenue": 1180913000, "grossProfit": 366961000, "researchDevelopment": {}, "sellingGeneralAdministrative": 72408000, "nonRecurring": {}, "otherOperatingExpenses": 223254000, "totalOperatingExpenses": 1490491000, "operatingIncome": 57383000, "totalOtherIncomeExpenseNet": 3092000, "ebit": 57383000, "interestExpense": -1812000, "incomeBeforeTax": 60475000, "incomeTaxExpense": 19253000, "minorityInterest": {}, "netIncomeFromContinuingOps": 41222000, "discontinuedOperations": {}, "extraordinaryItems": {}, "effectOfAccountingCharges": {}, "otherItems": {}, "netIncome": 41222000, "netIncomeApplicableToCommonShares": 41222000}, {"maxAge": 1, "endDate": "2020-06-30", "totalRevenue": 1413777000, "costOfRevenue": 1070910000, "grossProfit": 342867000, "researchDevelopment": {}, "sellingGeneralAdministrative": 67367000, "nonRecurring": {}, "otherOperatingExpenses": 205121000, "totalOperatingExpenses": 1357168000, "operatingIncome": 56609000, "totalOtherIncomeExpenseNet": 565000, "ebit": 56609000, "interestExpense": -1948000, "incomeBeforeTax": 57174000, "incomeTaxExpense": 18655000, "minorityInterest": {}, "netIncomeFromContinuingOps": 38519000, "discontinuedOperations": {}, "extraordinaryItems": {}, "effectOfAccountingCharges": {}, "otherItems": {}, "netIncome": 38519000, "netIncomeApplicableToCommonShares": 38519000}, {"maxAge": 1, "endDate": "2020-03-31", "totalRevenue": 1210946000, "costOfRevenue": 906032000, "grossProfit": 304914000, "researchDevelopment": {}, "sellingGeneralAdministrative": 69327000, "nonRecurring": {}, "otherOperatingExpenses": 214551000, "totalOperatingExpenses": 1205351000, "operatingIncome": 5595000, "totalOtherIncomeExpenseNet": 20233000, "ebit": 5595000, "interestExpense": -3631000, "incomeBeforeTax": 25828000, "incomeTaxExpense": 11509000, "minorityInterest": {}, "netIncomeFromContinuingOps": 14319000, "discontinuedOperations": {}, "extraordinaryItems": {}, "effectOfAccountingCharges": {}, "otherItems": {}, "netIncome": 14319000, "netIncomeApplicableToCommonShares": 14319000}], "maxAge": 86400}, "cashflowStatementHistoryQuarterly": {"cashflowStatements": [{"maxAge": 1, "endDate": "2020-12-31", "netIncome": 16483000, "changeToLiabilities": 0}, {"maxAge": 1, "endDate": "2020-09-30", "netIncome": 41222000, "changeToLiabilities": 0}, {"maxAge": 1, "endDate": "2020-06-30", "netIncome": 38519000, "changeToLiabilities": 0}, {"maxAge": 1, "endDate": "2020-03-31", "netIncome": 14319000, "changeToLiabilities": 0}], "maxAge": 86400}, "earnings": {"maxAge": 86400, "earningsChart": {"quarterly": [], "earningsDate": ["2021-02-11 05:30:S"]}, "financialsChart": {"yearly": [{"date": 2017, "revenue": 3757866952, "earnings": 82079517}, {"date": 2018, "revenue": 3414708736, "earnings": 41045437}, {"date": 2019, "revenue": 4024368092, "earnings": 31744597}, {"date": 2020, "revenue": 4462498000, "earnings": 124919000}], "quarterly": [{"date": "1Q2020", "revenue": 1210946000, "earnings": 14319000}, {"date": "2Q2020", "revenue": 1413777000, "earnings": 38519000}, {"date": "3Q2020", "revenue": 1547874000, "earnings": 41222000}, {"date": "4Q2020", "revenue": 1143023000, "earnings": 16483000}]}, "financialCurrency": "INR"}, "financialData": {"maxAge": 86400, "currentPrice": 167.8, "recommendationKey": "none", "totalCash": 314795008, "totalCashPerShare": 35.523, "ebitda": 206173392, "totalDebt": 73766000, "totalRevenue": 5315619840, "debtToEquity": 3.94, "revenuePerShare": 598.643, "grossProfits": 1357062000, "earningsGrowth": -0.664, "revenueGrowth": -0.105, "grossMargins": 0.25109, "ebitdaMargins": 0.03879, "operatingMargins": 0.02698, "profitMargins": 0.02079, "financialCurrency": "INR"}}}