{"JOINDRE.BO": {"cashflowStatementHistory": {"cashflowStatements": [{"maxAge": 1, "endDate": "2020-03-31", "netIncome": 11714000, "depreciation": 1236000, "changeToNetincome": -40237000, "changeToAccountReceivables": -21010000, "changeToLiabilities": 50802000, "changeToOperatingActivities": 2747000, "totalCashFromOperatingActivities": 5406000, "capitalExpenditures": -1697000, "investments": -20509000, "otherCashflowsFromInvestingActivities": 44306000, "totalCashflowsFromInvestingActivities": 22100000, "dividendsPaid": -10377000, "otherCashflowsFromFinancingActivities": -4929000, "totalCashFromFinancingActivities": -15306000, "changeInCash": 12200000}, {"maxAge": 1, "endDate": "2019-03-31", "netIncome": 24867000, "depreciation": 1366000, "changeToNetincome": -50807000, "changeToAccountReceivables": 4942000, "changeToLiabilities": 11218000, "changeToOperatingActivities": -18436000, "totalCashFromOperatingActivities": -26202000, "capitalExpenditures": -2306000, "investments": 3826000, "otherCashflowsFromInvestingActivities": 48762000, "totalCashflowsFromInvestingActivities": 50282000, "dividendsPaid": -10377000, "otherCashflowsFromFinancingActivities": -4420000, "totalCashFromFinancingActivities": -14797000, "changeInCash": 9283000}, {"maxAge": 1, "endDate": "2018-03-31", "netIncome": 59575467, "depreciation": 549698, "changeToNetincome": -36653414, "changeToAccountReceivables": -55209936, "changeToLiabilities": 60236296, "changeToOperatingActivities": 3754480, "totalCashFromOperatingActivities": 32575271, "capitalExpenditures": -1235998, "investments": -84883946, "otherCashflowsFromInvestingActivities": 38937963, "totalCashflowsFromInvestingActivities": -47181981, "dividendsPaid": -12489940, "otherCashflowsFromFinancingActivities": -2469422, "totalCashFromFinancingActivities": -14959362, "changeInCash": -29566072}, {"maxAge": 1, "endDate": "2017-03-31", "netIncome": 53922171, "depreciation": 711744, "changeToNetincome": -77352607, "changeToAccountReceivables": 18733266, "changeToLiabilities": 24719138, "changeToOperatingActivities": -4366158, "totalCashFromOperatingActivities": 16912404, "capitalExpenditures": -365812, "investments": -1738273, "otherCashflowsFromInvestingActivities": 81717730, "totalCashflowsFromInvestingActivities": 79613645, "dividendsPaid": -9991950, "netBorrowings": -8229708, "otherCashflowsFromFinancingActivities": -4407443, "totalCashFromFinancingActivities": -22629101, "changeInCash": 73896948}], "maxAge": 86400}, "institutionOwnership": {"maxAge": 1, "ownershipList": []}, "balanceSheetHistoryQuarterly": {"balanceSheetStatements": [{"maxAge": 1, "endDate": "2020-06-30", "totalStockholderEquity": 603215000, "netTangibleAssets": 602427000}, {"maxAge": 1, "endDate": "2020-03-31", "cash": 132524000, "netReceivables": 105910000, "otherCurrentAssets": 50477000, "totalCurrentAssets": 332432000, "longTermInvestments": 23212000, "propertyPlantEquipment": 4236000, "intangibleAssets": 788000, "otherAssets": 563883000, "deferredLongTermAssetCharges": 2632000, "totalAssets": 924551000, "accountsPayable": 313473000, "otherCurrentLiab": 683000, "totalCurrentLiabilities": 321336000, "totalLiab": 321336000, "commonStock": 138365000, "retainedEarnings": 469988000, "treasuryStock": -5138000, "otherStockholderEquity": -5138000, "totalStockholderEquity": 603215000, "netTangibleAssets": 602427000}, {"maxAge": 1, "endDate": "2019-12-31", "totalStockholderEquity": 599460000, "netTangibleAssets": 598765000}, {"maxAge": 1, "endDate": "2019-09-30", "cash": 630189000, "netReceivables": 117577000, "totalCurrentAssets": 747766000, "longTermInvestments": 126541000, "propertyPlantEquipment": 3535000, "intangibleAssets": 695000, "otherAssets": 77242000, "deferredLongTermAssetCharges": 4046000, "totalAssets": 955779000, "accountsPayable": 349060000, "otherLiab": 7259000, "totalCurrentLiabilities": 349060000, "totalLiab": 356319000, "commonStock": 138365000, "treasuryStock": 461095000, "otherStockholderEquity": 461095000, "totalStockholderEquity": 599460000, "netTangibleAssets": 598765000}], "maxAge": 86400}, "indexTrend": {"maxAge": 1, "symbol": "SP5", "peRatio": 19.7411, "pegRatio": 1.34172, "estimates": [{"period": "0q", "growth": 0.549}, {"period": "+1q", "growth": 0.431}, {"period": "0y", "growth": 0.305}, {"period": "+1y", "growth": 0.109}, {"period": "+5y", "growth": 0.120859005}, {"period": "-5y"}]}, "insiderTransactions": {"transactions": [{"maxAge": 1, "shares": 11870, "filerUrl": "", "transactionText": "", "filerName": "Esam Shares & Stock Brokers Pvt. Ltd.", "filerRelation": "Promoter", "moneyText": "", "startDate": "2015-01-08", "ownership": "D"}, {"maxAge": 1, "shares": 4352, "filerUrl": "", "transactionText": "", "filerName": "Bathia (Suganbai Kesharmal)", "filerRelation": "Promoter", "moneyText": "", "startDate": "2014-10-09", "ownership": "D"}, {"maxAge": 1, "shares": 120000, "filerUrl": "", "transactionText": "", "filerName": "Bathia (Suganbai Kesharmal)", "filerRelation": "Promoter", "moneyText": "", "startDate": "2014-08-27", "ownership": "D"}, {"maxAge": 1, "shares": 100000, "filerUrl": "", "transactionText": "", "filerName": "Bathia (Suganbai Kesharmal)", "filerRelation": "Promoter", "moneyText": "", "startDate": "2014-08-26", "ownership": "D"}, {"maxAge": 1, "shares": 2000, "filerUrl": "", "transactionText": "", "filerName": "Baradia (Praveen) HUF", "filerRelation": "Promoter", "moneyText": "", "startDate": "2012-07-16", "ownership": "D"}, {"maxAge": 1, "shares": 2000, "filerUrl": "", "transactionText": "", "filerName": "Baradia (Praveen) HUF", "filerRelation": "Promoter", "moneyText": "", "startDate": "2012-04-18", "ownership": "D"}, {"maxAge": 1, "shares": 1, "filerUrl": "", "transactionText": "", "filerName": "Baradia (Praveen) HUF", "filerRelation": "Promoter", "moneyText": "", "startDate": "2012-04-12", "ownership": "D"}, {"maxAge": 1, "shares": 1000, "filerUrl": "", "transactionText": "", "filerName": "Baradia (Praveen) HUF", "filerRelation": "Promoter", "moneyText": "", "startDate": "2012-04-11", "ownership": "D"}, {"maxAge": 1, "shares": 850, "filerUrl": "", "transactionText": "", "filerName": "Baradia (Praveen) HUF", "filerRelation": "Promoter", "moneyText": "", "startDate": "2012-03-20", "ownership": "D"}, {"maxAge": 1, "shares": 5000, "filerUrl": "", "transactionText": "", "filerName": "Baradia (Praveen) HUF", "filerRelation": "Promoter", "moneyText": "", "startDate": "2012-03-16", "ownership": "D"}, {"maxAge": 1, "shares": 1, "filerUrl": "", "transactionText": "", "filerName": "Baradia (Praveen) HUF", "filerRelation": "Promoter", "moneyText": "", "startDate": "2011-11-15", "ownership": "D"}, {"maxAge": 1, "shares": 5, "filerUrl": "", "transactionText": "", "filerName": "Baradia (Praveen) HUF", "filerRelation": "Promoter", "moneyText": "", "startDate": "2011-11-14", "ownership": "D"}, {"maxAge": 1, "shares": 51, "filerUrl": "", "transactionText": "", "filerName": "Baradia (Praveen) HUF", "filerRelation": "Promoter", "moneyText": "", "startDate": "2011-11-11", "ownership": "D"}, {"maxAge": 1, "shares": 245, "filerUrl": "", "transactionText": "", "filerName": "Baradia (Praveen) HUF", "filerRelation": "Promoter", "moneyText": "", "startDate": "2011-11-09", "ownership": "D"}, {"maxAge": 1, "shares": 1000, "filerUrl": "", "transactionText": "", "filerName": "Baradia (Praveen) HUF", "filerRelation": "Promoter", "moneyText": "", "startDate": "2011-11-03", "ownership": "D"}, {"maxAge": 1, "shares": 75894, "filerUrl": "", "transactionText": "", "filerName": "Jain (Kesharmal Chandanmal) HUF", "filerRelation": "UNREPORTED", "moneyText": "", "startDate": "2011-03-22", "ownership": "D"}, {"maxAge": 1, "shares": 67000, "filerUrl": "", "transactionText": "", "filerName": "Jain (Kesharmal Chandanmal) HUF", "filerRelation": "UNREPORTED", "moneyText": "", "startDate": "2011-03-16", "ownership": "D"}, {"maxAge": 1, "shares": 8000, "filerUrl": "", "transactionText": "", "filerName": "Esam Shares & Stock Brokers Pvt. Ltd.", "filerRelation": "Promoter", "moneyText": "", "startDate": "2010-07-13", "ownership": "D"}, {"maxAge": 1, "shares": 9603, "filerUrl": "", "transactionText": "", "filerName": "Neharaj Stock Brokers Pvt. Ltd.", "filerRelation": "UNREPORTED", "moneyText": "", "startDate": "2010-03-29", "ownership": "D"}, {"maxAge": 1, "shares": 42500, "filerUrl": "", "transactionText": "", "filerName": "Ringmen Investment & Finance", "filerRelation": "Institution- Corporation", "moneyText": "", "startDate": "2010-03-29", "ownership": "D"}], "maxAge": 1}, "quoteType": {"exchange": "BSE", "quoteType": "EQUITY", "symbol": "JOINDRE.BO", "underlyingSymbol": "JOINDRE.BO", "shortName": "JOINDRE CAPITAL SERVICES LTD.", "longName": "Joindre Capital Services Limited", "firstTradeDateEpochUtc": "2002-02-01 09:15:00", "timeZoneFullName": "Asia/Kolkata", "timeZoneShortName": "IST", "uuid": "1be0ab03-156e-367b-863f-776d826b37cd", "messageBoardId": null, "gmtOffSetMilliseconds": 19800000, "maxAge": 1}, "incomeStatementHistory": {"incomeStatementHistory": [{"maxAge": 1, "endDate": "2020-03-31", "totalRevenue": 190941000, "costOfRevenue": 95337000, "grossProfit": 95604000, "researchDevelopment": {}, "sellingGeneralAdministrative": 58847000, "nonRecurring": {}, "otherOperatingExpenses": 19448000, "totalOperatingExpenses": 175022000, "operatingIncome": 15919000, "totalOtherIncomeExpenseNet": -77000, "ebit": 0, "interestExpense": {}, "incomeBeforeTax": 15842000, "incomeTaxExpense": 4128000, "minorityInterest": {}, "netIncomeFromContinuingOps": 11714000, "discontinuedOperations": {}, "extraordinaryItems": {}, "effectOfAccountingCharges": {}, "otherItems": {}, "netIncome": 11714000, "netIncomeApplicableToCommonShares": 11714000}, {"maxAge": 1, "endDate": "2019-03-31", "totalRevenue": 212644000, "costOfRevenue": 105382000, "grossProfit": 107262000, "researchDevelopment": {}, "sellingGeneralAdministrative": 58235000, "nonRecurring": {}, "otherOperatingExpenses": 12563000, "totalOperatingExpenses": 178194000, "operatingIncome": 34450000, "totalOtherIncomeExpenseNet": -128000, "ebit": 0, "interestExpense": {}, "incomeBeforeTax": 34322000, "incomeTaxExpense": 9455000, "minorityInterest": {}, "netIncomeFromContinuingOps": 24867000, "discontinuedOperations": {}, "extraordinaryItems": {}, "effectOfAccountingCharges": {}, "otherItems": {}, "netIncome": 24867000, "netIncomeApplicableToCommonShares": 24867000}, {"maxAge": 1, "endDate": "2018-03-31", "totalRevenue": 315277777, "costOfRevenue": 1256555, "grossProfit": 314021222, "researchDevelopment": {}, "sellingGeneralAdministrative": 55004242, "nonRecurring": {}, "otherOperatingExpenses": 184774451, "totalOperatingExpenses": 241907626, "operatingIncome": 73370151, "totalOtherIncomeExpenseNet": -2926484, "ebit": 0, "interestExpense": {}, "incomeBeforeTax": 70443667, "incomeTaxExpense": 10868200, "minorityInterest": {}, "netIncomeFromContinuingOps": 59575467, "discontinuedOperations": {}, "extraordinaryItems": {}, "effectOfAccountingCharges": {}, "otherItems": {}, "netIncome": 59575467, "netIncomeApplicableToCommonShares": 59575467}, {"maxAge": 1, "endDate": "2017-03-31", "totalRevenue": 284369303, "costOfRevenue": 764176, "grossProfit": 283605127, "researchDevelopment": {}, "sellingGeneralAdministrative": 43766910, "nonRecurring": {}, "otherOperatingExpenses": 157190671, "totalOperatingExpenses": 202978351, "operatingIncome": 81390952, "totalOtherIncomeExpenseNet": -1934926, "ebit": 0, "interestExpense": {}, "incomeBeforeTax": 79456026, "incomeTaxExpense": 25533855, "minorityInterest": {}, "netIncomeFromContinuingOps": 53922171, "discontinuedOperations": {}, "extraordinaryItems": {}, "effectOfAccountingCharges": {}, "otherItems": {}, "netIncome": 53922171, "netIncomeApplicableToCommonShares": 53922171}], "maxAge": 86400}, "fundOwnership": {"maxAge": 1, "ownershipList": []}, "summaryDetail": {"maxAge": 1, "priceHint": 2, "previousClose": 18.05, "open": 17.95, "dayLow": 17.95, "dayHigh": 18.6, "regularMarketPreviousClose": 18.05, "regularMarketOpen": 17.95, "regularMarketDayLow": 17.95, "regularMarketDayHigh": 18.6, "trailingPE": 16.95692, "volume": 2785, "regularMarketVolume": 2785, "averageVolume": 5512, "averageVolume10days": 7264, "averageDailyVolume10Day": 7264, "bid": 18.0, "ask": 18.5, "bidSize": 0, "askSize": 0, "marketCap": 255975248, "fiftyTwoWeekLow": 8.05, "fiftyTwoWeekHigh": 21.6, "fiftyDayAverage": 17.767143, "twoHundredDayAverage": 17.439854, "trailingAnnualDividendRate": 0.6, "trailingAnnualDividendYield": 0.033241, "currency": "INR", "fromCurrency": null, "toCurrency": null, "lastMarket": null, "algorithm": null, "tradeable": false}, "incomeStatementHistoryQuarterly": {"incomeStatementHistory": [{"maxAge": 1, "endDate": "2020-06-30", "totalRevenue": 53305000, "costOfRevenue": 28321000, "grossProfit": 24984000, "researchDevelopment": {}, "sellingGeneralAdministrative": 11860000, "nonRecurring": {}, "otherOperatingExpenses": 5987000, "totalOperatingExpenses": 46558000, "operatingIncome": 6747000, "totalOtherIncomeExpenseNet": -30000, "ebit": 0, "interestExpense": {}, "incomeBeforeTax": 6717000, "incomeTaxExpense": 1876000, "minorityInterest": {}, "netIncomeFromContinuingOps": 4841000, "discontinuedOperations": {}, "extraordinaryItems": {}, "effectOfAccountingCharges": {}, "otherItems": {}, "netIncome": 4841000, "netIncomeApplicableToCommonShares": 4841000}, {"maxAge": 1, "endDate": "2020-03-31", "totalRevenue": 41375000, "costOfRevenue": 28217000, "grossProfit": 13158000, "researchDevelopment": {}, "sellingGeneralAdministrative": 21796000, "nonRecurring": {}, "otherOperatingExpenses": -16404000, "totalOperatingExpenses": 33964000, "operatingIncome": 7411000, "totalOtherIncomeExpenseNet": -14000, "ebit": 0, "interestExpense": {}, "incomeBeforeTax": 7397000, "incomeTaxExpense": 2033000, "minorityInterest": {}, "netIncomeFromContinuingOps": 5364000, "discontinuedOperations": {}, "extraordinaryItems": {}, "effectOfAccountingCharges": {}, "otherItems": {}, "netIncome": 5364000, "netIncomeApplicableToCommonShares": 5364000}, {"maxAge": 1, "endDate": "2019-12-31", "totalRevenue": 51874000, "costOfRevenue": 23949000, "grossProfit": 27925000, "researchDevelopment": {}, "sellingGeneralAdministrative": 12773000, "nonRecurring": {}, "otherOperatingExpenses": 12257000, "totalOperatingExpenses": 49328000, "operatingIncome": 2546000, "totalOtherIncomeExpenseNet": -27000, "ebit": 0, "interestExpense": {}, "incomeBeforeTax": 2519000, "incomeTaxExpense": 564000, "minorityInterest": {}, "netIncomeFromContinuingOps": 1955000, "discontinuedOperations": {}, "extraordinaryItems": {}, "effectOfAccountingCharges": {}, "otherItems": {}, "netIncome": 1955000, "netIncomeApplicableToCommonShares": 1955000}, {"maxAge": 1, "endDate": "2019-09-30", "totalRevenue": 47651000, "costOfRevenue": 21085000, "grossProfit": 26566000, "researchDevelopment": {}, "sellingGeneralAdministrative": 12015000, "nonRecurring": {}, "otherOperatingExpenses": 9807000, "totalOperatingExpenses": 43256000, "operatingIncome": 4395000, "totalOtherIncomeExpenseNet": -27000, "ebit": 0, "interestExpense": {}, "incomeBeforeTax": 4368000, "incomeTaxExpense": 1314000, "minorityInterest": {}, "netIncomeFromContinuingOps": 3054000, "discontinuedOperations": {}, "extraordinaryItems": {}, "effectOfAccountingCharges": {}, "otherItems": {}, "netIncome": 3054000, "netIncomeApplicableToCommonShares": 3054000}], "maxAge": 86400}, "cashflowStatementHistoryQuarterly": {"cashflowStatements": [{"maxAge": 1, "endDate": "2020-06-30", "netIncome": 4841000, "changeToLiabilities": 0}, {"maxAge": 1, "endDate": "2020-03-31", "netIncome": 5364000, "changeToLiabilities": 0}, {"maxAge": 1, "endDate": "2019-12-31", "netIncome": 1955000, "changeToLiabilities": 0}, {"maxAge": 1, "endDate": "2019-09-30", "netIncome": 3054000, "changeToLiabilities": 0}], "maxAge": 86400}, "insiderHolders": {"holders": [{"maxAge": 1, "name": "Baradia (Praveen) HUF", "relation": "Promoter", "url": "", "transactionDescription": "Sale", "latestTransDate": "2012-07-16", "positionDirect": 7847, "positionDirectDate": "2012-07-16"}, {"maxAge": 1, "name": "Bathia (Suganbai Kesharmal)", "relation": "Promoter", "url": "", "transactionDescription": "Acquisition", "latestTransDate": "2014-10-09", "positionDirect": 330852, "positionDirectDate": "2014-10-09"}, {"maxAge": 1, "name": "Esam Shares & Stock Brokers Pvt. Ltd.", "relation": "Promoter", "url": "", "transactionDescription": "Acquisition", "latestTransDate": "2015-01-08", "positionDirect": 330530, "positionDirectDate": "2015-01-08"}, {"maxAge": 1, "name": "Jain (Kesharmal Chandanmal) HUF", "relation": "UNREPORTED", "url": "", "transactionDescription": "Acquisition", "latestTransDate": "2011-03-22", "positionDirect": 180394, "positionDirectDate": "2011-03-22"}, {"maxAge": 1, "name": "Neharaj Stock Brokers Pvt. Ltd.", "relation": "UNREPORTED", "url": "", "transactionDescription": "Acquisition", "latestTransDate": "2010-03-29", "positionDirect": 1113958, "positionDirectDate": "2010-03-29"}, {"maxAge": 1, "name": "Ringmen Investment & Finance", "relation": "Institution- Corporation", "url": "", "transactionDescription": "Acquisition", "latestTransDate": "2010-03-29", "positionDirect": 50000, "positionDirectDate": "2010-03-29"}], "maxAge": 1}, "calendarEvents": {"maxAge": 1, "earnings": {"earningsDate": ["2020-08-28 05:30:S"]}}, "price": {"maxAge": 1, "regularMarketChangePercent": 0.024930792, "regularMarketChange": 0.45000076, "regularMarketTime": "2021-04-30 15:29:31", "priceHint": 2, "regularMarketPrice": 18.5, "regularMarketDayHigh": 18.6, "regularMarketDayLow": 17.95, "regularMarketVolume": 2785, "averageDailyVolume10Day": 7264, "averageDailyVolume3Month": 5512, "regularMarketPreviousClose": 18.05, "regularMarketSource": "FREE_REALTIME", "regularMarketOpen": 17.95, "exchange": "BSE", "exchangeName": "BSE", "exchangeDataDelayedBy": 0, "marketState": "CLOSED", "quoteType": "EQUITY", "symbol": "JOINDRE.BO", "underlyingSymbol": null, "shortName": "JOINDRE CAPITAL SERVICES LTD.", "longName": "Joindre Capital Services Limited", "currency": "INR", "quoteSourceName": "Delayed Quote", "currencySymbol": "\u20b9", "fromCurrency": null, "toCurrency": null, "lastMarket": null, "marketCap": 255975248}, "balanceSheetHistory": {"balanceSheetStatements": [{"maxAge": 1, "endDate": "2020-03-31", "cash": 132524000, "netReceivables": 105910000, "otherCurrentAssets": 50477000, "totalCurrentAssets": 332432000, "longTermInvestments": 23212000, "propertyPlantEquipment": 4236000, "intangibleAssets": 788000, "otherAssets": 563883000, "deferredLongTermAssetCharges": 2632000, "totalAssets": 924551000, "accountsPayable": 313473000, "otherCurrentLiab": 683000, "totalCurrentLiabilities": 321336000, "totalLiab": 321336000, "commonStock": 138365000, "retainedEarnings": 469988000, "treasuryStock": -5138000, "otherStockholderEquity": -5138000, "totalStockholderEquity": 603215000, "netTangibleAssets": 602427000}, {"maxAge": 1, "endDate": "2019-03-31", "cash": 128566000, "netReceivables": 87483000, "otherCurrentAssets": 60187000, "totalCurrentAssets": 302859000, "longTermInvestments": 25352000, "propertyPlantEquipment": 3946000, "intangibleAssets": 771000, "otherAssets": 544970000, "deferredLongTermAssetCharges": 4177000, "totalAssets": 877898000, "accountsPayable": 262671000, "otherCurrentLiab": 554000, "totalCurrentLiabilities": 269025000, "totalLiab": 269025000, "commonStock": 138365000, "retainedEarnings": 469106000, "treasuryStock": 1402000, "otherStockholderEquity": 1402000, "totalStockholderEquity": 608873000, "netTangibleAssets": 608102000}, {"maxAge": 1, "endDate": "2018-03-31", "cash": 469989380, "netReceivables": 93854969, "otherCurrentAssets": 10311975, "totalCurrentAssets": 574156324, "longTermInvestments": 34329901, "propertyPlantEquipment": 3235962, "intangibleAssets": 1189308, "otherAssets": 223460417, "totalAssets": 836371912, "accountsPayable": 251453285, "otherCurrentLiab": 3492367, "otherLiab": 605200, "totalCurrentLiabilities": 262536466, "totalLiab": 263141666, "commonStock": 138364600, "retainedEarnings": 434865646, "totalStockholderEquity": 573230246, "netTangibleAssets": 572040938}, {"maxAge": 1, "endDate": "2017-03-31", "cash": 247082959, "netReceivables": 38849203, "otherCurrentAssets": 8125824, "totalCurrentAssets": 294057986, "longTermInvestments": 43175634, "propertyPlantEquipment": 2549662, "intangibleAssets": 2811988, "otherAssets": 380903231, "totalAssets": 723498501, "accountsPayable": 191216989, "otherCurrentLiab": 13153207, "otherLiab": 571600, "totalCurrentLiabilities": 209272122, "totalLiab": 209843722, "commonStock": 138364600, "retainedEarnings": 375290179, "totalStockholderEquity": 513654779, "netTangibleAssets": 510842791}], "maxAge": 86400}, "financialData": {"maxAge": 86400, "currentPrice": 18.5, "recommendationKey": "none", "grossProfits": 95604000, "financialCurrency": "INR"}}}