{"JPINFRATEC.BO": {"recommendationTrend": {"trend": [{"period": "0m", "strongBuy": 0, "buy": 0, "hold": 0, "sell": 0, "strongSell": 0}, {"period": "-1m", "strongBuy": 0, "buy": 0, "hold": 0, "sell": 0, "strongSell": 0}, {"period": "-2m", "strongBuy": 0, "buy": 0, "hold": 0, "sell": 0, "strongSell": 0}, {"period": "-3m", "strongBuy": 0, "buy": 0, "hold": 0, "sell": 0, "strongSell": 0}], "maxAge": 86400}, "cashflowStatementHistory": {"cashflowStatements": [{"maxAge": 1, "endDate": "2020-03-31", "netIncome": -22500900000, "depreciation": 879598000, "changeToNetincome": 22259329000, "changeToAccountReceivables": -294489000, "changeToLiabilities": 653357000, "changeToInventory": 7649616000, "changeToOperatingActivities": -7527611000, "totalCashFromOperatingActivities": 1118900000, "capitalExpenditures": -68408000, "investments": 6735000, "otherCashflowsFromInvestingActivities": 1120000, "totalCashflowsFromInvestingActivities": -57994000, "netBorrowings": -45155000, "otherCashflowsFromFinancingActivities": -207225000, "totalCashFromFinancingActivities": -252380000, "changeInCash": 808526000}, {"maxAge": 1, "endDate": "2019-03-31", "netIncome": -14021593000, "depreciation": 824415000, "changeToNetincome": 7938890000, "changeToAccountReceivables": -3070169000, "changeToLiabilities": 489523000, "changeToInventory": -60244256000, "changeToOperatingActivities": 68713729000, "totalCashFromOperatingActivities": 632075000, "capitalExpenditures": -178830000, "investments": 6735000, "otherCashflowsFromInvestingActivities": 6266000, "totalCashflowsFromInvestingActivities": -172564000, "netBorrowings": 9623000, "otherCashflowsFromFinancingActivities": -561039000, "totalCashFromFinancingActivities": -551416000, "changeInCash": -91906000}, {"maxAge": 1, "endDate": "2018-03-31", "netIncome": -19207720000, "depreciation": 754538000, "changeToNetincome": 11355175000, "changeToAccountReceivables": 2951344000, "changeToLiabilities": 2522795000, "changeToInventory": -4671945000, "changeToOperatingActivities": 7876898000, "totalCashFromOperatingActivities": 1581085000, "capitalExpenditures": -256512000, "investments": 6735000, "otherCashflowsFromInvestingActivities": 14249000, "totalCashflowsFromInvestingActivities": -235272000, "netBorrowings": 104768000, "otherCashflowsFromFinancingActivities": -1355733000, "totalCashFromFinancingActivities": -1250965000, "changeInCash": 94848000}, {"maxAge": 1, "endDate": "2017-03-31", "netIncome": -9891273564, "depreciation": 765190244, "changeToNetincome": 4946094176, "changeToAccountReceivables": -1123278053, "changeToLiabilities": -3228674774, "changeToInventory": 6435060244, "changeToOperatingActivities": 12802004042, "totalCashFromOperatingActivities": 10705122315, "capitalExpenditures": -1186525142, "investments": 6735000, "otherCashflowsFromInvestingActivities": 12630051, "totalCashflowsFromInvestingActivities": -1164657529, "netBorrowings": -5818545450, "otherCashflowsFromFinancingActivities": -5933026217, "totalCashFromFinancingActivities": -9631571667, "changeInCash": -91106881, "issuanceOfStock": 2120000000}], "maxAge": 86400}, "institutionOwnership": {"ownershipList": [], "maxAge": 1}, "balanceSheetHistoryQuarterly": {"balanceSheetStatements": [{"maxAge": 1, "endDate": "2020-06-30", "totalStockholderEquity": -14348500000, "netTangibleAssets": -114464600000}, {"maxAge": 1, "endDate": "2020-03-31", "cash": 1147400000, "shortTermInvestments": 2694300000, "netReceivables": 2276700000, "inventory": 116055500000, "otherCurrentAssets": 8132400000, "totalCurrentAssets": 130306300000, "longTermInvestments": 8100000, "propertyPlantEquipment": 8516100000, "intangibleAssets": 100116100000, "otherAssets": 301100000, "totalAssets": 239247700000, "accountsPayable": 8257700000, "otherCurrentLiab": 176843300000, "longTermDebt": 62219100000, "otherLiab": 5613100000, "totalCurrentLiabilities": 185764000000, "totalLiab": 253596200000, "commonStock": 13889300000, "treasuryStock": -28237800000, "otherStockholderEquity": -28237800000, "totalStockholderEquity": -14348500000, "netTangibleAssets": -114464600000}, {"maxAge": 1, "endDate": "2019-12-31", "totalStockholderEquity": -672300000, "netTangibleAssets": -100993300000}, {"maxAge": 1, "endDate": "2019-09-30", "cash": 535600000, "shortTermInvestments": 983900000, "netReceivables": 4997600000, "inventory": 117028100000, "otherCurrentAssets": 7165400000, "totalCurrentAssets": 130710600000, "longTermInvestments": 7500000, "propertyPlantEquipment": 8909300000, "intangibleAssets": 100321000000, "otherAssets": 1302800000, "totalAssets": 241251200000, "accountsPayable": 7738900000, "otherCurrentLiab": 162331000000, "longTermDebt": 69040200000, "otherLiab": 2309300000, "totalCurrentLiabilities": 170574000000, "totalLiab": 241923500000, "commonStock": 13889300000, "treasuryStock": -14561600000, "otherStockholderEquity": -14561600000, "totalStockholderEquity": -672300000, "netTangibleAssets": -100993300000}], "maxAge": 86400}, "earningsHistory": {"history": [{"maxAge": 1, "epsActual": {}, "epsEstimate": {}, "epsDifference": {}, "surprisePercent": {}, "quarter": {}, "period": "-4q"}, {"maxAge": 1, "epsActual": {}, "epsEstimate": {}, "epsDifference": {}, "surprisePercent": {}, "quarter": {}, "period": "-3q"}, {"maxAge": 1, "epsActual": {}, "epsEstimate": {}, "epsDifference": {}, "surprisePercent": {}, "quarter": {}, "period": "-2q"}, {"maxAge": 1, "epsActual": {}, "epsEstimate": {}, "epsDifference": {}, "surprisePercent": {}, "quarter": {}, "period": "-1q"}], "maxAge": 86400}, "indexTrend": {"maxAge": 1, "symbol": "SP5", "peRatio": 19.7411, "pegRatio": 1.34172, "estimates": [{"period": "0q", "growth": 0.549}, {"period": "+1q", "growth": 0.431}, {"period": "0y", "growth": 0.305}, {"period": "+1y", "growth": 0.109}, {"period": "+5y", "growth": 0.120865}, {"period": "-5y"}]}, "industryTrend": {"maxAge": 1, "symbol": null, "estimates": []}, "insiderTransactions": {"transactions": [{"maxAge": 1, "shares": 27905946, "filerUrl": "", "transactionText": "", "filerName": "IDBI Bank Ltd", "filerRelation": "Institution- Corporation", "moneyText": "", "startDate": "2019-04-05", "ownership": "D"}, {"maxAge": 1, "shares": 1100, "filerUrl": "", "transactionText": "", "filerName": "Bhasin (Lalit)", "filerRelation": "Additonal Director", "moneyText": "", "startDate": "2015-02-09", "ownership": "D"}, {"maxAge": 1, "shares": 60000, "filerUrl": "", "transactionText": "", "filerName": "Prasad (Har)", "filerRelation": "Director (Non-Executive)", "moneyText": "", "startDate": "2014-04-17", "ownership": "D"}, {"maxAge": 1, "shares": 40000, "filerUrl": "", "transactionText": "", "filerName": "Prasad (Har)", "filerRelation": "Director (Non-Executive)", "moneyText": "", "startDate": "2013-08-07", "ownership": "D"}, {"maxAge": 1, "shares": 160000000, "filerUrl": "", "transactionText": "", "filerName": "Jaiprakash Associates Ltd", "filerRelation": "Promoter", "moneyText": "", "startDate": "2013-05-29", "ownership": "D"}, {"maxAge": 1, "shares": 5000, "filerUrl": "", "transactionText": "", "filerName": "Dixit (Rekha)", "filerRelation": "Wholetime Director", "moneyText": "", "startDate": "2012-10-12", "ownership": "D"}, {"maxAge": 1, "shares": 50000, "filerUrl": "", "transactionText": "", "filerName": "Prasad (Har)", "filerRelation": "Director (Non-Executive)", "moneyText": "", "startDate": "2012-07-20", "ownership": "D"}, {"maxAge": 1, "shares": 15000, "filerUrl": "", "transactionText": "", "filerName": "Gaur (Sameer)", "filerRelation": "Joint Managing director", "moneyText": "", "startDate": "2012-01-04", "ownership": "D"}, {"maxAge": 1, "shares": 2500, "filerUrl": "", "transactionText": "", "filerName": "Gaur (Urvashi)", "filerRelation": "UNREPORTED", "moneyText": "", "startDate": "2011-12-22", "ownership": "D"}, {"maxAge": 1, "shares": 35000, "filerUrl": "", "transactionText": "", "filerName": "Gaur (Sameer)", "filerRelation": "Joint Managing director", "moneyText": "", "startDate": "2011-07-11", "ownership": "D"}, {"maxAge": 1, "shares": 10500, "filerUrl": "", "transactionText": "", "filerName": "Gaur (Urvashi)", "filerRelation": "UNREPORTED", "moneyText": "", "startDate": "2011-06-27", "ownership": "D"}, {"maxAge": 1, "shares": 1068, "filerUrl": "", "transactionText": "", "filerName": "Prasad (Har)", "filerRelation": "Wholetime Director", "moneyText": "", "startDate": "2011-03-31", "ownership": "D"}, {"maxAge": 1, "shares": 6000, "filerUrl": "", "transactionText": "", "filerName": "Sharma (Sunil Kumar)", "filerRelation": "Vice Chairman", "moneyText": "", "startDate": "2011-02-03", "ownership": "D"}, {"maxAge": 1, "shares": 19000, "filerUrl": "", "transactionText": "", "filerName": "Sharma (Sunil Kumar)", "filerRelation": "Vice Chairman", "moneyText": "", "startDate": "2011-02-02", "ownership": "D"}, {"maxAge": 1, "shares": 7684, "filerUrl": "", "transactionText": "", "filerName": "Sharma (Archana)", "filerRelation": "UNREPORTED", "moneyText": "", "startDate": "2011-02-02", "ownership": "D"}, {"maxAge": 1, "shares": 17316, "filerUrl": "", "transactionText": "", "filerName": "Sharma (Archana)", "filerRelation": "UNREPORTED", "moneyText": "", "startDate": "2011-02-01", "ownership": "D"}, {"maxAge": 1, "shares": 51000, "filerUrl": "", "transactionText": "", "filerName": "Gaur (Sameer)", "filerRelation": "Joint Managing director", "moneyText": "", "startDate": "2010-05-21", "ownership": "D"}], "maxAge": 1}, "quoteType": {"exchange": "BSE", "quoteType": "EQUITY", "symbol": "JPINFRATEC.BO", "underlyingSymbol": "JPINFRATEC.BO", "shortName": "JAYPEE INFRATECH LTD", "longName": "Jaypee Infratech Limited", "firstTradeDateEpochUtc": "2010-05-21 09:15:00", "timeZoneFullName": "Asia/Kolkata", "timeZoneShortName": "IST", "uuid": "8f15ead9-de95-32a5-b6a6-8fa582b02413", "gmtOffSetMilliseconds": 19800000, "maxAge": 1}, "incomeStatementHistory": {"incomeStatementHistory": [{"maxAge": 1, "endDate": "2020-03-31", "totalRevenue": 18771300000, "costOfRevenue": 13868500000, "grossProfit": 4902800000, "researchDevelopment": {}, "sellingGeneralAdministrative": 877600000, "nonRecurring": {}, "otherOperatingExpenses": 6180800000, "totalOperatingExpenses": 21806500000, "operatingIncome": -3035200000, "totalOtherIncomeExpenseNet": -18566700000, "ebit": -3035200000, "interestExpense": -18619000000, "incomeBeforeTax": -21601900000, "incomeTaxExpense": 899000000, "minorityInterest": {}, "netIncomeFromContinuingOps": -22500900000, "discontinuedOperations": {}, "extraordinaryItems": {}, "effectOfAccountingCharges": {}, "otherItems": {}, "netIncome": -22500900000, "netIncomeApplicableToCommonShares": -22500900000}, {"maxAge": 1, "endDate": "2019-03-31", "totalRevenue": 16106508000, "costOfRevenue": 9709940000, "grossProfit": 6396568000, "researchDevelopment": {}, "sellingGeneralAdministrative": 1157948000, "nonRecurring": {}, "otherOperatingExpenses": 2276185000, "totalOperatingExpenses": 13970023000, "operatingIncome": 2136485000, "totalOtherIncomeExpenseNet": -15939451000, "ebit": 2136485000, "interestExpense": -15925644000, "incomeBeforeTax": -13802966000, "incomeTaxExpense": 218627000, "minorityInterest": {}, "netIncomeFromContinuingOps": -14021593000, "discontinuedOperations": {}, "extraordinaryItems": {}, "effectOfAccountingCharges": {}, "otherItems": {}, "netIncome": -14021593000, "netIncomeApplicableToCommonShares": -14021593000}, {"maxAge": 1, "endDate": "2018-03-31", "totalRevenue": 1921995000, "costOfRevenue": 5514092000, "grossProfit": -3592097000, "researchDevelopment": {}, "sellingGeneralAdministrative": 1119671000, "nonRecurring": {}, "otherOperatingExpenses": 2077754000, "totalOperatingExpenses": 9466055000, "operatingIncome": -7544060000, "totalOtherIncomeExpenseNet": -11663660000, "ebit": -7544060000, "interestExpense": -11746402000, "incomeBeforeTax": -19207720000, "incomeTaxExpense": 0, "minorityInterest": {}, "netIncomeFromContinuingOps": -19207720000, "discontinuedOperations": {}, "extraordinaryItems": {}, "effectOfAccountingCharges": {}, "otherItems": {}, "netIncome": -19207720000, "netIncomeApplicableToCommonShares": -19207720000}, {"maxAge": 1, "endDate": "2017-03-31", "totalRevenue": 11581438092, "costOfRevenue": 12680700534, "grossProfit": -1099262442, "researchDevelopment": {}, "sellingGeneralAdministrative": 969290331, "nonRecurring": {}, "otherOperatingExpenses": 1793834056, "totalOperatingExpenses": 16209015165, "operatingIncome": -4627577073, "totalOtherIncomeExpenseNet": -8924619189, "ebit": -4627577073, "interestExpense": -8950075853, "incomeBeforeTax": -13552196262, "incomeTaxExpense": -3660922698, "minorityInterest": {}, "netIncomeFromContinuingOps": -9891273564, "discontinuedOperations": {}, "extraordinaryItems": {}, "effectOfAccountingCharges": {}, "otherItems": {}, "netIncome": -9891273564, "netIncomeApplicableToCommonShares": -9891273564}], "maxAge": 86400}, "fundOwnership": {"ownershipList": [], "maxAge": 1}, "summaryDetail": {"maxAge": 1, "priceHint": 4, "previousClose": 1.49, "open": 1.51, "dayLow": 1.43, "dayHigh": 1.53, "regularMarketPreviousClose": 1.49, "regularMarketOpen": 1.51, "regularMarketDayLow": 1.43, "regularMarketDayHigh": 1.53, "volume": 1592127, "regularMarketVolume": 1592127, "averageVolume": 934863, "averageVolume10days": 260929, "averageDailyVolume10Day": 260929, "bid": 1.46, "ask": 1.48, "bidSize": 0, "askSize": 0, "marketCap": 2055616512, "fiftyTwoWeekLow": 0.55, "fiftyTwoWeekHigh": 2.67, "fiftyDayAverage": 2.0357575, "twoHundredDayAverage": 1.5149264, "currency": "INR", "fromCurrency": null, "lastMarket": null, "algorithm": null, "tradeable": false}, "sectorTrend": {"maxAge": 1, "symbol": null, "estimates": []}, "incomeStatementHistoryQuarterly": {"incomeStatementHistory": [{"maxAge": 1, "endDate": "2020-06-30", "totalRevenue": 1043700000, "costOfRevenue": 465100000, "grossProfit": 578600000, "researchDevelopment": {}, "sellingGeneralAdministrative": 163600000, "nonRecurring": {}, "otherOperatingExpenses": 348300000, "totalOperatingExpenses": 1126000000, "operatingIncome": -82300000, "totalOtherIncomeExpenseNet": -5004200000, "ebit": -82300000, "interestExpense": -5016800000, "incomeBeforeTax": -5086500000, "incomeTaxExpense": 0, "minorityInterest": {}, "netIncomeFromContinuingOps": -5086500000, "discontinuedOperations": {}, "extraordinaryItems": {}, "effectOfAccountingCharges": {}, "otherItems": {}, "netIncome": -5086500000, "netIncomeApplicableToCommonShares": -5086500000}, {"maxAge": 1, "endDate": "2020-03-31", "totalRevenue": 3831800000, "costOfRevenue": 2598200000, "grossProfit": 1233600000, "researchDevelopment": {}, "sellingGeneralAdministrative": 216200000, "nonRecurring": {}, "otherOperatingExpenses": 4389200000, "totalOperatingExpenses": 7384200000, "operatingIncome": -3552400000, "totalOtherIncomeExpenseNet": -4953900000, "ebit": -3552400000, "interestExpense": -4972000000, "incomeBeforeTax": -8506300000, "incomeTaxExpense": 899000000, "minorityInterest": {}, "netIncomeFromContinuingOps": -9405300000, "discontinuedOperations": {}, "extraordinaryItems": {}, "effectOfAccountingCharges": {}, "otherItems": {}, "netIncome": -9405300000, "netIncomeApplicableToCommonShares": -9405300000}, {"maxAge": 1, "endDate": "2019-12-31", "totalRevenue": 3041000000, "costOfRevenue": 1534000000, "grossProfit": 1507000000, "researchDevelopment": {}, "sellingGeneralAdministrative": 216800000, "nonRecurring": {}, "otherOperatingExpenses": 563500000, "totalOperatingExpenses": 2555300000, "operatingIncome": 485700000, "totalOtherIncomeExpenseNet": -4755200000, "ebit": 485700000, "interestExpense": -4763200000, "incomeBeforeTax": -4269500000, "incomeTaxExpense": 0, "minorityInterest": {}, "netIncomeFromContinuingOps": -4269500000, "discontinuedOperations": {}, "extraordinaryItems": {}, "effectOfAccountingCharges": {}, "otherItems": {}, "netIncome": -4269500000, "netIncomeApplicableToCommonShares": -4269500000}, {"maxAge": 1, "endDate": "2019-09-30", "totalRevenue": 5214300000, "costOfRevenue": 3930400000, "grossProfit": 1283900000, "researchDevelopment": {}, "sellingGeneralAdministrative": 222000000, "nonRecurring": {}, "otherOperatingExpenses": 660100000, "totalOperatingExpenses": 5034100000, "operatingIncome": 180200000, "totalOtherIncomeExpenseNet": -4525400000, "ebit": 180200000, "interestExpense": -4540300000, "incomeBeforeTax": -4345200000, "incomeTaxExpense": 0, "minorityInterest": {}, "netIncomeFromContinuingOps": -4345200000, "discontinuedOperations": {}, "extraordinaryItems": {}, "effectOfAccountingCharges": {}, "otherItems": {}, "netIncome": -4345200000, "netIncomeApplicableToCommonShares": -4345200000}], "maxAge": 86400}, "cashflowStatementHistoryQuarterly": {"cashflowStatements": [{"maxAge": 1, "endDate": "2020-06-30", "netIncome": -5086500000, "changeToLiabilities": 0}, {"maxAge": 1, "endDate": "2020-03-31", "netIncome": -9405300000, "changeToLiabilities": 0}, {"maxAge": 1, "endDate": "2019-12-31", "netIncome": -4269500000, "changeToLiabilities": 0}, {"maxAge": 1, "endDate": "2019-09-30", "netIncome": -4345200000, "changeToLiabilities": 0}], "maxAge": 86400}, "insiderHolders": {"holders": [{"maxAge": 1, "name": "Bhasin (Lalit)", "relation": "Additonal Director", "url": "", "transactionDescription": "Other", "latestTransDate": "2015-02-09", "positionDirect": 1100, "positionDirectDate": "2015-02-09"}, {"maxAge": 1, "name": "Dixit (Rekha)", "relation": "Wholetime Director", "url": "", "transactionDescription": "Sale", "latestTransDate": "2012-10-12", "positionDirect": 5000, "positionDirectDate": "2012-10-12"}, {"maxAge": 1, "name": "Gaur (Sameer)", "relation": "Joint Managing director", "url": "", "transactionDescription": "Sale", "latestTransDate": "2012-01-04", "positionDirect": 1000, "positionDirectDate": "2012-01-04"}, {"maxAge": 1, "name": "Gaur (Urvashi)", "relation": "UNREPORTED", "url": "", "transactionDescription": "Acquisition", "latestTransDate": "2011-12-22", "positionDirect": 20500, "positionDirectDate": "2011-12-22"}, {"maxAge": 1, "name": "IDBI Bank Ltd", "relation": "Institution- Corporation", "url": "", "transactionDescription": "Sale", "latestTransDate": "2019-04-05", "positionDirect": 1148216, "positionDirectDate": "2019-04-05"}, {"maxAge": 1, "name": "Jaiprakash Associates Ltd", "relation": "Promoter", "url": "", "transactionDescription": "Sale", "latestTransDate": "2013-05-29", "positionDirect": 995000000, "positionDirectDate": "2013-05-29"}, {"maxAge": 1, "name": "Prasad (Har)", "relation": "Director (Non-Executive)", "url": "", "transactionDescription": "Sale", "latestTransDate": "2014-04-17", "positionDirect": 40000, "positionDirectDate": "2014-04-17"}, {"maxAge": 1, "name": "Sharma (Archana)", "relation": "UNREPORTED", "url": "", "transactionDescription": "Acquisition", "latestTransDate": "2011-02-02", "positionDirect": 75000, "positionDirectDate": "2011-02-02"}, {"maxAge": 1, "name": "Sharma (Sunil Kumar)", "relation": "Vice Chairman", "url": "", "transactionDescription": "Acquisition", "latestTransDate": "2011-02-03", "positionDirect": 75000, "positionDirectDate": "2011-02-03"}], "maxAge": 1}, "earnings": {"maxAge": 86400, "earningsChart": {"quarterly": [], "earningsDate": []}, "financialsChart": {"yearly": [{"date": 2017, "revenue": 11581438092, "earnings": -9891273564}, {"date": 2018, "revenue": 1921995000, "earnings": -19207720000}, {"date": 2019, "revenue": 16106508000, "earnings": -14021593000}, {"date": 2020, "revenue": 18771300000, "earnings": -22500900000}], "quarterly": [{"date": "3Q2019", "revenue": 5214300000, "earnings": -4345200000}, {"date": "4Q2019", "revenue": 3041000000, "earnings": -4269500000}, {"date": "1Q2020", "revenue": 3831800000, "earnings": -9405300000}, {"date": "2Q2020", "revenue": 1043700000, "earnings": -5086500000}]}, "financialCurrency": "INR"}, "calendarEvents": {"maxAge": 1, "earnings": {"earningsDate": []}}, "upgradeDowngradeHistory": {"history": [], "maxAge": 86400}, "price": {"maxAge": 1, "regularMarketChangePercent": -0.006711403, "regularMarketChange": -0.00999999, "regularMarketTime": "2021-04-30 15:55:03", "priceHint": 4, "regularMarketPrice": 1.48, "regularMarketDayHigh": 1.53, "regularMarketDayLow": 1.43, "regularMarketVolume": 1592127, "averageDailyVolume10Day": 260929, "averageDailyVolume3Month": 934863, "regularMarketPreviousClose": 1.49, "regularMarketSource": "FREE_REALTIME", "regularMarketOpen": 1.51, "exchange": "BSE", "exchangeName": "BSE", "exchangeDataDelayedBy": 0, "marketState": "CLOSED", "quoteType": "EQUITY", "symbol": "JPINFRATEC.BO", "underlyingSymbol": null, "shortName": "JAYPEE INFRATECH LTD", "longName": "Jaypee Infratech Limited", "currency": "INR", "quoteSourceName": "Delayed Quote", "currencySymbol": "\u20b9", "fromCurrency": null, "lastMarket": null, "marketCap": 2055616512}, "balanceSheetHistory": {"balanceSheetStatements": [{"maxAge": 1, "endDate": "2020-03-31", "cash": 1147400000, "shortTermInvestments": 2694300000, "netReceivables": 2276700000, "inventory": 116055500000, "otherCurrentAssets": 8132400000, "totalCurrentAssets": 130306300000, "longTermInvestments": 8100000, "propertyPlantEquipment": 8516100000, "intangibleAssets": 100116100000, "otherAssets": 301100000, "totalAssets": 239247700000, "accountsPayable": 8257700000, "otherCurrentLiab": 176843300000, "longTermDebt": 62219100000, "otherLiab": 5613100000, "totalCurrentLiabilities": 185764000000, "totalLiab": 253596200000, "commonStock": 13889300000, "treasuryStock": -28237800000, "otherStockholderEquity": -28237800000, "totalStockholderEquity": -14348500000, "netTangibleAssets": -114464600000}, {"maxAge": 1, "endDate": "2019-03-31", "cash": 291082000, "shortTermInvestments": 53285000, "netReceivables": 6288616000, "inventory": 123705076000, "otherCurrentAssets": 7122862000, "totalCurrentAssets": 137506371000, "longTermInvestments": 6076000, "propertyPlantEquipment": 7532101000, "intangibleAssets": 100551960000, "otherAssets": 2894297000, "totalAssets": 248490805000, "accountsPayable": 7810331000, "shortLongTermDebt": 18713873000, "otherCurrentLiab": 101730144000, "longTermDebt": 71093665000, "otherLiab": 2302372000, "totalCurrentLiabilities": 166939814000, "totalLiab": 240335851000, "commonStock": 13889335000, "retainedEarnings": -17028428000, "treasuryStock": 329631000, "capitalSurplus": 10964416000, "otherStockholderEquity": 329631000, "totalStockholderEquity": 8154954000, "netTangibleAssets": -92397006000}, {"maxAge": 1, "endDate": "2018-03-31", "cash": 382988000, "shortTermInvestments": 182149000, "netReceivables": 7836837000, "inventory": 63460820000, "otherCurrentAssets": 7195425000, "totalCurrentAssets": 79097498000, "longTermInvestments": 1129000, "propertyPlantEquipment": 7739294000, "intangibleAssets": 100991887000, "otherAssets": 2787594000, "deferredLongTermAssetCharges": 218627000, "totalAssets": 190617402000, "accountsPayable": 7348647000, "shortLongTermDebt": 14492404000, "otherCurrentLiab": 37593158000, "longTermDebt": 75164779000, "otherLiab": 2303892000, "totalCurrentLiabilities": 82822731000, "totalLiab": 160291402000, "commonStock": 13889335000, "retainedEarnings": 5142498000, "treasuryStock": 329751000, "capitalSurplus": 10964416000, "otherStockholderEquity": 329751000, "totalStockholderEquity": 30326000000, "netTangibleAssets": -70665887000}, {"maxAge": 1, "endDate": "2017-03-31", "cash": 288140095, "shortTermInvestments": 254352830, "netReceivables": 13101983886, "inventory": 55963894595, "otherCurrentAssets": 1479526402, "totalCurrentAssets": 71103405522, "longTermInvestments": 1129078, "propertyPlantEquipment": 7959463902, "intangibleAssets": 101283956402, "otherAssets": 5926144804, "deferredLongTermAssetCharges": 218626829, "totalAssets": 186274099708, "accountsPayable": 4921184906, "shortLongTermDebt": 10904268700, "otherCurrentLiab": 29541143083, "longTermDebt": 78730478732, "otherLiab": 100092496, "totalCurrentLiabilities": 55787422709, "totalLiab": 134617993937, "commonStock": 13889334970, "retainedEarnings": 24350317479, "treasuryStock": 332037396, "capitalSurplus": 13084415926, "otherStockholderEquity": 332037396, "totalStockholderEquity": 51656105771, "netTangibleAssets": -49627850631}], "maxAge": 86400}, "earningsTrend": {"trend": [{"maxAge": 1, "period": "0q", "endDate": null, "growth": {}, "earningsEstimate": {"avg": 0.0, "low": 0.0, "high": 0.0, "yearAgoEps": {}, "numberOfAnalysts": 0, "growth": {}}, "revenueEstimate": {"avg": 0, "low": 0, "high": 0, "numberOfAnalysts": 0, "yearAgoRevenue": {}, "growth": {}}, "epsTrend": {"current": 0.0, "7daysAgo": 0.0, "30daysAgo": 0.0, "60daysAgo": 0.0, "90daysAgo": 0.0}, "epsRevisions": {"upLast7days": 0, "upLast30days": 0, "downLast30days": 0, "downLast90days": {}}}, {"maxAge": 1, "period": "+1q", "endDate": null, "growth": {}, "earningsEstimate": {"avg": 0.0, "low": 0.0, "high": 0.0, "yearAgoEps": {}, "numberOfAnalysts": 0, "growth": {}}, "revenueEstimate": {"avg": 0, "low": 0, "high": 0, "numberOfAnalysts": 0, "yearAgoRevenue": {}, "growth": {}}, "epsTrend": {"current": 0.0, "7daysAgo": 0.0, "30daysAgo": 0.0, "60daysAgo": 0.0, "90daysAgo": 0.0}, "epsRevisions": {"upLast7days": 0, "upLast30days": 0, "downLast30days": 0, "downLast90days": {}}}, {"maxAge": 1, "period": "0y", "endDate": null, "growth": {}, "earningsEstimate": {"avg": 0.0, "low": 0.0, "high": 0.0, "yearAgoEps": {}, "numberOfAnalysts": 0, "growth": {}}, "revenueEstimate": {"avg": 0, "low": 0, "high": 0, "numberOfAnalysts": 0, "yearAgoRevenue": {}, "growth": {}}, "epsTrend": {"current": 0.0, "7daysAgo": 0.0, "30daysAgo": 0.0, "60daysAgo": 0.0, "90daysAgo": 0.0}, "epsRevisions": {"upLast7days": 0, "upLast30days": 0, "downLast30days": 0, "downLast90days": {}}}, {"maxAge": 1, "period": "+1y", "endDate": null, "growth": {}, "earningsEstimate": {"avg": 0.0, "low": 0.0, "high": 0.0, "yearAgoEps": {}, "numberOfAnalysts": 0, "growth": {}}, "revenueEstimate": {"avg": 0, "low": 0, "high": 0, "numberOfAnalysts": 0, "yearAgoRevenue": {}, "growth": {}}, "epsTrend": {"current": 0.0, "7daysAgo": 0.0, "30daysAgo": 0.0, "60daysAgo": 0.0, "90daysAgo": 0.0}, "epsRevisions": {"upLast7days": 0, "upLast30days": 0, "downLast30days": 0, "downLast90days": {}}}, {"maxAge": 1, "period": "+5y", "endDate": null, "growth": -0.8, "earningsEstimate": {"avg": {}, "low": {}, "high": {}, "yearAgoEps": {}, "numberOfAnalysts": {}, "growth": {}}, "revenueEstimate": {"avg": {}, "low": {}, "high": {}, "numberOfAnalysts": {}, "yearAgoRevenue": {}, "growth": {}}, "epsTrend": {"current": {}, "7daysAgo": {}, "30daysAgo": {}, "60daysAgo": {}, "90daysAgo": {}}, "epsRevisions": {"upLast7days": {}, "upLast30days": {}, "downLast30days": {}, "downLast90days": {}}}, {"maxAge": 1, "period": "-5y", "endDate": null, "growth": -0.37861001, "earningsEstimate": {"avg": {}, "low": {}, "high": {}, "yearAgoEps": {}, "numberOfAnalysts": {}, "growth": {}}, "revenueEstimate": {"avg": {}, "low": {}, "high": {}, "numberOfAnalysts": {}, "yearAgoRevenue": {}, "growth": {}}, "epsTrend": {"current": {}, "7daysAgo": {}, "30daysAgo": {}, "60daysAgo": {}, "90daysAgo": {}}, "epsRevisions": {"upLast7days": {}, "upLast30days": {}, "downLast30days": {}, "downLast90days": {}}}], "maxAge": 1}, "financialData": {"maxAge": 86400, "currentPrice": 1.48, "targetHighPrice": 13.0, "targetLowPrice": 13.0, "targetMeanPrice": 13.0, "targetMedianPrice": 13.0, "recommendationMean": 3.0, "recommendationKey": "hold", "numberOfAnalystOpinions": 1, "grossProfits": 4902800000, "financialCurrency": "INR"}}}