{"JPINFRATEC.NS": {"assetProfile": {"address1": "Sector 128", "address2": "Gautam Buddh Nagar District", "city": "Noida", "zip": "201304", "country": "India", "phone": "91 12 0460 9000", "fax": "91 12 0460 9464", "website": "http://www.jaypeeinfratech.com", "industry": "Infrastructure Operations", "sector": "Industrials", "longBusinessSummary": "Jaypee Infratech Limited operates as the concessionaire for Yamuna Expressway project in Uttar Pradesh, India. It operates and maintains the Yamuna Expressway, a 165 kilometer long six lane access controlled expressway connecting Greater Noida and Agra. The company is also developing 25 million square meters of land for residential, commercial, institutional, amusement, and industrial purposes at five land parcels along the expressway. In addition, it operates Jaypee Hospital, a 504 bed super specialty hospital in Noida. The company was incorporated in 2007 and is based in Noida, India. Jaypee Infratech Limited is a subsidiary of Jaiprakash Associates Limited.", "fullTimeEmployees": 171, "companyOfficers": [{"maxAge": 1, "name": "Ravinder Lal Batta", "age": 66, "title": "Joint Pres", "yearBorn": 1954, "exercisedValue": 0, "unexercisedValue": 0}, {"maxAge": 1, "name": "Mr. Surender Kumar Mata", "age": 55, "title": "Additional GM, Company Sec. & Compliance Officer", "yearBorn": 1965, "fiscalYear": 2020, "totalPay": 2084638, "exercisedValue": 0, "unexercisedValue": 0}, {"maxAge": 1, "name": "Mr. Ashok  Khera", "age": 65, "title": "Sr. VP", "yearBorn": 1955, "exercisedValue": 0, "unexercisedValue": 0}, {"maxAge": 1, "name": "Mr. Manoj  Gaur", "age": 56, "title": "Exec. Chairman, CEO & MD", "yearBorn": 1964, "fiscalYear": 2018, "exercisedValue": 0, "unexercisedValue": 0}, {"maxAge": 1, "name": "Mr. Sunil Kumar Sharma", "age": 60, "title": "Exec. Vice Chairman", "yearBorn": 1960, "fiscalYear": 2018, "exercisedValue": 0, "unexercisedValue": 0}, {"maxAge": 1, "name": "Mr. Parveen  Sharma", "title": "Chief Technology Officer", "exercisedValue": 0, "unexercisedValue": 0}, {"maxAge": 1, "name": "Mr. Vikram  Singh", "age": 54, "title": "Assistant Gen. Mang. of Personnel & Admin.", "yearBorn": 1966, "exercisedValue": 0, "unexercisedValue": 0}, {"maxAge": 1, "name": "Mr. Darshan  Singh", "age": 55, "title": "Chief Project Architect", "yearBorn": 1965, "exercisedValue": 0, "unexercisedValue": 0}, {"maxAge": 1, "name": "Mr. Bipin  Pathak", "age": 51, "title": "Joint Pres of Corp.", "yearBorn": 1969, "exercisedValue": 0, "unexercisedValue": 0}, {"maxAge": 1, "name": "Mr. Kamlesh Kumar Agarwal", "age": 78, "title": "VP of Contracts & Billing", "yearBorn": 1942, "exercisedValue": 0, "unexercisedValue": 0}], "compensationAsOfEpochDate": "2020-12-31 05:30:00", "maxAge": 86400}, "cashflowStatementHistory": {"cashflowStatements": [{"maxAge": 1, "endDate": "2020-03-31", "netIncome": -22500905000, "depreciation": 878062000, "changeToNetincome": 22259334000, "changeToAccountReceivables": -294489000, "changeToLiabilities": 740061000, "changeToInventory": 7649616000, "changeToOperatingActivities": -7527611000, "totalCashFromOperatingActivities": 1118900000, "capitalExpenditures": -68408000, "investments": 6735000, "otherCashflowsFromInvestingActivities": 1120000, "totalCashflowsFromInvestingActivities": -57994000, "netBorrowings": -45155000, "otherCashflowsFromFinancingActivities": -207225000, "totalCashFromFinancingActivities": -252380000, "changeInCash": 808526000}, {"maxAge": 1, "endDate": "2019-03-31", "netIncome": -14021593000, "depreciation": 825951000, "changeToNetincome": 8058891000, "changeToAccountReceivables": -156370000, "changeToLiabilities": 488881000, "changeToInventory": -60244256000, "changeToOperatingActivities": 68573166000, "totalCashFromOperatingActivities": 523937000, "capitalExpenditures": -178830000, "investments": 108139000, "otherCashflowsFromInvestingActivities": 6266000, "totalCashflowsFromInvestingActivities": -64425000, "netBorrowings": 9623000, "otherCashflowsFromFinancingActivities": -561039000, "totalCashFromFinancingActivities": -551416000, "changeInCash": -91906000}, {"maxAge": 1, "endDate": "2018-03-31", "netIncome": -19207720000, "depreciation": 754538000, "changeToNetincome": 11355175000, "changeToAccountReceivables": 2951344000, "changeToLiabilities": 2522795000, "changeToInventory": -4671945000, "changeToOperatingActivities": 7876898000, "totalCashFromOperatingActivities": 1581085000, "capitalExpenditures": -256512000, "investments": 108139000, "otherCashflowsFromInvestingActivities": 14249000, "totalCashflowsFromInvestingActivities": -235272000, "netBorrowings": 104768000, "otherCashflowsFromFinancingActivities": -1355733000, "totalCashFromFinancingActivities": -1250965000, "changeInCash": 94848000}, {"maxAge": 1, "endDate": "2017-03-31", "netIncome": -9891273564, "depreciation": 765190244, "changeToNetincome": 4946094176, "changeToAccountReceivables": -1123278053, "changeToLiabilities": -3228674774, "changeToInventory": 6435060244, "changeToOperatingActivities": 12802004042, "totalCashFromOperatingActivities": 10705122315, "capitalExpenditures": -1186525142, "investments": 108139000, "otherCashflowsFromInvestingActivities": 12630051, "totalCashflowsFromInvestingActivities": -1164657529, "netBorrowings": -5818545450, "otherCashflowsFromFinancingActivities": -5933026217, "totalCashFromFinancingActivities": -9631571667, "changeInCash": -91106881, "issuanceOfStock": 2120000000}], "maxAge": 86400}, "institutionOwnership": {"maxAge": 1, "ownershipList": []}, "majorHoldersBreakdown": {"maxAge": 1, "insidersPercentHeld": 0.62165, "institutionsPercentHeld": 0.02444, "institutionsFloatPercentHeld": 0.06459, "institutionsCount": 1}, "balanceSheetHistoryQuarterly": {"balanceSheetStatements": [{"maxAge": 1, "endDate": "2020-12-31", "totalStockholderEquity": -24341000000, "netTangibleAssets": -124292100000}, {"maxAge": 1, "endDate": "2020-09-30", "cash": 1424600000, "shortTermInvestments": 2748400000, "netReceivables": 2140000000, "inventory": 116555700000, "otherCurrentAssets": 8146400000, "totalCurrentAssets": 131015100000, "longTermInvestments": 8300000, "propertyPlantEquipment": 8333600000, "intangibleAssets": 99951100000, "otherAssets": 300900000, "totalAssets": 239609000000, "accountsPayable": 8436200000, "otherCurrentLiab": 188230700000, "longTermDebt": 60807300000, "otherLiab": 5589300000, "totalCurrentLiabilities": 197553400000, "totalLiab": 263950000000, "commonStock": 13889300000, "treasuryStock": -38230300000, "otherStockholderEquity": -38230300000, "totalStockholderEquity": -24341000000, "netTangibleAssets": -124292100000}, {"maxAge": 1, "endDate": "2020-06-30", "totalStockholderEquity": -14348500000, "netTangibleAssets": -114464600000}, {"maxAge": 1, "endDate": "2020-03-31", "cash": 1099608000, "shortTermInvestments": 45543000, "netReceivables": 2399135000, "inventory": 116055460000, "otherCurrentAssets": 10678513000, "totalCurrentAssets": 130306314000, "longTermInvestments": 6076000, "propertyPlantEquipment": 8516143000, "intangibleAssets": 100116071000, "otherAssets": 303077000, "totalAssets": 239247681000, "accountsPayable": 8257763000, "shortLongTermDebt": 27766028000, "otherCurrentLiab": 92565817000, "longTermDebt": 62219104000, "otherLiab": 5613092000, "totalCurrentLiabilities": 185763971000, "totalLiab": 253596167000, "commonStock": 13889335000, "retainedEarnings": -39529332000, "treasuryStock": 327095000, "capitalSurplus": 10964416000, "otherStockholderEquity": 327095000, "totalStockholderEquity": -14348486000, "netTangibleAssets": -114464557000}], "maxAge": 86400}, "indexTrend": {"maxAge": 1, "symbol": "SP5", "peRatio": 19.7411, "pegRatio": 1.34172, "estimates": [{"period": "0q", "growth": 0.549}, {"period": "+1q", "growth": 0.431}, {"period": "0y", "growth": 0.305}, {"period": "+1y", "growth": 0.109}, {"period": "+5y", "growth": 0.120865}, {"period": "-5y"}]}, "defaultKeyStatistics": {"maxAge": 1, "priceHint": 4, "enterpriseValue": 59137376256, "profitMargins": -2.57678, "floatShares": 520485148, "sharesOutstanding": 1388930048, "heldPercentInsiders": 0.62165, "heldPercentInstitutions": 0.02444, "beta": 2.439013, "category": null, "bookValue": -17.508, "fundFamily": null, "legalType": null, "lastFiscalYearEnd": "2020-03-31 05:30:00", "nextFiscalYearEnd": "2022-03-31 05:30:00", "mostRecentQuarter": "2020-12-31 05:30:00", "netIncomeToCommon": -24123205632, "trailingEps": -17.37, "lastSplitFactor": null, "enterpriseToRevenue": 6.317, "enterpriseToEbitda": -36.182, "52WeekChange": 0.8125, "SandP52WeekChange": 0.48148263, "lastDividendValue": 1.0, "lastDividendDate": 1374192000}, "summaryProfile": {"address1": "Sector 128", "address2": "Gautam Buddh Nagar District", "city": "Noida", "zip": "201304", "country": "India", "phone": "91 12 0460 9000", "fax": "91 12 0460 9464", "website": "http://www.jaypeeinfratech.com", "industry": "Infrastructure Operations", "sector": "Industrials", "longBusinessSummary": "Jaypee Infratech Limited operates as the concessionaire for Yamuna Expressway project in Uttar Pradesh, India. It operates and maintains the Yamuna Expressway, a 165 kilometer long six lane access controlled expressway connecting Greater Noida and Agra. The company is also developing 25 million square meters of land for residential, commercial, institutional, amusement, and industrial purposes at five land parcels along the expressway. In addition, it operates Jaypee Hospital, a 504 bed super specialty hospital in Noida. The company was incorporated in 2007 and is based in Noida, India. Jaypee Infratech Limited is a subsidiary of Jaiprakash Associates Limited.", "fullTimeEmployees": 171, "companyOfficers": [], "maxAge": 86400}, "netSharePurchaseActivity": {"maxAge": 1, "period": "6m", "buyInfoCount": 0, "buyInfoShares": 0, "sellInfoCount": 0, "netInfoCount": 0, "netInfoShares": 0, "netPercentInsiderShares": 0.0, "totalInsiderShares": 863654656}, "insiderTransactions": {"transactions": [{"maxAge": 1, "shares": 27905946, "filerUrl": "", "transactionText": "", "filerName": "IDBI Bank Ltd", "filerRelation": "Institution- Corporation", "moneyText": "", "startDate": "2019-04-05", "ownership": "D"}, {"maxAge": 1, "shares": 1100, "filerUrl": "", "transactionText": "", "filerName": "Bhasin (Lalit)", "filerRelation": "Additonal Director", "moneyText": "", "startDate": "2015-02-09", "ownership": "D"}, {"maxAge": 1, "shares": 60000, "filerUrl": "", "transactionText": "", "filerName": "Prasad (Har)", "filerRelation": "Director (Non-Executive)", "moneyText": "", "startDate": "2014-04-17", "ownership": "D"}, {"maxAge": 1, "shares": 40000, "filerUrl": "", "transactionText": "", "filerName": "Prasad (Har)", "filerRelation": "Director (Non-Executive)", "moneyText": "", "startDate": "2013-08-07", "ownership": "D"}, {"maxAge": 1, "shares": 160000000, "filerUrl": "", "transactionText": "", "filerName": "Jaiprakash Associates Ltd", "filerRelation": "Promoter", "moneyText": "", "startDate": "2013-05-29", "ownership": "D"}, {"maxAge": 1, "shares": 5000, "filerUrl": "", "transactionText": "", "filerName": "Dixit (Rekha)", "filerRelation": "Wholetime Director", "moneyText": "", "startDate": "2012-10-12", "ownership": "D"}, {"maxAge": 1, "shares": 50000, "filerUrl": "", "transactionText": "", "filerName": "Prasad (Har)", "filerRelation": "Director (Non-Executive)", "moneyText": "", "startDate": "2012-07-20", "ownership": "D"}, {"maxAge": 1, "shares": 15000, "filerUrl": "", "transactionText": "", "filerName": "Gaur (Sameer)", "filerRelation": "Joint Managing director", "moneyText": "", "startDate": "2012-01-04", "ownership": "D"}, {"maxAge": 1, "shares": 2500, "filerUrl": "", "transactionText": "", "filerName": "Gaur (Urvashi)", "filerRelation": "UNREPORTED", "moneyText": "", "startDate": "2011-12-22", "ownership": "D"}, {"maxAge": 1, "shares": 35000, "filerUrl": "", "transactionText": "", "filerName": "Gaur (Sameer)", "filerRelation": "Joint Managing director", "moneyText": "", "startDate": "2011-07-11", "ownership": "D"}, {"maxAge": 1, "shares": 10500, "filerUrl": "", "transactionText": "", "filerName": "Gaur (Urvashi)", "filerRelation": "UNREPORTED", "moneyText": "", "startDate": "2011-06-27", "ownership": "D"}, {"maxAge": 1, "shares": 1068, "filerUrl": "", "transactionText": "", "filerName": "Prasad (Har)", "filerRelation": "Wholetime Director", "moneyText": "", "startDate": "2011-03-31", "ownership": "D"}, {"maxAge": 1, "shares": 6000, "filerUrl": "", "transactionText": "", "filerName": "Sharma (Sunil Kumar)", "filerRelation": "Vice Chairman", "moneyText": "", "startDate": "2011-02-03", "ownership": "D"}, {"maxAge": 1, "shares": 7684, "filerUrl": "", "transactionText": "", "filerName": "Sharma (Archana)", "filerRelation": "UNREPORTED", "moneyText": "", "startDate": "2011-02-02", "ownership": "D"}, {"maxAge": 1, "shares": 19000, "filerUrl": "", "transactionText": "", "filerName": "Sharma (Sunil Kumar)", "filerRelation": "Vice Chairman", "moneyText": "", "startDate": "2011-02-02", "ownership": "D"}, {"maxAge": 1, "shares": 17316, "filerUrl": "", "transactionText": "", "filerName": "Sharma (Archana)", "filerRelation": "UNREPORTED", "moneyText": "", "startDate": "2011-02-01", "ownership": "D"}, {"maxAge": 1, "shares": 51000, "filerUrl": "", "transactionText": "", "filerName": "Gaur (Sameer)", "filerRelation": "Joint Managing director", "moneyText": "", "startDate": "2010-05-21", "ownership": "D"}], "maxAge": 1}, "quoteType": {"exchange": "NSI", "quoteType": "EQUITY", "symbol": "JPINFRATEC.NS", "underlyingSymbol": "JPINFRATEC.NS", "shortName": "JAYPEE INFRATECH L", "longName": "Jaypee Infratech Limited", "firstTradeDateEpochUtc": "2010-05-21 09:15:00", "timeZoneFullName": "Asia/Kolkata", "timeZoneShortName": "IST", "uuid": "b1b541ad-ce5b-3f04-8e5e-1159667eb47a", "messageBoardId": "finmb_39039832", "gmtOffSetMilliseconds": 19800000, "maxAge": 1}, "incomeStatementHistory": {"incomeStatementHistory": [{"maxAge": 1, "endDate": "2020-03-31", "totalRevenue": 18771252000, "costOfRevenue": 13868465000, "grossProfit": 4902787000, "researchDevelopment": {}, "sellingGeneralAdministrative": 1160875000, "nonRecurring": {}, "otherOperatingExpenses": 5638137000, "totalOperatingExpenses": 21785227000, "operatingIncome": -3013975000, "totalOtherIncomeExpenseNet": -18587930000, "ebit": -3013975000, "interestExpense": -18629774000, "incomeBeforeTax": -21601905000, "incomeTaxExpense": 899000000, "minorityInterest": {}, "netIncomeFromContinuingOps": -22500905000, "discontinuedOperations": {}, "extraordinaryItems": {}, "effectOfAccountingCharges": {}, "otherItems": {}, "netIncome": -22500905000, "netIncomeApplicableToCommonShares": -22500905000}, {"maxAge": 1, "endDate": "2019-03-31", "totalRevenue": 16106508000, "costOfRevenue": 9709940000, "grossProfit": 6396568000, "researchDevelopment": {}, "sellingGeneralAdministrative": 1157948000, "nonRecurring": {}, "otherOperatingExpenses": 2153591000, "totalOperatingExpenses": 13968840000, "operatingIncome": 2137668000, "totalOtherIncomeExpenseNet": -15940634000, "ebit": 2137668000, "interestExpense": -15808735000, "incomeBeforeTax": -13802966000, "incomeTaxExpense": 218627000, "minorityInterest": {}, "netIncomeFromContinuingOps": -14021593000, "discontinuedOperations": {}, "extraordinaryItems": {}, "effectOfAccountingCharges": {}, "otherItems": {}, "netIncome": -14021593000, "netIncomeApplicableToCommonShares": -14021593000}, {"maxAge": 1, "endDate": "2018-03-31", "totalRevenue": 1921995000, "costOfRevenue": 5514092000, "grossProfit": -3592097000, "researchDevelopment": {}, "sellingGeneralAdministrative": 1119671000, "nonRecurring": {}, "otherOperatingExpenses": 2077754000, "totalOperatingExpenses": 9466055000, "operatingIncome": -7544060000, "totalOtherIncomeExpenseNet": -11663660000, "ebit": -7544060000, "interestExpense": -11746402000, "incomeBeforeTax": -19207720000, "incomeTaxExpense": 0, "minorityInterest": {}, "netIncomeFromContinuingOps": -19207720000, "discontinuedOperations": {}, "extraordinaryItems": {}, "effectOfAccountingCharges": {}, "otherItems": {}, "netIncome": -19207720000, "netIncomeApplicableToCommonShares": -19207720000}, {"maxAge": 1, "endDate": "2017-03-31", "totalRevenue": 11581438092, "costOfRevenue": 12680700534, "grossProfit": -1099262442, "researchDevelopment": {}, "sellingGeneralAdministrative": 969290331, "nonRecurring": {}, "otherOperatingExpenses": 1793834056, "totalOperatingExpenses": 16209015165, "operatingIncome": -4627577073, "totalOtherIncomeExpenseNet": -8924619189, "ebit": -4627577073, "interestExpense": -8950075853, "incomeBeforeTax": -13552196262, "incomeTaxExpense": -3660922698, "minorityInterest": {}, "netIncomeFromContinuingOps": -9891273564, "discontinuedOperations": {}, "extraordinaryItems": {}, "effectOfAccountingCharges": {}, "otherItems": {}, "netIncome": -9891273564, "netIncomeApplicableToCommonShares": -9891273564}], "maxAge": 86400}, "fundOwnership": {"maxAge": 1, "ownershipList": []}, "summaryDetail": {"maxAge": 1, "priceHint": 4, "previousClose": 1.45, "open": 1.45, "dayLow": 1.4, "dayHigh": 1.5, "regularMarketPreviousClose": 1.45, "regularMarketOpen": 1.45, "regularMarketDayLow": 1.4, "regularMarketDayHigh": 1.5, "exDividendDate": "2013-07-19 05:30:00", "payoutRatio": 0.0, "beta": 2.439013, "volume": 1665889, "regularMarketVolume": 1665889, "averageVolume": 1515582, "averageVolume10days": 1515365, "averageDailyVolume10Day": 1515365, "bid": 0.0, "ask": 0.0, "bidSize": 0, "askSize": 0, "marketCap": 2013948672, "fiftyTwoWeekLow": 0.7, "fiftyTwoWeekHigh": 2.6, "priceToSalesTrailing12Months": 0.21512519, "fiftyDayAverage": 1.6028571, "twoHundredDayAverage": 1.6660839, "currency": "INR", "fromCurrency": null, "toCurrency": null, "lastMarket": null, "algorithm": null, "tradeable": false}, "incomeStatementHistoryQuarterly": {"incomeStatementHistory": [{"maxAge": 1, "endDate": "2020-12-31", "totalRevenue": 2482300000, "costOfRevenue": 894500000, "grossProfit": 1587800000, "researchDevelopment": {}, "sellingGeneralAdministrative": 172000000, "nonRecurring": {}, "otherOperatingExpenses": 461600000, "totalOperatingExpenses": 1769500000, "operatingIncome": 712800000, "totalOtherIncomeExpenseNet": -5436400000, "ebit": 712800000, "interestExpense": -5439800000, "incomeBeforeTax": -4723600000, "incomeTaxExpense": 0, "minorityInterest": {}, "netIncomeFromContinuingOps": -4723600000, "discontinuedOperations": {}, "extraordinaryItems": {}, "effectOfAccountingCharges": {}, "otherItems": {}, "netIncome": -4723600000, "netIncomeApplicableToCommonShares": -4723600000}, {"maxAge": 1, "endDate": "2020-09-30", "totalRevenue": 2004000000, "costOfRevenue": 832300000, "grossProfit": 1171700000, "researchDevelopment": {}, "sellingGeneralAdministrative": 176600000, "nonRecurring": {}, "otherOperatingExpenses": 440400000, "totalOperatingExpenses": 1654900000, "operatingIncome": 349100000, "totalOtherIncomeExpenseNet": -5256900000, "ebit": 349100000, "interestExpense": -5070352000, "incomeBeforeTax": -4907800000, "incomeTaxExpense": 0, "minorityInterest": {}, "netIncomeFromContinuingOps": -4907800000, "discontinuedOperations": {}, "extraordinaryItems": {}, "effectOfAccountingCharges": {}, "otherItems": {}, "netIncome": -4907800000, "netIncomeApplicableToCommonShares": -4907800000}, {"maxAge": 1, "endDate": "2020-06-30", "totalRevenue": 1043700000, "costOfRevenue": 465100000, "grossProfit": 578600000, "researchDevelopment": {}, "sellingGeneralAdministrative": 163600000, "nonRecurring": {}, "otherOperatingExpenses": 348300000, "totalOperatingExpenses": 1126000000, "operatingIncome": -82300000, "totalOtherIncomeExpenseNet": -5004200000, "ebit": -82300000, "interestExpense": -5016800000, "incomeBeforeTax": -5086500000, "incomeTaxExpense": 0, "minorityInterest": {}, "netIncomeFromContinuingOps": -5086500000, "discontinuedOperations": {}, "extraordinaryItems": {}, "effectOfAccountingCharges": {}, "otherItems": {}, "netIncome": -5086500000, "netIncomeApplicableToCommonShares": -5086500000}, {"maxAge": 1, "endDate": "2020-03-31", "totalRevenue": 3831752000, "costOfRevenue": 2598165000, "grossProfit": 1233587000, "researchDevelopment": {}, "sellingGeneralAdministrative": 499475000, "nonRecurring": {}, "otherOperatingExpenses": 3846537000, "totalOperatingExpenses": 7362927000, "operatingIncome": -3531175000, "totalOtherIncomeExpenseNet": -4975130000, "ebit": -3531175000, "interestExpense": -4982774000, "incomeBeforeTax": -8506305000, "incomeTaxExpense": 899000000, "minorityInterest": {}, "netIncomeFromContinuingOps": -9405305000, "discontinuedOperations": {}, "extraordinaryItems": {}, "effectOfAccountingCharges": {}, "otherItems": {}, "netIncome": -9405305000, "netIncomeApplicableToCommonShares": -9405305000}], "maxAge": 86400}, "cashflowStatementHistoryQuarterly": {"cashflowStatements": [{"maxAge": 1, "endDate": "2020-12-31", "netIncome": -4723600000, "changeToLiabilities": 0}, {"maxAge": 1, "endDate": "2020-09-30", "netIncome": -4907800000, "changeToLiabilities": 0}, {"maxAge": 1, "endDate": "2020-06-30", "netIncome": -5086500000, "changeToLiabilities": 0}, {"maxAge": 1, "endDate": "2020-03-31", "netIncome": -9405305000, "changeToLiabilities": 0}], "maxAge": 86400}, "insiderHolders": {"holders": [{"maxAge": 1, "name": "Bhasin (Lalit)", "relation": "Additonal Director", "url": "", "transactionDescription": "Other", "latestTransDate": "2015-02-09", "positionDirect": 1100, "positionDirectDate": "2015-02-09"}, {"maxAge": 1, "name": "Dixit (Rekha)", "relation": "Wholetime Director", "url": "", "transactionDescription": "Sale", "latestTransDate": "2012-10-12", "positionDirect": 5000, "positionDirectDate": "2012-10-12"}, {"maxAge": 1, "name": "Gaur (Sameer)", "relation": "Joint Managing director", "url": "", "transactionDescription": "Sale", "latestTransDate": "2012-01-04", "positionDirect": 1000, "positionDirectDate": "2012-01-04"}, {"maxAge": 1, "name": "Gaur (Urvashi)", "relation": "UNREPORTED", "url": "", "transactionDescription": "Acquisition", "latestTransDate": "2011-12-22", "positionDirect": 20500, "positionDirectDate": "2011-12-22"}, {"maxAge": 1, "name": "IDBI Bank Ltd", "relation": "Institution- Corporation", "url": "", "transactionDescription": "Sale", "latestTransDate": "2019-04-05", "positionDirect": 1148216, "positionDirectDate": "2019-04-05"}, {"maxAge": 1, "name": "Jaiprakash Associates Ltd", "relation": "Promoter", "url": "", "transactionDescription": "Sale", "latestTransDate": "2013-05-29", "positionDirect": 995000000, "positionDirectDate": "2013-05-29"}, {"maxAge": 1, "name": "Prasad (Har)", "relation": "Director (Non-Executive)", "url": "", "transactionDescription": "Sale", "latestTransDate": "2014-04-17", "positionDirect": 40000, "positionDirectDate": "2014-04-17"}, {"maxAge": 1, "name": "Sharma (Archana)", "relation": "UNREPORTED", "url": "", "transactionDescription": "Acquisition", "latestTransDate": "2011-02-02", "positionDirect": 75000, "positionDirectDate": "2011-02-02"}, {"maxAge": 1, "name": "Sharma (Sunil Kumar)", "relation": "Vice Chairman", "url": "", "transactionDescription": "Acquisition", "latestTransDate": "2011-02-03", "positionDirect": 75000, "positionDirectDate": "2011-02-03"}], "maxAge": 1}, "calendarEvents": {"maxAge": 1, "earnings": {"earningsDate": []}, "exDividendDate": "2013-07-19 05:30:00"}, "price": {"maxAge": 1, "regularMarketChangePercent": 0.0, "regularMarketChange": 0.0, "regularMarketTime": "2021-04-30 15:29:59", "priceHint": 4, "regularMarketPrice": 1.45, "regularMarketDayHigh": 1.5, "regularMarketDayLow": 1.4, "regularMarketVolume": 1665889, "averageDailyVolume10Day": 1515365, "averageDailyVolume3Month": 1515582, "regularMarketPreviousClose": 1.45, "regularMarketSource": "FREE_REALTIME", "regularMarketOpen": 1.45, "exchange": "NSI", "exchangeName": "NSE", "exchangeDataDelayedBy": 15, "marketState": "CLOSED", "quoteType": "EQUITY", "symbol": "JPINFRATEC.NS", "underlyingSymbol": null, "shortName": "JAYPEE INFRATECH L", "longName": "Jaypee Infratech Limited", "currency": "INR", "quoteSourceName": "Delayed Quote", "currencySymbol": "\u20b9", "fromCurrency": null, "toCurrency": null, "lastMarket": null, "marketCap": 2013948672}, "balanceSheetHistory": {"balanceSheetStatements": [{"maxAge": 1, "endDate": "2020-03-31", "cash": 1099608000, "shortTermInvestments": 45543000, "netReceivables": 2399135000, "inventory": 116055460000, "otherCurrentAssets": 10678513000, "totalCurrentAssets": 130306314000, "longTermInvestments": 6076000, "propertyPlantEquipment": 8516143000, "intangibleAssets": 100116071000, "otherAssets": 303077000, "totalAssets": 239247681000, "accountsPayable": 8257763000, "shortLongTermDebt": 27766028000, "otherCurrentLiab": 92565817000, "longTermDebt": 62219104000, "otherLiab": 5613092000, "totalCurrentLiabilities": 185763971000, "totalLiab": 253596167000, "commonStock": 13889335000, "retainedEarnings": -39529332000, "treasuryStock": 327095000, "capitalSurplus": 10964416000, "otherStockholderEquity": 327095000, "totalStockholderEquity": -14348486000, "netTangibleAssets": -114464557000}, {"maxAge": 1, "endDate": "2019-03-31", "cash": 291082000, "shortTermInvestments": 53286000, "netReceivables": 2374089000, "inventory": 123705076000, "otherCurrentAssets": 11034855000, "totalCurrentAssets": 137503838000, "longTermInvestments": 6076000, "propertyPlantEquipment": 7532100000, "intangibleAssets": 100551960000, "otherAssets": 2894297000, "totalAssets": 248488271000, "accountsPayable": 7810896000, "shortLongTermDebt": 18713873000, "otherCurrentLiab": 101730174000, "longTermDebt": 71093665000, "otherLiab": 2301166000, "totalCurrentLiabilities": 166938486000, "totalLiab": 240333317000, "commonStock": 13889335000, "retainedEarnings": -17028428000, "treasuryStock": 329631000, "capitalSurplus": 10964416000, "otherStockholderEquity": 329631000, "totalStockholderEquity": 8154954000, "netTangibleAssets": -92397006000}, {"maxAge": 1, "endDate": "2018-03-31", "cash": 382988000, "shortTermInvestments": 182149000, "netReceivables": 7836837000, "inventory": 63460820000, "otherCurrentAssets": 7195425000, "totalCurrentAssets": 79097498000, "longTermInvestments": 1129000, "propertyPlantEquipment": 7739294000, "intangibleAssets": 100991887000, "otherAssets": 2787594000, "deferredLongTermAssetCharges": 218627000, "totalAssets": 190617402000, "accountsPayable": 7348647000, "shortLongTermDebt": 14492404000, "otherCurrentLiab": 37593158000, "longTermDebt": 75164779000, "otherLiab": 2303892000, "totalCurrentLiabilities": 82822731000, "totalLiab": 160291402000, "commonStock": 13889335000, "retainedEarnings": 5142498000, "treasuryStock": 329751000, "capitalSurplus": 10964416000, "otherStockholderEquity": 329751000, "totalStockholderEquity": 30326000000, "netTangibleAssets": -70665887000}, {"maxAge": 1, "endDate": "2017-03-31", "cash": 288140095, "shortTermInvestments": 254352830, "netReceivables": 13101983886, "inventory": 55963894595, "otherCurrentAssets": 1479526402, "totalCurrentAssets": 71103405522, "longTermInvestments": 1129078, "propertyPlantEquipment": 7959463902, "intangibleAssets": 101283956402, "otherAssets": 5926144804, "deferredLongTermAssetCharges": 218626829, "totalAssets": 186274099708, "accountsPayable": 4921184906, "shortLongTermDebt": 10904268700, "otherCurrentLiab": 29541143083, "longTermDebt": 78730478732, "otherLiab": 100092496, "totalCurrentLiabilities": 55787422709, "totalLiab": 134617993937, "commonStock": 13889334970, "retainedEarnings": 24350317479, "treasuryStock": 332037396, "capitalSurplus": 13084415926, "otherStockholderEquity": 332037396, "totalStockholderEquity": 51656105771, "netTangibleAssets": -49627850631}], "maxAge": 86400}, "financialData": {"maxAge": 86400, "currentPrice": 1.45, "recommendationKey": "none", "totalCash": 4172999936, "totalCashPerShare": 3.004, "ebitda": -1634429696, "totalDebt": 61295898624, "totalRevenue": 9361752064, "revenuePerShare": 6.741, "grossProfits": 4902787000, "revenueGrowth": -0.184, "grossMargins": 0.48834, "ebitdaMargins": -0.17458999, "operatingMargins": -0.27255, "profitMargins": -2.57678, "financialCurrency": "INR"}}}