{"JPPOWER.NS": {"assetProfile": {"address1": "JA House", "address2": "63 Basant Lok Vasant Vihar", "city": "New Delhi", "zip": "110057", "country": "India", "phone": "91 11 2614 1358", "fax": "91 11 2614 5389", "website": "http://www.jppowerventures.com", "industry": "Utilities\u2014Independent Power Producers", "sector": "Utilities", "longBusinessSummary": "Jaiprakash Power Ventures Limited engages in the power generation and cement grinding businesses in India. It generates electricity through hydro and thermal energy sources. The company owns and operates a 400 MW Jaypee Vishnuprayag hydro power plant at District Chamoli, Uttarakhand; 1320 MW Jaypee Nigrie super thermal power plant at Nigrie, District Singrauli, Madhya Pradesh; and 500 MW Jaypee Bina Thermal power plant at Village Sirchopi, District Sagar, Madhya Pradesh. It also operates a 219.80 Km power transmission line to evacuate power from 1091 MW Karcham Wangtoo hydroelectric plant up to Abdullapur, Haryana, as well as distribution and consumption in the states of Himachal Pradesh, Haryana, Punjab, Uttar Pradesh, and Rajasthan. In addition, the company operates coal mine located in Amelia, Madhya Pradesh. The company was formerly known as Jaiprakash Hydro-Power Limited and changed its name to Jaiprakash Power Ventures Limited in December 2009. Jaiprakash Power Ventures Limited was incorporated in 1994 and is based in New Delhi, India.", "fullTimeEmployees": 1766, "companyOfficers": [{"maxAge": 1, "name": "Mr. Suren  Jain", "age": 50, "title": "MD, CEO & Exec. Director", "yearBorn": 1970, "fiscalYear": 2020, "totalPay": 31879377, "exercisedValue": 0, "unexercisedValue": 0}, {"maxAge": 1, "name": "Mr. Ranjit  Singh", "age": 69, "title": "Joint Pres", "yearBorn": 1951, "exercisedValue": 0, "unexercisedValue": 0}, {"maxAge": 1, "name": "Mr. Rajneesh  Gaur", "age": 49, "title": "Exec. Joint Pres", "yearBorn": 1971, "exercisedValue": 0, "unexercisedValue": 0}, {"maxAge": 1, "name": "Mr. Dinesh  Kumar", "age": 62, "title": "Joint Pres", "yearBorn": 1958, "exercisedValue": 0, "unexercisedValue": 0}, {"maxAge": 1, "name": "Ashok  Shukla", "age": 56, "title": "Joint Pres", "yearBorn": 1964, "exercisedValue": 0, "unexercisedValue": 0}, {"maxAge": 1, "name": "Mr. Ram Kumar Porwal", "age": 57, "title": "Chief Financial Officer", "yearBorn": 1963, "fiscalYear": 2020, "totalPay": 770556, "exercisedValue": 0, "unexercisedValue": 0}, {"maxAge": 1, "name": "Madan Gopal Gupta", "age": 54, "title": "Chief Operating Officer", "yearBorn": 1966, "exercisedValue": 0, "unexercisedValue": 0}, {"maxAge": 1, "name": "Mr. Modali Kali Venkata Rama Rao", "age": 65, "title": "Chief Technical Officer", "yearBorn": 1955, "fiscalYear": 2020, "totalPay": 6401634, "exercisedValue": 0, "unexercisedValue": 0}, {"maxAge": 1, "name": "Mr. Praveen Kumar Singh", "age": 48, "title": "Whole-Time Director", "yearBorn": 1972, "fiscalYear": 2020, "totalPay": 24152973, "exercisedValue": 0, "unexercisedValue": 0}, {"maxAge": 1, "name": "Mr. Vinod  Sharma", "age": 64, "title": "Sr. Pres of O&M", "yearBorn": 1956, "exercisedValue": 0, "unexercisedValue": 0}], "compensationAsOfEpochDate": "2020-12-31 05:30:00", "maxAge": 86400}, "recommendationTrend": {"trend": [{"period": "0m", "strongBuy": 0, "buy": 0, "hold": 0, "sell": 0, "strongSell": 0}, {"period": "-1m", "strongBuy": 0, "buy": 0, "hold": 0, "sell": 0, "strongSell": 0}, {"period": "-2m", "strongBuy": 0, "buy": 0, "hold": 0, "sell": 0, "strongSell": 0}, {"period": "-3m", "strongBuy": 0, "buy": 0, "hold": 0, "sell": 1, "strongSell": 0}], "maxAge": 86400}, "cashflowStatementHistory": {"cashflowStatements": [{"maxAge": 1, "endDate": "2020-03-31", "netIncome": -21621100000, "depreciation": 5326400000, "changeToNetincome": 26572100000, "changeToAccountReceivables": 1374600000, "changeToLiabilities": 0, "changeToInventory": -1682300000, "changeToOperatingActivities": 1366500000, "totalCashFromOperatingActivities": 11336600000, "capitalExpenditures": -663400000, "otherCashflowsFromInvestingActivities": -784900000, "totalCashflowsFromInvestingActivities": -1430000000, "netBorrowings": -2776500000, "otherCashflowsFromFinancingActivities": -6517700000, "totalCashFromFinancingActivities": -9319200000, "effectOfExchangeRate": 1000000, "changeInCash": 435100000}, {"maxAge": 1, "endDate": "2019-03-31", "netIncome": -3811500000, "depreciation": 5280300000, "changeToNetincome": 11886300000, "changeToAccountReceivables": -2073300000, "changeToLiabilities": 0, "changeToInventory": -52600000, "changeToOperatingActivities": 473400000, "totalCashFromOperatingActivities": 11780100000, "capitalExpenditures": -1539400000, "otherCashflowsFromInvestingActivities": -373200000, "totalCashflowsFromInvestingActivities": -1912200000, "dividendsPaid": -120900000, "netBorrowings": -2779900000, "otherCashflowsFromFinancingActivities": -7299500000, "totalCashFromFinancingActivities": -10200300000, "effectOfExchangeRate": 700000, "changeInCash": -331700000}, {"maxAge": 1, "endDate": "2018-03-31", "netIncome": -15958300000, "depreciation": 8188500000, "changeToNetincome": 27202100000, "changeToAccountReceivables": 208500000, "changeToLiabilities": 0, "changeToInventory": 862500000, "changeToOperatingActivities": -2679300000, "totalCashFromOperatingActivities": 17824400000, "capitalExpenditures": -2299100000, "otherCashflowsFromInvestingActivities": -101300000, "totalCashflowsFromInvestingActivities": -2302800000, "dividendsPaid": -66300000, "netBorrowings": -6303600000, "otherCashflowsFromFinancingActivities": -9062100000, "totalCashFromFinancingActivities": -15432000000, "effectOfExchangeRate": 200000, "changeInCash": 89800000}, {"maxAge": 1, "endDate": "2017-03-31", "netIncome": -12328900000, "depreciation": 7711600000, "changeToNetincome": 22023600000, "changeToAccountReceivables": -4820800000, "changeToLiabilities": 0, "changeToInventory": 533200000, "changeToOperatingActivities": 1009100000, "totalCashFromOperatingActivities": 14128300000, "capitalExpenditures": -9115900000, "investments": 159800000, "otherCashflowsFromInvestingActivities": 870700000, "totalCashflowsFromInvestingActivities": -8019700000, "dividendsPaid": -132600000, "netBorrowings": 15083200000, "otherCashflowsFromFinancingActivities": -21665900000, "totalCashFromFinancingActivities": -6715300000, "effectOfExchangeRate": 200000, "changeInCash": -606700000}], "maxAge": 86400}, "indexTrend": {"maxAge": 1, "symbol": "SP5", "peRatio": 19.7411, "pegRatio": 1.34172, "estimates": [{"period": "0q", "growth": 0.549}, {"period": "+1q", "growth": 0.431}, {"period": "0y", "growth": 0.305}, {"period": "+1y", "growth": 0.109}, {"period": "+5y", "growth": 0.120865}, {"period": "-5y"}]}, "defaultKeyStatistics": {"maxAge": 1, "priceHint": 4, "enterpriseValue": 113124515840, "profitMargins": -0.00551, "floatShares": 3903365984, "sharesOutstanding": 6853459968, "heldPercentInsiders": 0.67302, "heldPercentInstitutions": 0.0335, "beta": 2.322521, "category": null, "bookValue": 9.153, "priceToBook": 0.34414947, "fundFamily": null, "legalType": null, "lastFiscalYearEnd": "2020-03-31 05:30:00", "nextFiscalYearEnd": "2022-03-31 05:30:00", "mostRecentQuarter": "2020-12-31 05:30:00", "netIncomeToCommon": -212600000, "trailingEps": -0.031, "forwardEps": -1.7, "lastSplitFactor": null, "enterpriseToRevenue": 3.54, "enterpriseToEbitda": 9.189, "52WeekChange": 3.1999998, "SandP52WeekChange": 0.48148263, "lastDividendValue": 0.75, "lastDividendDate": 1249862400}, "industryTrend": {"maxAge": 1, "symbol": null, "estimates": []}, "quoteType": {"exchange": "NSI", "quoteType": "EQUITY", "symbol": "JPPOWER.NS", "underlyingSymbol": "JPPOWER.NS", "shortName": "JAIPRAKASH POWER", "longName": "Jaiprakash Power Ventures Limited", "firstTradeDateEpochUtc": "2005-04-18 09:15:00", "timeZoneFullName": "Asia/Kolkata", "timeZoneShortName": "IST", "uuid": "b72d64d5-19ae-377d-b339-02b41a2c31f2", "messageBoardId": "finmb_11315992", "gmtOffSetMilliseconds": 19800000, "maxAge": 1}, "incomeStatementHistory": {"incomeStatementHistory": [{"maxAge": 1, "endDate": "2020-03-31", "totalRevenue": 34434400000, "costOfRevenue": 21878500000, "grossProfit": 12555900000, "researchDevelopment": {}, "sellingGeneralAdministrative": 1148100000, "nonRecurring": {}, "otherOperatingExpenses": 1027500000, "totalOperatingExpenses": 29380500000, "operatingIncome": 5053900000, "totalOtherIncomeExpenseNet": -18235800000, "ebit": 5053900000, "interestExpense": -6527300000, "incomeBeforeTax": -13181900000, "incomeTaxExpense": 8290300000, "minorityInterest": 1124600000, "netIncomeFromContinuingOps": -21472200000, "discontinuedOperations": {}, "extraordinaryItems": {}, "effectOfAccountingCharges": {}, "otherItems": {}, "netIncome": -21621100000, "netIncomeApplicableToCommonShares": -21657700000}, {"maxAge": 1, "endDate": "2019-03-31", "totalRevenue": 38916200000, "costOfRevenue": 23639200000, "grossProfit": 15277000000, "researchDevelopment": {}, "sellingGeneralAdministrative": 1082200000, "nonRecurring": {}, "otherOperatingExpenses": 867200000, "totalOperatingExpenses": 30869300000, "operatingIncome": 8046900000, "totalOtherIncomeExpenseNet": -13201400000, "ebit": 8046900000, "interestExpense": -14692700000, "incomeBeforeTax": -5154500000, "incomeTaxExpense": -1479800000, "minorityInterest": 2870100000, "netIncomeFromContinuingOps": -3674700000, "discontinuedOperations": {}, "extraordinaryItems": {}, "effectOfAccountingCharges": {}, "otherItems": {}, "netIncome": -3811500000, "netIncomeApplicableToCommonShares": -3811500000}, {"maxAge": 1, "endDate": "2018-03-31", "totalRevenue": 48768700000, "costOfRevenue": 29822300000, "grossProfit": 18946400000, "researchDevelopment": {}, "sellingGeneralAdministrative": 1376500000, "nonRecurring": {}, "otherOperatingExpenses": 2320400000, "totalOperatingExpenses": 41708100000, "operatingIncome": 7060600000, "totalOtherIncomeExpenseNet": -25728800000, "ebit": 7060600000, "interestExpense": -25868900000, "incomeBeforeTax": -18668200000, "incomeTaxExpense": -1764800000, "minorityInterest": 2733200000, "netIncomeFromContinuingOps": -16903400000, "discontinuedOperations": {}, "extraordinaryItems": {}, "effectOfAccountingCharges": {}, "otherItems": {}, "netIncome": -15958300000, "netIncomeApplicableToCommonShares": -15958300000}, {"maxAge": 1, "endDate": "2017-03-31", "totalRevenue": 46574700000, "costOfRevenue": 27346700000, "grossProfit": 19228000000, "researchDevelopment": {}, "sellingGeneralAdministrative": 1233300000, "nonRecurring": {}, "otherOperatingExpenses": 899200000, "totalOperatingExpenses": 37191300000, "operatingIncome": 9383400000, "totalOtherIncomeExpenseNet": -26858500000, "ebit": 9383400000, "interestExpense": -27258900000, "incomeBeforeTax": -17475100000, "incomeTaxExpense": -4528200000, "minorityInterest": 3678200000, "netIncomeFromContinuingOps": -12946900000, "discontinuedOperations": {}, "extraordinaryItems": {}, "effectOfAccountingCharges": {}, "otherItems": {}, "netIncome": -12328900000, "netIncomeApplicableToCommonShares": -12328900000}], "maxAge": 86400}, "fundOwnership": {"maxAge": 1, "ownershipList": [{"maxAge": 1, "reportDate": "2021-01-31", "organization": "DFA Emerging Markets Small Cap Series", "pctHeld": 0.0017, "position": 11818992, "value": 33684127}, {"maxAge": 1, "reportDate": "2021-01-31", "organization": "DFA Emerging Markets Core Equity Portfolio", "pctHeld": 0.0013, "position": 8915158, "value": 25408200}, {"maxAge": 1, "reportDate": "2021-01-31", "organization": "DFA Investment Dimensions-Emerging Markets Social Core Equity", "pctHeld": 0.0001, "position": 476905, "value": 1359179}]}, "summaryDetail": {"maxAge": 1, "priceHint": 4, "previousClose": 3.15, "open": 3.1, "dayLow": 3.0, "dayHigh": 3.25, "regularMarketPreviousClose": 3.15, "regularMarketOpen": 3.1, "regularMarketDayLow": 3.0, "regularMarketDayHigh": 3.25, "exDividendDate": "2009-08-10 05:30:00", "payoutRatio": 0.0, "beta": 2.322521, "forwardPE": -1.8529412, "volume": 31019016, "regularMarketVolume": 31019016, "averageVolume": 22636262, "averageVolume10days": 17546432, "averageDailyVolume10Day": 17546432, "bid": 0.0, "ask": 0.0, "bidSize": 0, "askSize": 0, "marketCap": 21519855616, "fiftyTwoWeekLow": 0.65, "fiftyTwoWeekHigh": 4.25, "priceToSalesTrailing12Months": 0.6734994, "fiftyDayAverage": 2.9777777, "twoHundredDayAverage": 2.8489654, "currency": "INR", "fromCurrency": null, "toCurrency": null, "lastMarket": null, "algorithm": null, "tradeable": false}, "insiderHolders": {"holders": [{"maxAge": 1, "name": "Gaur (G P)", "relation": "Director", "url": "", "transactionDescription": "Acquisition", "latestTransDate": "2013-08-02", "positionDirect": 50000, "positionDirectDate": "2013-08-02"}, {"maxAge": 1, "name": "Gaur (Manoj)", "relation": "Chairman of the Board", "url": "", "transactionDescription": "Acquisition", "latestTransDate": "2010-11-26", "positionDirect": 46400, "positionDirectDate": "2010-11-26"}, {"maxAge": 1, "name": "Gaur (Urvashi)", "relation": "UNREPORTED", "url": "", "transactionDescription": "Acquisition", "latestTransDate": "2011-06-27", "positionDirect": 26000, "positionDirectDate": "2011-06-27"}, {"maxAge": 1, "name": "ICICI Bank Ltd", "relation": "Institution- Corporation", "url": "", "transactionDescription": "Sale", "latestTransDate": "2021-01-20", "positionDirect": 683361064, "positionDirectDate": "2021-01-20"}, {"maxAge": 1, "name": "IDBI Bank Ltd", "relation": "Promoter", "url": "", "transactionDescription": "Sale", "latestTransDate": "2019-12-30", "positionDirect": 201609200, "positionDirectDate": "2019-12-30"}, {"maxAge": 1, "name": "Joshi (Sunita)", "relation": "Director (Non-Executive)", "url": "", "transactionDescription": "Other", "latestTransDate": "2014-07-29", "positionDirect": 28100, "positionDirectDate": "2014-07-29"}, {"maxAge": 1, "name": "Nailwal (S. D.)", "relation": "Director (Non-Executive)", "url": "", "transactionDescription": "Other", "latestTransDate": "2014-07-29", "positionDirect": 15800, "positionDirectDate": "2014-07-29"}, {"maxAge": 1, "name": "Sharma (Archana)", "relation": "UNREPORTED", "url": "", "transactionDescription": "Acquisition", "latestTransDate": "2010-12-29", "positionDirect": 150700, "positionDirectDate": "2010-12-29"}, {"maxAge": 1, "name": "Sharma (Sunil Kumar)", "relation": "Vice Chairman", "url": "", "transactionDescription": "Acquisition", "latestTransDate": "2011-02-02", "positionDirect": 5700, "positionDirectDate": "2011-02-02"}, {"maxAge": 1, "name": "Singh (Praveen Kumar)", "relation": "Wholetime Director", "url": "", "transactionDescription": "Acquisition", "latestTransDate": "2013-08-01", "positionDirect": 350000, "positionDirectDate": "2013-08-01"}], "maxAge": 1}, "calendarEvents": {"maxAge": 1, "earnings": {"earningsDate": ["2018-02-14 05:30:S", "2018-02-16 05:30:S"]}, "exDividendDate": "2009-08-10 05:30:00"}, "price": {"maxAge": 1, "regularMarketChangePercent": 0.0, "regularMarketChange": 0.0, "regularMarketTime": "2021-04-30 15:29:53", "priceHint": 4, "regularMarketPrice": 3.15, "regularMarketDayHigh": 3.25, "regularMarketDayLow": 3.0, "regularMarketVolume": 31019016, "averageDailyVolume10Day": 17546432, "averageDailyVolume3Month": 22636262, "regularMarketPreviousClose": 3.15, "regularMarketSource": "FREE_REALTIME", "regularMarketOpen": 3.1, "exchange": "NSI", "exchangeName": "NSE", "exchangeDataDelayedBy": 15, "marketState": "CLOSED", "quoteType": "EQUITY", "symbol": "JPPOWER.NS", "underlyingSymbol": null, "shortName": "JAIPRAKASH POWER", "longName": "Jaiprakash Power Ventures Limited", "currency": "INR", "quoteSourceName": "Delayed Quote", "currencySymbol": "\u20b9", "fromCurrency": null, "toCurrency": null, "lastMarket": null, "marketCap": 21519855616}, "balanceSheetHistory": {"balanceSheetStatements": [{"maxAge": 1, "endDate": "2020-03-31", "cash": 907000000, "netReceivables": 4128000000, "inventory": 3423000000, "otherCurrentAssets": 5041700000, "totalCurrentAssets": 13684700000, "propertyPlantEquipment": 155300300000, "goodWill": 1600000, "intangibleAssets": 1982700000, "otherAssets": 7470300000, "deferredLongTermAssetCharges": 3033500000, "totalAssets": 178439600000, "accountsPayable": 2230900000, "shortLongTermDebt": 4393100000, "otherCurrentLiab": 5576900000, "longTermDebt": 51841400000, "otherLiab": 4222800000, "minorityInterest": 1124600000, "totalCurrentLiabilities": 21177500000, "totalLiab": 77328000000, "commonStock": 68404500000, "retainedEarnings": -37207900000, "treasuryStock": 28552800000, "capitalSurplus": 2182300000, "otherStockholderEquity": 28552800000, "totalStockholderEquity": 61931700000, "netTangibleAssets": 59947400000}, {"maxAge": 1, "endDate": "2019-03-31", "cash": 719200000, "netReceivables": 12298500000, "inventory": 2336100000, "otherCurrentAssets": 9518000000, "totalCurrentAssets": 25023500000, "propertyPlantEquipment": 309698500000, "goodWill": 1800000, "intangibleAssets": 2139200000, "otherAssets": 35795900000, "deferredLongTermAssetCharges": 10717600000, "totalAssets": 372658900000, "accountsPayable": 3089000000, "shortLongTermDebt": 36938300000, "otherCurrentLiab": 10065400000, "longTermDebt": 177856300000, "otherLiab": 12046700000, "minorityInterest": 2870100000, "totalCurrentLiabilities": 106119600000, "totalLiab": 296022600000, "commonStock": 59960000000, "retainedEarnings": -15951200000, "treasuryStock": 28560500000, "capitalSurplus": 1196900000, "otherStockholderEquity": 28560500000, "totalStockholderEquity": 73766200000, "netTangibleAssets": 71625200000}, {"maxAge": 1, "endDate": "2018-03-31", "cash": 931300000, "netReceivables": 10272400000, "inventory": 2283600000, "otherCurrentAssets": 6673100000, "totalCurrentAssets": 20290800000, "propertyPlantEquipment": 314251600000, "goodWill": 1800000, "intangibleAssets": 2296100000, "otherAssets": 34182900000, "deferredLongTermAssetCharges": 8338100000, "totalAssets": 371023200000, "accountsPayable": 3187300000, "shortLongTermDebt": 32731900000, "otherCurrentLiab": 11429300000, "longTermDebt": 184386300000, "otherLiab": 12478300000, "minorityInterest": 2733200000, "totalCurrentLiabilities": 93632300000, "totalLiab": 290496900000, "commonStock": 59960000000, "retainedEarnings": -11923200000, "treasuryStock": 28559400000, "capitalSurplus": 1196900000, "otherStockholderEquity": 28559400000, "totalStockholderEquity": 77793100000, "netTangibleAssets": 75495200000}, {"maxAge": 1, "endDate": "2017-03-31", "cash": 713800000, "netReceivables": 10329000000, "inventory": 3146100000, "otherCurrentAssets": 5597900000, "totalCurrentAssets": 20052100000, "propertyPlantEquipment": 320392200000, "goodWill": 1800000, "intangibleAssets": 2453000000, "otherAssets": 35458900000, "deferredLongTermAssetCharges": 5426500000, "totalAssets": 378358000000, "accountsPayable": 3024000000, "shortLongTermDebt": 28963100000, "otherCurrentLiab": 12719800000, "longTermDebt": 201030700000, "otherLiab": 12984300000, "minorityInterest": 3678200000, "totalCurrentLiabilities": 66794700000, "totalLiab": 280809700000, "commonStock": 59960000000, "retainedEarnings": 4153300000, "treasuryStock": 28559900000, "capitalSurplus": 1196900000, "otherStockholderEquity": 28559900000, "totalStockholderEquity": 93870100000, "netTangibleAssets": 91415300000}], "maxAge": 86400}, "earningsTrend": {"trend": [{"maxAge": 1, "period": "0q", "endDate": null, "growth": {}, "earningsEstimate": {"avg": 0.0, "low": 0.0, "high": 0.0, "yearAgoEps": {}, "numberOfAnalysts": 0, "growth": {}}, "revenueEstimate": {"avg": 0, "low": 0, "high": 0, "numberOfAnalysts": 0, "yearAgoRevenue": {}, "growth": {}}, "epsTrend": {"current": 0.0, "7daysAgo": 0.0, "30daysAgo": 0.0, "60daysAgo": 0.0, "90daysAgo": 0.0}, "epsRevisions": {"upLast7days": 0, "upLast30days": 0, "downLast30days": 0, "downLast90days": {}}}, {"maxAge": 1, "period": "+1q", "endDate": null, "growth": {}, "earningsEstimate": {"avg": 0.0, "low": 0.0, "high": 0.0, "yearAgoEps": {}, "numberOfAnalysts": 0, "growth": {}}, "revenueEstimate": {"avg": 0, "low": 0, "high": 0, "numberOfAnalysts": 0, "yearAgoRevenue": {}, "growth": {}}, "epsTrend": {"current": 0.0, "7daysAgo": 0.0, "30daysAgo": 0.0, "60daysAgo": 0.0, "90daysAgo": 0.0}, "epsRevisions": {"upLast7days": 0, "upLast30days": 0, "downLast30days": 0, "downLast90days": {}}}, {"maxAge": 1, "period": "0y", "endDate": null, "growth": {}, "earningsEstimate": {"avg": 0.0, "low": 0.0, "high": 0.0, "yearAgoEps": {}, "numberOfAnalysts": 0, "growth": {}}, "revenueEstimate": {"avg": 0, "low": 0, "high": 0, "numberOfAnalysts": 0, "yearAgoRevenue": {}, "growth": {}}, "epsTrend": {"current": 0.0, "7daysAgo": 0.0, "30daysAgo": 0.0, "60daysAgo": 0.0, "90daysAgo": 0.0}, "epsRevisions": {"upLast7days": 0, "upLast30days": 0, "downLast30days": 0, "downLast90days": {}}}, {"maxAge": 1, "period": "+1y", "endDate": null, "growth": {}, "earningsEstimate": {"avg": 0.0, "low": 0.0, "high": 0.0, "yearAgoEps": {}, "numberOfAnalysts": 0, "growth": {}}, "revenueEstimate": {"avg": 0, "low": 0, "high": 0, "numberOfAnalysts": 0, "yearAgoRevenue": {}, "growth": {}}, "epsTrend": {"current": 0.0, "7daysAgo": 0.0, "30daysAgo": 0.0, "60daysAgo": 0.0, "90daysAgo": 0.0}, "epsRevisions": {"upLast7days": 0, "upLast30days": 0, "downLast30days": 0, "downLast90days": {}}}, {"maxAge": 1, "period": "+5y", "endDate": null, "growth": -0.094, "earningsEstimate": {"avg": {}, "low": {}, "high": {}, "yearAgoEps": {}, "numberOfAnalysts": {}, "growth": {}}, "revenueEstimate": {"avg": {}, "low": {}, "high": {}, "numberOfAnalysts": {}, "yearAgoRevenue": {}, "growth": {}}, "epsTrend": {"current": {}, "7daysAgo": {}, "30daysAgo": {}, "60daysAgo": {}, "90daysAgo": {}}, "epsRevisions": {"upLast7days": {}, "upLast30days": {}, "downLast30days": {}, "downLast90days": {}}}, {"maxAge": 1, "period": "-5y", "endDate": null, "growth": -0.38606, "earningsEstimate": {"avg": {}, "low": {}, "high": {}, "yearAgoEps": {}, "numberOfAnalysts": {}, "growth": {}}, "revenueEstimate": {"avg": {}, "low": {}, "high": {}, "numberOfAnalysts": {}, "yearAgoRevenue": {}, "growth": {}}, "epsTrend": {"current": {}, "7daysAgo": {}, "30daysAgo": {}, "60daysAgo": {}, "90daysAgo": {}}, "epsRevisions": {"upLast7days": {}, "upLast30days": {}, "downLast30days": {}, "downLast90days": {}}}], "maxAge": 1}, "institutionOwnership": {"maxAge": 1, "ownershipList": []}, "majorHoldersBreakdown": {"maxAge": 1, "insidersPercentHeld": 0.67302, "institutionsPercentHeld": 0.0335, "institutionsFloatPercentHeld": 0.10245, "institutionsCount": 4}, "balanceSheetHistoryQuarterly": {"balanceSheetStatements": [{"maxAge": 1, "endDate": "2020-12-31", "totalStockholderEquity": 62611300000, "netTangibleAssets": 60705500000}, {"maxAge": 1, "endDate": "2020-09-30", "cash": 3097600000, "shortTermInvestments": 333000000, "netReceivables": 6114000000, "inventory": 2778600000, "otherCurrentAssets": 3098300000, "totalCurrentAssets": 15421500000, "longTermInvestments": 206500000, "propertyPlantEquipment": 152727700000, "goodWill": 1600000, "intangibleAssets": 1904200000, "otherAssets": 7201300000, "deferredLongTermAssetCharges": 2870100000, "totalAssets": 177462800000, "accountsPayable": 2211500000, "otherCurrentLiab": 13637700000, "longTermDebt": 50547600000, "otherLiab": 3994600000, "minorityInterest": 1170600000, "totalCurrentLiabilities": 21005000000, "totalLiab": 75625600000, "commonStock": 68404500000, "treasuryStock": -5793200000, "otherStockholderEquity": -5793200000, "totalStockholderEquity": 62611300000, "netTangibleAssets": 60705500000}, {"maxAge": 1, "endDate": "2020-06-30", "totalStockholderEquity": 61931700000, "netTangibleAssets": 59947400000}, {"maxAge": 1, "endDate": "2020-03-31", "cash": 907000000, "netReceivables": 4128000000, "inventory": 3423000000, "otherCurrentAssets": 5041700000, "totalCurrentAssets": 13684700000, "propertyPlantEquipment": 155300300000, "goodWill": 1600000, "intangibleAssets": 1982700000, "otherAssets": 7470300000, "deferredLongTermAssetCharges": 3033500000, "totalAssets": 178439600000, "accountsPayable": 2230900000, "shortLongTermDebt": 4393100000, "otherCurrentLiab": 5576900000, "longTermDebt": 51841400000, "otherLiab": 4222800000, "minorityInterest": 1124600000, "totalCurrentLiabilities": 21177500000, "totalLiab": 77328000000, "commonStock": 68404500000, "retainedEarnings": -37207900000, "treasuryStock": 28552800000, "capitalSurplus": 2182300000, "otherStockholderEquity": 28552800000, "totalStockholderEquity": 61931700000, "netTangibleAssets": 59947400000}], "maxAge": 86400}, "earningsHistory": {"history": [{"maxAge": 1, "epsActual": {}, "epsEstimate": {}, "epsDifference": {}, "surprisePercent": {}, "quarter": {}, "period": "-4q"}, {"maxAge": 1, "epsActual": {}, "epsEstimate": {}, "epsDifference": {}, "surprisePercent": {}, "quarter": {}, "period": "-3q"}, {"maxAge": 1, "epsActual": {}, "epsEstimate": {}, "epsDifference": {}, "surprisePercent": {}, "quarter": {}, "period": "-2q"}, {"maxAge": 1, "epsActual": {}, "epsEstimate": {}, "epsDifference": {}, "surprisePercent": {}, "quarter": {}, "period": "-1q"}], "maxAge": 86400}, "summaryProfile": {"address1": "JA House", "address2": "63 Basant Lok Vasant Vihar", "city": "New Delhi", "zip": "110057", "country": "India", "phone": "91 11 2614 1358", "fax": "91 11 2614 5389", "website": "http://www.jppowerventures.com", "industry": "Utilities\u2014Independent Power Producers", "sector": "Utilities", "longBusinessSummary": "Jaiprakash Power Ventures Limited engages in the power generation and cement grinding businesses in India. It generates electricity through hydro and thermal energy sources. The company owns and operates a 400 MW Jaypee Vishnuprayag hydro power plant at District Chamoli, Uttarakhand; 1320 MW Jaypee Nigrie super thermal power plant at Nigrie, District Singrauli, Madhya Pradesh; and 500 MW Jaypee Bina Thermal power plant at Village Sirchopi, District Sagar, Madhya Pradesh. It also operates a 219.80 Km power transmission line to evacuate power from 1091 MW Karcham Wangtoo hydroelectric plant up to Abdullapur, Haryana, as well as distribution and consumption in the states of Himachal Pradesh, Haryana, Punjab, Uttar Pradesh, and Rajasthan. In addition, the company operates coal mine located in Amelia, Madhya Pradesh. The company was formerly known as Jaiprakash Hydro-Power Limited and changed its name to Jaiprakash Power Ventures Limited in December 2009. Jaiprakash Power Ventures Limited was incorporated in 1994 and is based in New Delhi, India.", "fullTimeEmployees": 1766, "companyOfficers": [], "maxAge": 86400}, "netSharePurchaseActivity": {"maxAge": 1, "period": "6m", "buyInfoCount": 0, "buyInfoShares": 0, "sellInfoCount": 0, "netInfoCount": 0, "netInfoShares": 0, "netPercentInsiderShares": 0.0, "totalInsiderShares": 4603759616}, "insiderTransactions": {"transactions": [{"maxAge": 1, "shares": 139090471, "filerUrl": "", "transactionText": "", "filerName": "ICICI Bank Ltd", "filerRelation": "Institution- Corporation", "moneyText": "", "startDate": "2021-01-20", "ownership": "D"}, {"maxAge": 1, "shares": 121390800, "filerUrl": "", "transactionText": "", "filerName": "IDBI Bank Ltd", "filerRelation": "Promoter", "moneyText": "", "startDate": "2019-12-30", "ownership": "D"}, {"maxAge": 1, "shares": 28100, "filerUrl": "", "transactionText": "", "filerName": "Joshi (Sunita)", "filerRelation": "Director (Non-Executive)", "moneyText": "", "startDate": "2014-07-29", "ownership": "D"}, {"maxAge": 1, "shares": 7850, "filerUrl": "", "transactionText": "", "filerName": "Nailwal (S. D.)", "filerRelation": "Director (Non-Executive)", "moneyText": "", "startDate": "2014-07-29", "ownership": "D"}, {"maxAge": 1, "shares": 50000, "filerUrl": "", "transactionText": "", "filerName": "Gaur (G P)", "filerRelation": "Director", "moneyText": "", "startDate": "2013-08-02", "ownership": "D"}, {"maxAge": 1, "shares": 100000, "filerUrl": "", "transactionText": "", "filerName": "Singh (Praveen Kumar)", "filerRelation": "Wholetime Director", "moneyText": "", "startDate": "2013-08-01", "ownership": "D"}, {"maxAge": 1, "shares": 25000, "filerUrl": "", "transactionText": "", "filerName": "Gaur (G P)", "filerRelation": "Director", "moneyText": "", "startDate": "2013-03-15", "ownership": "D"}, {"maxAge": 1, "shares": 11500, "filerUrl": "", "transactionText": "", "filerName": "Gaur (Urvashi)", "filerRelation": "UNREPORTED", "moneyText": "", "startDate": "2011-06-27", "ownership": "D"}, {"maxAge": 1, "shares": 5000, "filerUrl": "", "transactionText": "", "filerName": "Sharma (Sunil Kumar)", "filerRelation": "Vice Chairman", "moneyText": "", "startDate": "2011-02-02", "ownership": "D"}, {"maxAge": 1, "shares": 50000, "filerUrl": "", "transactionText": "", "filerName": "Sharma (Archana)", "filerRelation": "UNREPORTED", "moneyText": "", "startDate": "2010-12-29", "ownership": "D"}, {"maxAge": 1, "shares": 500, "filerUrl": "", "transactionText": "", "filerName": "Gaur (Manoj)", "filerRelation": "Chairman of the Board", "moneyText": "", "startDate": "2010-11-26", "ownership": "D"}, {"maxAge": 1, "shares": 5000, "filerUrl": "", "transactionText": "", "filerName": "Jain (Suren)", "filerRelation": "UNREPORTED", "moneyText": "", "startDate": "2010-11-26", "ownership": "D"}, {"maxAge": 1, "shares": 20000, "filerUrl": "", "transactionText": "", "filerName": "Sharma (Archana)", "filerRelation": "UNREPORTED", "moneyText": "", "startDate": "2010-11-26", "ownership": "D"}, {"maxAge": 1, "shares": 10000, "filerUrl": "", "transactionText": "", "filerName": "Sharma (Archana)", "filerRelation": "UNREPORTED", "moneyText": "", "startDate": "2010-11-25", "ownership": "D"}, {"maxAge": 1, "shares": 20000, "filerUrl": "", "transactionText": "", "filerName": "Sharma (Archana)", "filerRelation": "UNREPORTED", "moneyText": "", "startDate": "2010-11-22", "ownership": "D"}, {"maxAge": 1, "shares": 10000, "filerUrl": "", "transactionText": "", "filerName": "Sharma (Archana)", "filerRelation": "UNREPORTED", "moneyText": "", "startDate": "2010-11-16", "ownership": "D"}, {"maxAge": 1, "shares": 20000, "filerUrl": "", "transactionText": "", "filerName": "Sharma (Archana)", "filerRelation": "UNREPORTED", "moneyText": "", "startDate": "2010-06-04", "ownership": "D"}, {"maxAge": 1, "shares": 20000, "filerUrl": "", "transactionText": "", "filerName": "Sharma (Archana)", "filerRelation": "UNREPORTED", "moneyText": "", "startDate": "2010-05-14", "ownership": "D"}, {"maxAge": 1, "shares": 400, "filerUrl": "", "transactionText": "", "filerName": "Sibbal (M M)", "filerRelation": "UNREPORTED", "moneyText": "", "startDate": "2010-04-09", "ownership": "D"}, {"maxAge": 1, "shares": 2200, "filerUrl": "", "transactionText": "", "filerName": "Jain (Suren)", "filerRelation": "UNREPORTED", "moneyText": "", "startDate": "2010-04-08", "ownership": "D"}, {"maxAge": 1, "shares": 1000, "filerUrl": "", "transactionText": "", "filerName": "Nailwal (S. D.)", "filerRelation": "Director", "moneyText": "", "startDate": "2009-12-11", "ownership": "D"}, {"maxAge": 1, "shares": 1000, "filerUrl": "", "transactionText": "", "filerName": "Nailwal (S. D.)", "filerRelation": "Director", "moneyText": "", "startDate": "2009-12-10", "ownership": "D"}, {"maxAge": 1, "shares": 1000, "filerUrl": "", "transactionText": "", "filerName": "Nailwal (S. D.)", "filerRelation": "Director", "moneyText": "", "startDate": "2009-12-09", "ownership": "D"}, {"maxAge": 1, "shares": 1000, "filerUrl": "", "transactionText": "", "filerName": "Nailwal (S. D.)", "filerRelation": "Director", "moneyText": "", "startDate": "2009-12-08", "ownership": "D"}, {"maxAge": 1, "shares": 4500, "filerUrl": "", "transactionText": "", "filerName": "Gaur (Manoj)", "filerRelation": "Chairman of the Board", "moneyText": "", "startDate": "2009-11-27", "ownership": "D"}], "maxAge": 1}, "sectorTrend": {"maxAge": 1, "symbol": null, "estimates": []}, "incomeStatementHistoryQuarterly": {"incomeStatementHistory": [{"maxAge": 1, "endDate": "2020-12-31", "totalRevenue": 9879200000, "costOfRevenue": 6158800000, "grossProfit": 3720400000, "researchDevelopment": {}, "sellingGeneralAdministrative": 265100000, "nonRecurring": {}, "otherOperatingExpenses": 185700000, "totalOperatingExpenses": 7951600000, "operatingIncome": 1927600000, "totalOtherIncomeExpenseNet": -1505900000, "ebit": 1927600000, "interestExpense": -1536100000, "incomeBeforeTax": 421700000, "incomeTaxExpense": 507800000, "minorityInterest": {}, "netIncomeFromContinuingOps": -86100000, "discontinuedOperations": {}, "extraordinaryItems": {}, "effectOfAccountingCharges": {}, "otherItems": {}, "netIncome": -123300000, "netIncomeApplicableToCommonShares": -123300000}, {"maxAge": 1, "endDate": "2020-09-30", "totalRevenue": 7788600000, "costOfRevenue": 3874300000, "grossProfit": 3914300000, "researchDevelopment": {}, "sellingGeneralAdministrative": 262100000, "nonRecurring": {}, "otherOperatingExpenses": 205200000, "totalOperatingExpenses": 5683600000, "operatingIncome": 2105000000, "totalOtherIncomeExpenseNet": -1459300000, "ebit": 2105000000, "interestExpense": -1516700000, "incomeBeforeTax": 645700000, "incomeTaxExpense": 164400000, "minorityInterest": 1170600000, "netIncomeFromContinuingOps": 481300000, "discontinuedOperations": {}, "extraordinaryItems": {}, "effectOfAccountingCharges": {}, "otherItems": {}, "netIncome": 448100000, "netIncomeApplicableToCommonShares": 448100000}, {"maxAge": 1, "endDate": "2020-06-30", "totalRevenue": 6894100000, "costOfRevenue": 3156600000, "grossProfit": 3737500000, "researchDevelopment": {}, "sellingGeneralAdministrative": 250800000, "nonRecurring": {}, "otherOperatingExpenses": 373900000, "totalOperatingExpenses": 5109000000, "operatingIncome": 1785100000, "totalOtherIncomeExpenseNet": -1468200000, "ebit": 1785100000, "interestExpense": -1524500000, "incomeBeforeTax": 316900000, "incomeTaxExpense": 51100000, "minorityInterest": 1170600000, "netIncomeFromContinuingOps": 265800000, "discontinuedOperations": {}, "extraordinaryItems": {}, "effectOfAccountingCharges": {}, "otherItems": {}, "netIncome": 233500000, "netIncomeApplicableToCommonShares": 233500000}, {"maxAge": 1, "endDate": "2020-03-31", "totalRevenue": 7390400000, "costOfRevenue": 4341200000, "grossProfit": 3049200000, "researchDevelopment": {}, "sellingGeneralAdministrative": 308900000, "nonRecurring": {}, "otherOperatingExpenses": 239600000, "totalOperatingExpenses": 6214400000, "operatingIncome": 1176000000, "totalOtherIncomeExpenseNet": -2150100000, "ebit": 1176000000, "interestExpense": -1170200000, "incomeBeforeTax": -974100000, "incomeTaxExpense": -265000000, "minorityInterest": 1124600000, "netIncomeFromContinuingOps": -709100000, "discontinuedOperations": {}, "extraordinaryItems": {}, "effectOfAccountingCharges": {}, "otherItems": {}, "netIncome": -734300000, "netIncomeApplicableToCommonShares": -770900000}], "maxAge": 86400}, "cashflowStatementHistoryQuarterly": {"cashflowStatements": [{"maxAge": 1, "endDate": "2020-12-31", "netIncome": -123300000, "changeToLiabilities": 0}, {"maxAge": 1, "endDate": "2020-09-30", "netIncome": 448100000, "changeToLiabilities": 0}, {"maxAge": 1, "endDate": "2020-06-30", "netIncome": 233500000, "changeToLiabilities": 0}, {"maxAge": 1, "endDate": "2020-03-31", "netIncome": -734300000, "changeToLiabilities": 0}], "maxAge": 86400}, "earnings": {"maxAge": 86400, "earningsChart": {"quarterly": [], "earningsDate": ["2018-02-14 05:30:S", "2018-02-16 05:30:S"]}, "financialsChart": {"yearly": [{"date": 2017, "revenue": 46574700000, "earnings": -12328900000}, {"date": 2018, "revenue": 48768700000, "earnings": -15958300000}, {"date": 2019, "revenue": 38916200000, "earnings": -3811500000}, {"date": 2020, "revenue": 34434400000, "earnings": -21621100000}], "quarterly": [{"date": "1Q2020", "revenue": 7390400000, "earnings": -734300000}, {"date": "2Q2020", "revenue": 6894100000, "earnings": 233500000}, {"date": "3Q2020", "revenue": 7788600000, "earnings": 448100000}, {"date": "4Q2020", "revenue": 9879200000, "earnings": -123300000}]}, "financialCurrency": "INR"}, "financialData": {"maxAge": 86400, "currentPrice": 3.15, "targetHighPrice": 3.0, "targetLowPrice": 3.0, "targetMeanPrice": 3.0, "targetMedianPrice": 3.0, "recommendationMean": 4.0, "recommendationKey": "underperform", "numberOfAnalystOpinions": 1, "totalCash": 3430599936, "totalCashPerShare": 0.502, "ebitda": 12311274496, "totalDebt": 55781801984, "totalRevenue": 31952300032, "debtToEquity": 54.775, "revenuePerShare": 4.671, "grossProfits": 12555900000, "revenueGrowth": 0.184, "grossMargins": 0.45134, "ebitdaMargins": 0.38529998, "operatingMargins": 0.21888, "profitMargins": -0.00551, "financialCurrency": "INR"}}}