{"JRFOODS.BO": {"cashflowStatementHistory": {"cashflowStatements": [{"maxAge": 1, "endDate": "2020-03-31", "netIncome": -80434471, "depreciation": 6875476, "changeToNetincome": 76182401, "changeToAccountReceivables": 22100975, "changeToLiabilities": 0, "changeToInventory": 738270, "changeToOperatingActivities": -16487583, "totalCashFromOperatingActivities": 8975068, "capitalExpenditures": -126278, "totalCashflowsFromInvestingActivities": -126278, "netBorrowings": 65863418, "otherCashflowsFromFinancingActivities": -76182402, "totalCashFromFinancingActivities": -10318984, "changeInCash": -1470194}, {"maxAge": 1, "endDate": "2019-03-31", "netIncome": -423897017, "depreciation": 6913473, "changeToNetincome": 37553639, "changeToAccountReceivables": -48965359, "changeToLiabilities": 0, "changeToInventory": 460598262, "changeToOperatingActivities": -387942267, "totalCashFromOperatingActivities": -355739269, "capitalExpenditures": -3346995, "totalCashflowsFromInvestingActivities": -3346995, "netBorrowings": 355083384, "otherCashflowsFromFinancingActivities": -37553640, "totalCashFromFinancingActivities": 317529744, "changeInCash": -41556519}, {"maxAge": 1, "endDate": "2018-03-31", "netIncome": 15118158, "depreciation": 6238646, "changeToNetincome": 15472169, "changeToAccountReceivables": -505200, "changeToLiabilities": 0, "changeToInventory": -149140030, "changeToOperatingActivities": 106722785, "totalCashFromOperatingActivities": -6093472, "capitalExpenditures": -3041870, "totalCashflowsFromInvestingActivities": -3041870, "netBorrowings": 416125, "otherCashflowsFromFinancingActivities": -11462169, "totalCashFromFinancingActivities": -11046044, "changeInCash": -20181386}, {"maxAge": 1, "endDate": "2017-03-31", "netIncome": 11864008, "depreciation": 4543831, "changeToNetincome": 11992321, "changeToAccountReceivables": 23695152, "changeToLiabilities": 0, "changeToInventory": -92190524, "changeToOperatingActivities": 56471005, "totalCashFromOperatingActivities": 16375793, "capitalExpenditures": -34526304, "totalCashflowsFromInvestingActivities": -34526304, "netBorrowings": 16514290, "otherCashflowsFromFinancingActivities": -9198322, "totalCashFromFinancingActivities": 7315968, "changeInCash": -10834543}], "maxAge": 86400}, "institutionOwnership": {"maxAge": 1, "ownershipList": []}, "balanceSheetHistoryQuarterly": {"balanceSheetStatements": [{"maxAge": 1, "endDate": "2020-06-30", "totalStockholderEquity": -421278381, "netTangibleAssets": -421278381}, {"maxAge": 1, "endDate": "2020-03-31", "cash": 75184, "netReceivables": 51931908, "inventory": 18047290, "otherCurrentAssets": 50076521, "totalCurrentAssets": 120474574, "propertyPlantEquipment": 90280342, "otherAssets": 27905, "totalAssets": 210782821, "accountsPayable": 20092338, "shortLongTermDebt": 1541753, "otherCurrentLiab": 4010000, "longTermDebt": 156094522, "otherLiab": 5168349, "totalCurrentLiabilities": 470798331, "totalLiab": 632061202, "commonStock": 95000000, "retainedEarnings": -516278381, "totalStockholderEquity": -421278381, "netTangibleAssets": -421278381}, {"maxAge": 1, "endDate": "2019-12-31", "totalStockholderEquity": -377295000, "netTangibleAssets": -377295000}, {"maxAge": 1, "endDate": "2019-09-30", "cash": 1351000, "netReceivables": 53336000, "inventory": 18786000, "otherCurrentAssets": 39747000, "totalCurrentAssets": 113220000, "propertyPlantEquipment": 93574000, "otherAssets": 28000, "totalAssets": 206822000, "accountsPayable": 19835000, "otherCurrentLiab": 16001000, "longTermDebt": 149525000, "otherLiab": 3433000, "totalCurrentLiabilities": 431159000, "totalLiab": 584117000, "commonStock": 95000000, "retainedEarnings": -472295000, "totalStockholderEquity": -377295000, "netTangibleAssets": -377295000}], "maxAge": 86400}, "indexTrend": {"maxAge": 1, "symbol": "SP5", "peRatio": 19.7411, "pegRatio": 1.34172, "estimates": [{"period": "0q", "growth": 0.549}, {"period": "+1q", "growth": 0.431}, {"period": "0y", "growth": 0.305}, {"period": "+1y", "growth": 0.109}, {"period": "+5y", "growth": 0.120859005}, {"period": "-5y"}]}, "insiderTransactions": {"transactions": [{"maxAge": 1, "shares": 107000, "filerUrl": "", "transactionText": "", "filerName": "Pondicherry Extraction Industries Pvt Ltd", "filerRelation": "Promoter", "moneyText": "", "startDate": "2019-06-06", "ownership": "D"}], "maxAge": 1}, "quoteType": {"exchange": "BSE", "quoteType": "EQUITY", "symbol": "JRFOODS.BO", "underlyingSymbol": "JRFOODS.BO", "shortName": "J.R.FOODS LTD.", "longName": "J. R. Foods Limited", "firstTradeDateEpochUtc": "2008-01-21 09:15:00", "timeZoneFullName": "Asia/Kolkata", "timeZoneShortName": "IST", "uuid": "b873f515-d5b6-3520-a4d5-43a39110e1ac", "messageBoardId": null, "gmtOffSetMilliseconds": 19800000, "maxAge": 1}, "incomeStatementHistory": {"incomeStatementHistory": [{"maxAge": 1, "endDate": "2020-03-31", "totalRevenue": 10084290, "costOfRevenue": 3673964, "grossProfit": 6410326, "researchDevelopment": {}, "sellingGeneralAdministrative": 4146311, "nonRecurring": {}, "otherOperatingExpenses": {}, "totalOperatingExpenses": 14695751, "operatingIncome": -4611461, "totalOtherIncomeExpenseNet": -75823010, "ebit": -4611461, "interestExpense": -76182402, "incomeBeforeTax": -80434471, "incomeTaxExpense": 0, "minorityInterest": {}, "netIncomeFromContinuingOps": -80434471, "discontinuedOperations": {}, "extraordinaryItems": {}, "effectOfAccountingCharges": {}, "otherItems": {}, "netIncome": -80434471, "netIncomeApplicableToCommonShares": -80434471}, {"maxAge": 1, "endDate": "2019-03-31", "totalRevenue": 741152469, "costOfRevenue": 1064611415, "grossProfit": -323458946, "researchDevelopment": {}, "sellingGeneralAdministrative": 56167166, "nonRecurring": {}, "otherOperatingExpenses": {}, "totalOperatingExpenses": 1127692054, "operatingIncome": -386539585, "totalOtherIncomeExpenseNet": -37357432, "ebit": -386539585, "interestExpense": -40178131, "incomeBeforeTax": -423897017, "incomeTaxExpense": 0, "minorityInterest": {}, "netIncomeFromContinuingOps": -423897017, "discontinuedOperations": {}, "extraordinaryItems": {}, "effectOfAccountingCharges": {}, "otherItems": {}, "netIncome": -423897017, "netIncomeApplicableToCommonShares": -423897017}, {"maxAge": 1, "endDate": "2018-03-31", "totalRevenue": 1766284090, "costOfRevenue": 1711313369, "grossProfit": 54970721, "researchDevelopment": {}, "sellingGeneralAdministrative": 29196611, "nonRecurring": {}, "otherOperatingExpenses": {}, "totalOperatingExpenses": 1746748626, "operatingIncome": 19535464, "totalOtherIncomeExpenseNet": -407306, "ebit": 19535464, "interestExpense": -14165215, "incomeBeforeTax": 19128158, "incomeTaxExpense": 4010000, "minorityInterest": {}, "netIncomeFromContinuingOps": 15118158, "discontinuedOperations": {}, "extraordinaryItems": {}, "effectOfAccountingCharges": {}, "otherItems": {}, "netIncome": 15118158, "netIncomeApplicableToCommonShares": 15118158}, {"maxAge": 1, "endDate": "2017-03-31", "totalRevenue": 1318440917, "costOfRevenue": 1267364279, "grossProfit": 51076638, "researchDevelopment": {}, "sellingGeneralAdministrative": 23279608, "nonRecurring": {}, "otherOperatingExpenses": {}, "totalOperatingExpenses": 1295187718, "operatingIncome": 23253199, "totalOtherIncomeExpenseNet": -8595191, "ebit": 23253199, "interestExpense": -13141521, "incomeBeforeTax": 14658008, "incomeTaxExpense": 2794000, "minorityInterest": {}, "netIncomeFromContinuingOps": 11864008, "discontinuedOperations": {}, "extraordinaryItems": {}, "effectOfAccountingCharges": {}, "otherItems": {}, "netIncome": 11864008, "netIncomeApplicableToCommonShares": 11864008}], "maxAge": 86400}, "fundOwnership": {"maxAge": 1, "ownershipList": []}, "summaryDetail": {"maxAge": 1, "priceHint": 4, "previousClose": 3.15, "open": 3.3, "dayLow": 3.1, "dayHigh": 3.3, "regularMarketPreviousClose": 3.15, "regularMarketOpen": 3.3, "regularMarketDayLow": 3.1, "regularMarketDayHigh": 3.3, "volume": 5637, "regularMarketVolume": 5637, "averageVolume": 1702, "averageVolume10days": 1880, "averageDailyVolume10Day": 1880, "bid": 3.1, "ask": 3.3, "bidSize": 0, "askSize": 0, "marketCap": 29450000, "fiftyTwoWeekLow": 2.02, "fiftyTwoWeekHigh": 4.67, "fiftyDayAverage": 3.5442858, "twoHundredDayAverage": 3.3851824, "currency": "INR", "fromCurrency": null, "toCurrency": null, "lastMarket": null, "algorithm": null, "tradeable": false}, "incomeStatementHistoryQuarterly": {"incomeStatementHistory": [{"maxAge": 1, "endDate": "2020-06-30", "totalRevenue": 2200000, "costOfRevenue": 351000, "grossProfit": 1849000, "researchDevelopment": {}, "sellingGeneralAdministrative": 355000, "nonRecurring": {}, "otherOperatingExpenses": 1042000, "totalOperatingExpenses": 1748000, "operatingIncome": 452000, "totalOtherIncomeExpenseNet": -20072000, "ebit": 452000, "interestExpense": -20072000, "incomeBeforeTax": -19620000, "incomeTaxExpense": 0, "minorityInterest": {}, "netIncomeFromContinuingOps": -19620000, "discontinuedOperations": {}, "extraordinaryItems": {}, "effectOfAccountingCharges": {}, "otherItems": {}, "netIncome": -19620000, "netIncomeApplicableToCommonShares": -19620000}, {"maxAge": 1, "endDate": "2020-03-31", "totalRevenue": 3220290, "costOfRevenue": 1660964, "grossProfit": 1559326, "researchDevelopment": {}, "sellingGeneralAdministrative": 3035311, "nonRecurring": {}, "otherOperatingExpenses": -3491000, "totalOperatingExpenses": 2895751, "operatingIncome": 324539, "totalOtherIncomeExpenseNet": -27621010, "ebit": 324539, "interestExpense": -27980402, "incomeBeforeTax": -27296471, "incomeTaxExpense": 0, "minorityInterest": {}, "netIncomeFromContinuingOps": -27296471, "discontinuedOperations": {}, "extraordinaryItems": {}, "effectOfAccountingCharges": {}, "otherItems": {}, "netIncome": -27296471, "netIncomeApplicableToCommonShares": -27296471}, {"maxAge": 1, "endDate": "2019-12-31", "totalRevenue": 2203000, "costOfRevenue": 1242000, "grossProfit": 961000, "researchDevelopment": {}, "sellingGeneralAdministrative": 574000, "nonRecurring": {}, "otherOperatingExpenses": 2929000, "totalOperatingExpenses": 6473000, "operatingIncome": -4270000, "totalOtherIncomeExpenseNet": -12417000, "ebit": -4270000, "interestExpense": -12417000, "incomeBeforeTax": -16687000, "incomeTaxExpense": 0, "minorityInterest": {}, "netIncomeFromContinuingOps": -16687000, "discontinuedOperations": {}, "extraordinaryItems": {}, "effectOfAccountingCharges": {}, "otherItems": {}, "netIncome": -16687000, "netIncomeApplicableToCommonShares": -16687000}, {"maxAge": 1, "endDate": "2019-09-30", "totalRevenue": 2588000, "costOfRevenue": 597000, "grossProfit": 1991000, "researchDevelopment": {}, "sellingGeneralAdministrative": 101000, "nonRecurring": {}, "otherOperatingExpenses": 296000, "totalOperatingExpenses": 4451000, "operatingIncome": -1863000, "totalOtherIncomeExpenseNet": -17934000, "ebit": -1863000, "interestExpense": -17935000, "incomeBeforeTax": -19797000, "incomeTaxExpense": 0, "minorityInterest": {}, "netIncomeFromContinuingOps": -19797000, "discontinuedOperations": {}, "extraordinaryItems": {}, "effectOfAccountingCharges": {}, "otherItems": {}, "netIncome": -19797000, "netIncomeApplicableToCommonShares": -19797000}], "maxAge": 86400}, "cashflowStatementHistoryQuarterly": {"cashflowStatements": [{"maxAge": 1, "endDate": "2020-06-30", "netIncome": -19620000, "changeToLiabilities": 0}, {"maxAge": 1, "endDate": "2020-03-31", "netIncome": -27296471, "changeToLiabilities": 0}, {"maxAge": 1, "endDate": "2019-12-31", "netIncome": -16687000, "changeToLiabilities": 0}, {"maxAge": 1, "endDate": "2019-09-30", "netIncome": -19797000, "changeToLiabilities": 0}], "maxAge": 86400}, "insiderHolders": {"holders": [{"maxAge": 1, "name": "Pondicherry Extraction Industries Pvt Ltd", "relation": "Promoter", "url": "", "transactionDescription": "Sale", "latestTransDate": "2019-06-06", "positionDirect": 3901792, "positionDirectDate": "2019-06-06"}], "maxAge": 1}, "calendarEvents": {"maxAge": 1, "earnings": {"earningsDate": []}}, "price": {"maxAge": 1, "regularMarketChangePercent": -0.015873076, "regularMarketChange": -0.05000019, "regularMarketTime": "2021-04-30 11:26:42", "priceHint": 4, "regularMarketPrice": 3.1, "regularMarketDayHigh": 3.3, "regularMarketDayLow": 3.1, "regularMarketVolume": 5637, "averageDailyVolume10Day": 1880, "averageDailyVolume3Month": 1702, "regularMarketPreviousClose": 3.15, "regularMarketSource": "FREE_REALTIME", "regularMarketOpen": 3.3, "exchange": "BSE", "exchangeName": "BSE", "exchangeDataDelayedBy": 0, "marketState": "CLOSED", "quoteType": "EQUITY", "symbol": "JRFOODS.BO", "underlyingSymbol": null, "shortName": "J.R.FOODS LTD.", "longName": "J. R. Foods Limited", "currency": "INR", "quoteSourceName": "Delayed Quote", "currencySymbol": "\u20b9", "fromCurrency": null, "toCurrency": null, "lastMarket": null, "marketCap": 29450000}, "balanceSheetHistory": {"balanceSheetStatements": [{"maxAge": 1, "endDate": "2020-03-31", "cash": 75184, "netReceivables": 51931908, "inventory": 18047290, "otherCurrentAssets": 50076521, "totalCurrentAssets": 120474574, "propertyPlantEquipment": 90280342, "otherAssets": 27905, "totalAssets": 210782821, "accountsPayable": 20092338, "shortLongTermDebt": 1541753, "otherCurrentLiab": 4010000, "longTermDebt": 156094522, "otherLiab": 5168349, "totalCurrentLiabilities": 470798331, "totalLiab": 632061202, "commonStock": 95000000, "retainedEarnings": -516278381, "totalStockholderEquity": -421278381, "netTangibleAssets": -421278381}, {"maxAge": 1, "endDate": "2019-03-31", "cash": 1545378, "netReceivables": 74032883, "inventory": 18785560, "otherCurrentAssets": 49344262, "totalCurrentAssets": 144013984, "propertyPlantEquipment": 97029540, "otherAssets": 27904, "totalAssets": 241071428, "accountsPayable": 33874032, "shortLongTermDebt": 5727767, "otherCurrentLiab": 6328584, "longTermDebt": 149524712, "otherLiab": 3128755, "totalCurrentLiabilities": 429261872, "totalLiab": 581915339, "commonStock": 95000000, "retainedEarnings": -435843911, "totalStockholderEquity": -340843911, "netTangibleAssets": -340843911}, {"maxAge": 1, "endDate": "2018-03-31", "cash": 43101896, "netReceivables": 25513862, "inventory": 479383822, "otherCurrentAssets": 49479106, "totalCurrentAssets": 597743310, "propertyPlantEquipment": 100596018, "otherAssets": 801686, "totalAssets": 699141014, "accountsPayable": 438949560, "shortLongTermDebt": 7254873, "otherCurrentLiab": 6437841, "longTermDebt": 89794964, "otherLiab": 4233659, "totalCurrentLiabilities": 522059284, "totalLiab": 616087907, "commonStock": 95000000, "retainedEarnings": -11946893, "totalStockholderEquity": 83053107, "netTangibleAssets": 83053107}, {"maxAge": 1, "endDate": "2017-03-31", "cash": 63283282, "netReceivables": 25252347, "inventory": 330243793, "otherCurrentAssets": 20180703, "totalCurrentAssets": 439272416, "propertyPlantEquipment": 103792794, "otherAssets": 1093653, "totalAssets": 544158863, "accountsPayable": 300994264, "shortLongTermDebt": 7398891, "otherCurrentLiab": 5636311, "longTermDebt": 83216761, "otherLiab": 3063112, "totalCurrentLiabilities": 389944042, "totalLiab": 476223915, "commonStock": 95000000, "retainedEarnings": -27065052, "totalStockholderEquity": 67934948, "netTangibleAssets": 67934948}], "maxAge": 86400}, "financialData": {"maxAge": 86400, "currentPrice": 3.1, "recommendationKey": "none", "grossProfits": 6410326, "financialCurrency": "INR"}}}