{"JSHL.BO": {"cashflowStatementHistory": {"cashflowStatements": [{"maxAge": 1, "endDate": "2020-03-31", "netIncome": 220400, "depreciation": 858300, "changeToNetincome": -3588900, "changeToAccountReceivables": 141800, "changeToLiabilities": 443000, "changeToInventory": 137700, "totalCashFromOperatingActivities": -1753200, "capitalExpenditures": -64000, "otherCashflowsFromInvestingActivities": -3198800, "totalCashflowsFromInvestingActivities": -3262800, "netBorrowings": -106700, "otherCashflowsFromFinancingActivities": 5012100, "totalCashFromFinancingActivities": 4905400, "changeInCash": -110700}, {"maxAge": 1, "endDate": "2019-03-31", "netIncome": 46900, "depreciation": 638600, "changeToNetincome": -3301200, "changeToAccountReceivables": 4298800, "changeToLiabilities": -2718500, "changeToInventory": -92300, "totalCashFromOperatingActivities": -1071000, "capitalExpenditures": -3183800, "otherCashflowsFromInvestingActivities": 4300200, "totalCashflowsFromInvestingActivities": 1116400, "netBorrowings": -96100, "otherCashflowsFromFinancingActivities": -50800, "totalCashFromFinancingActivities": -146900, "changeInCash": -101500}, {"maxAge": 1, "endDate": "2018-03-31", "netIncome": 828100, "depreciation": 253384, "changeToNetincome": -1664482, "changeToAccountReceivables": -372954, "changeToLiabilities": 2494811, "changeToInventory": 188143, "totalCashFromOperatingActivities": 1820502, "capitalExpenditures": -45539, "otherCashflowsFromInvestingActivities": -1206072, "totalCashflowsFromInvestingActivities": -1251611, "netBorrowings": -1106346, "otherCashflowsFromFinancingActivities": -126814, "totalCashFromFinancingActivities": -1233160, "changeInCash": -664268}, {"maxAge": 1, "endDate": "2017-03-31", "netIncome": 625300, "depreciation": 373700, "changeToNetincome": -747400, "changeToAccountReceivables": 253400, "changeToLiabilities": 723800, "changeToInventory": 2008000, "totalCashFromOperatingActivities": 3390900, "capitalExpenditures": -132300, "otherCashflowsFromInvestingActivities": -2699200, "totalCashflowsFromInvestingActivities": -2831500, "netBorrowings": -77000, "otherCashflowsFromFinancingActivities": -354300, "totalCashFromFinancingActivities": -431300, "changeInCash": 128100}], "maxAge": 86400}, "institutionOwnership": {"ownershipList": [], "maxAge": 1}, "balanceSheetHistoryQuarterly": {"balanceSheetStatements": [{"maxAge": 1, "endDate": "2020-03-31", "cash": 13300, "netReceivables": 41916500, "inventory": 12300, "otherCurrentAssets": 4706300, "totalCurrentAssets": 46648600, "propertyPlantEquipment": 2458500, "intangibleAssets": 53300, "otherAssets": 22141200, "deferredLongTermAssetCharges": 469400, "totalAssets": 71301600, "accountsPayable": 265300, "otherCurrentLiab": 123300, "longTermDebt": 298100, "totalCurrentLiabilities": 996400, "totalLiab": 1294500, "commonStock": 64900000, "retainedEarnings": 57100, "treasuryStock": 5050000, "otherStockholderEquity": 5050000, "totalStockholderEquity": 70007100, "netTangibleAssets": 69953800}, {"maxAge": 1, "endDate": "2019-12-31", "cash": 13300, "netReceivables": 41916500, "inventory": 12300, "otherCurrentAssets": 4706300, "totalCurrentAssets": 46648600, "propertyPlantEquipment": 2458500, "intangibleAssets": 53300, "otherAssets": 22141200, "deferredLongTermAssetCharges": 469400, "totalAssets": 71301600, "accountsPayable": 265300, "otherCurrentLiab": 123300, "longTermDebt": 298100, "totalCurrentLiabilities": 996400, "totalLiab": 1294500, "commonStock": 64900000, "retainedEarnings": 57100, "treasuryStock": 5050000, "otherStockholderEquity": 5050000, "totalStockholderEquity": 70007100, "netTangibleAssets": 69953800}, {"maxAge": 1, "endDate": "2019-09-30", "cash": 64888, "netReceivables": 40683792, "inventory": 267456, "otherCurrentAssets": 7696889, "totalCurrentAssets": 48713025, "propertyPlantEquipment": 2888998, "intangibleAssets": 70470, "otherAssets": 14208443, "deferredLongTermAssetCharges": 467464, "totalAssets": 65880936, "accountsPayable": 63158, "otherCurrentLiab": 675960, "longTermDebt": 353004, "totalCurrentLiabilities": 739118, "totalLiab": 1092122, "commonStock": 64900000, "treasuryStock": -111186, "otherStockholderEquity": -111186, "totalStockholderEquity": 64788814, "netTangibleAssets": 64718344}, {"maxAge": 1, "endDate": "2019-06-30", "cash": 64888, "netReceivables": 40683792, "inventory": 267456, "otherCurrentAssets": 7696889, "totalCurrentAssets": 48713025, "propertyPlantEquipment": 2888998, "intangibleAssets": 70470, "otherAssets": 14208443, "deferredLongTermAssetCharges": 467464, "totalAssets": 65880936, "accountsPayable": 63158, "otherCurrentLiab": 675960, "longTermDebt": 353004, "totalCurrentLiabilities": 739118, "totalLiab": 1092122, "commonStock": 64900000, "treasuryStock": -111186, "otherStockholderEquity": -111186, "totalStockholderEquity": 64788814, "netTangibleAssets": 64718344}], "maxAge": 86400}, "indexTrend": {"maxAge": 1, "symbol": "SP5", "peRatio": 19.7411, "pegRatio": 1.34172, "estimates": [{"period": "0q", "growth": 0.549}, {"period": "+1q", "growth": 0.431}, {"period": "0y", "growth": 0.305}, {"period": "+1y", "growth": 0.109}, {"period": "+5y", "growth": 0.120859005}, {"period": "-5y"}]}, "insiderTransactions": {"transactions": [{"maxAge": 1, "shares": 170000, "filerUrl": "", "transactionText": "", "filerName": "Gupta (Vivek)", "filerRelation": "Promoter", "moneyText": "", "startDate": "2019-10-31", "ownership": "D"}, {"maxAge": 1, "shares": 300000, "filerUrl": "", "transactionText": "", "filerName": "Gupta (Vivek)", "filerRelation": "Promoter", "moneyText": "", "startDate": "2019-10-18", "ownership": "D"}, {"maxAge": 1, "shares": 135000, "filerUrl": "", "transactionText": "", "filerName": "Gupta (Vivek)", "filerRelation": "Promoter", "moneyText": "", "startDate": "2019-10-15", "ownership": "D"}, {"maxAge": 1, "shares": 150000, "filerUrl": "", "transactionText": "", "filerName": "Agarwal (Jawahar Lal)", "filerRelation": "Promoter", "moneyText": "", "startDate": "2019-08-19", "ownership": "D"}, {"maxAge": 1, "shares": 180000, "filerUrl": "", "transactionText": "", "filerName": "Agarwal (Jawahar Lal)", "filerRelation": "Promoter", "moneyText": "", "startDate": "2019-08-13", "ownership": "D"}, {"maxAge": 1, "shares": 100000, "filerUrl": "", "transactionText": "", "filerName": "Agarwal (Jawahar Lal)", "filerRelation": "Promoter", "moneyText": "", "startDate": "2019-07-30", "ownership": "D"}, {"maxAge": 1, "shares": 100000, "filerUrl": "", "transactionText": "", "filerName": "Agarwal (Jawahar Lal)", "filerRelation": "Promoter", "moneyText": "", "startDate": "2019-07-25", "ownership": "D"}, {"maxAge": 1, "shares": 65000, "filerUrl": "", "transactionText": "", "filerName": "Agarwal (Jawahar Lal)", "filerRelation": "Promoter", "moneyText": "", "startDate": "2019-07-05", "ownership": "D"}, {"maxAge": 1, "shares": 40000, "filerUrl": "", "transactionText": "", "filerName": "Agarwal (Jawahar Lal)", "filerRelation": "UNREPORTED", "moneyText": "", "startDate": "2019-06-20", "ownership": "D"}, {"maxAge": 1, "shares": 60000, "filerUrl": "", "transactionText": "", "filerName": "Agarwal (Jawahar Lal)", "filerRelation": "UNREPORTED", "moneyText": "", "startDate": "2019-06-17", "ownership": "D"}, {"maxAge": 1, "shares": 35000, "filerUrl": "", "transactionText": "", "filerName": "Gupta (Vivek)", "filerRelation": "Promoter", "moneyText": "", "startDate": "2019-02-20", "ownership": "D"}, {"maxAge": 1, "shares": 35000, "filerUrl": "", "transactionText": "", "filerName": "Gupta (Vivek)", "filerRelation": "Promoter", "moneyText": "", "startDate": "2019-02-20", "ownership": "D"}, {"maxAge": 1, "shares": 65000, "filerUrl": "", "transactionText": "", "filerName": "Agarwal (Jawahar Lal)", "filerRelation": "Director (Executive)", "moneyText": "", "startDate": "2019-02-13", "ownership": "D"}, {"maxAge": 1, "shares": 50000, "filerUrl": "", "transactionText": "", "filerName": "Agarwal (Jawahar Lal)", "filerRelation": "Director (Executive)", "moneyText": "", "startDate": "2019-02-12", "ownership": "D"}, {"maxAge": 1, "shares": 95000, "filerUrl": "", "transactionText": "", "filerName": "Agarwal (Jawahar Lal)", "filerRelation": "Director (Executive)", "moneyText": "", "startDate": "2019-02-05", "ownership": "D"}, {"maxAge": 1, "shares": 75000, "filerUrl": "", "transactionText": "", "filerName": "Agarwal (Jawahar Lal)", "filerRelation": "Director (Executive)", "moneyText": "", "startDate": "2019-01-31", "ownership": "D"}, {"maxAge": 1, "shares": 25000, "filerUrl": "", "transactionText": "", "filerName": "Agarwal (Jawahar Lal)", "filerRelation": "Director (Executive)", "moneyText": "", "startDate": "2019-01-30", "ownership": "D"}], "maxAge": 1}, "quoteType": {"exchange": "BSE", "quoteType": "EQUITY", "symbol": "JSHL.BO", "underlyingSymbol": "JSHL.BO", "shortName": "JLA Infraville Shoppers Limite", "longName": "JLA Infraville Shoppers Limited", "firstTradeDateEpochUtc": "2017-03-06 09:15:00", "timeZoneFullName": "Asia/Kolkata", "timeZoneShortName": "IST", "uuid": "5eca8f6d-1921-359a-979e-8fef8bc25c13", "gmtOffSetMilliseconds": 19800000, "maxAge": 1}, "incomeStatementHistory": {"incomeStatementHistory": [{"maxAge": 1, "endDate": "2020-03-31", "totalRevenue": 34000, "costOfRevenue": 6811300, "grossProfit": -6777300, "researchDevelopment": {}, "sellingGeneralAdministrative": 917300, "nonRecurring": {}, "otherOperatingExpenses": -5306700, "totalOperatingExpenses": 3314700, "operatingIncome": -3280700, "totalOtherIncomeExpenseNet": 3606000, "ebit": -3280700, "interestExpense": -37900, "incomeBeforeTax": 325300, "incomeTaxExpense": 104900, "minorityInterest": {}, "netIncomeFromContinuingOps": 220400, "discontinuedOperations": {}, "extraordinaryItems": {}, "effectOfAccountingCharges": {}, "otherItems": {}, "netIncome": 220400, "netIncomeApplicableToCommonShares": 220400}, {"maxAge": 1, "endDate": "2019-03-31", "totalRevenue": 5454800, "costOfRevenue": 12469600, "grossProfit": -7014800, "researchDevelopment": {}, "sellingGeneralAdministrative": 1235900, "nonRecurring": {}, "otherOperatingExpenses": -5616400, "totalOperatingExpenses": 8784400, "operatingIncome": -3329600, "totalOtherIncomeExpenseNet": 3543500, "ebit": -3329600, "interestExpense": -50800, "incomeBeforeTax": 213900, "incomeTaxExpense": 167000, "minorityInterest": {}, "netIncomeFromContinuingOps": 46900, "discontinuedOperations": {}, "extraordinaryItems": {}, "effectOfAccountingCharges": {}, "otherItems": {}, "netIncome": 46900, "netIncomeApplicableToCommonShares": 46900}, {"maxAge": 1, "endDate": "2018-03-31", "totalRevenue": 1063100, "costOfRevenue": 1701900, "grossProfit": -638800, "researchDevelopment": {}, "sellingGeneralAdministrative": 445400, "nonRecurring": {}, "otherOperatingExpenses": -836700, "totalOperatingExpenses": 1679500, "operatingIncome": -616400, "totalOtherIncomeExpenseNet": 1714900, "ebit": -616400, "interestExpense": -126800, "incomeBeforeTax": 1098500, "incomeTaxExpense": 270400, "minorityInterest": {}, "netIncomeFromContinuingOps": 828100, "discontinuedOperations": {}, "extraordinaryItems": {}, "effectOfAccountingCharges": {}, "otherItems": {}, "netIncome": 828100, "netIncomeApplicableToCommonShares": 828100}, {"maxAge": 1, "endDate": "2017-03-31", "totalRevenue": 28143900, "costOfRevenue": 26596200, "grossProfit": 1547700, "researchDevelopment": {}, "sellingGeneralAdministrative": 2082100, "nonRecurring": {}, "otherOperatingExpenses": 2136100, "totalOperatingExpenses": 31342200, "operatingIncome": -3198300, "totalOtherIncomeExpenseNet": 4245100, "ebit": -3198300, "interestExpense": -354300, "incomeBeforeTax": 1046800, "incomeTaxExpense": 421500, "minorityInterest": {}, "netIncomeFromContinuingOps": 625300, "discontinuedOperations": {}, "extraordinaryItems": {}, "effectOfAccountingCharges": {}, "otherItems": {}, "netIncome": 625300, "netIncomeApplicableToCommonShares": 625300}], "maxAge": 86400}, "fundOwnership": {"ownershipList": [], "maxAge": 1}, "summaryDetail": {"maxAge": 1, "priceHint": 2, "previousClose": 6.67, "open": 6.34, "dayLow": 6.34, "dayHigh": 6.34, "regularMarketPreviousClose": 6.67, "regularMarketOpen": 6.34, "regularMarketDayLow": 6.34, "regularMarketDayHigh": 6.34, "trailingPE": 198.125, "volume": 30000, "regularMarketVolume": 30000, "averageVolume": 245, "averageVolume10days": 0, "averageDailyVolume10Day": 0, "bid": 0.0, "ask": 6.4, "bidSize": 0, "askSize": 0, "marketCap": 41146600, "fiftyTwoWeekLow": 6.34, "fiftyTwoWeekHigh": 32.9, "fiftyDayAverage": 21.133333, "twoHundredDayAverage": 26.113235, "currency": "INR", "fromCurrency": null, "lastMarket": null, "algorithm": null, "tradeable": false}, "incomeStatementHistoryQuarterly": {"incomeStatementHistory": [{"maxAge": 1, "endDate": "2020-03-31", "totalRevenue": -3506641, "costOfRevenue": 689195, "grossProfit": -4195836, "researchDevelopment": {}, "sellingGeneralAdministrative": 458650, "nonRecurring": {}, "otherOperatingExpenses": -4151703, "totalOperatingExpenses": -2780003, "operatingIncome": -726638, "totalOtherIncomeExpenseNet": 853687, "ebit": -726638, "interestExpense": -8911, "incomeBeforeTax": 127048, "incomeTaxExpense": 42918, "minorityInterest": {}, "netIncomeFromContinuingOps": 84130, "discontinuedOperations": {}, "extraordinaryItems": {}, "effectOfAccountingCharges": {}, "otherItems": {}, "netIncome": 84130, "netIncomeApplicableToCommonShares": 84130}, {"maxAge": 1, "endDate": "2019-12-31", "totalRevenue": -3506641, "costOfRevenue": 689195, "grossProfit": -4195836, "researchDevelopment": {}, "sellingGeneralAdministrative": 458650, "nonRecurring": {}, "otherOperatingExpenses": -4151703, "totalOperatingExpenses": -2780003, "operatingIncome": -726638, "totalOtherIncomeExpenseNet": 853687, "ebit": -726638, "interestExpense": -8911, "incomeBeforeTax": 127048, "incomeTaxExpense": 42918, "minorityInterest": {}, "netIncomeFromContinuingOps": 84130, "discontinuedOperations": {}, "extraordinaryItems": {}, "effectOfAccountingCharges": {}, "otherItems": {}, "netIncome": 84130, "netIncomeApplicableToCommonShares": 84130}, {"maxAge": 1, "endDate": "2019-09-30", "totalRevenue": 3523641, "costOfRevenue": 2716455, "grossProfit": 807186, "researchDevelopment": {}, "sellingGeneralAdministrative": 458650, "nonRecurring": {}, "otherOperatingExpenses": 1498353, "totalOperatingExpenses": 4437353, "operatingIncome": -913712, "totalOtherIncomeExpenseNet": 949313, "ebit": -913712, "interestExpense": -10039, "incomeBeforeTax": 35602, "incomeTaxExpense": 9532, "minorityInterest": {}, "netIncomeFromContinuingOps": 26070, "discontinuedOperations": {}, "extraordinaryItems": {}, "effectOfAccountingCharges": {}, "otherItems": {}, "netIncome": 26070, "netIncomeApplicableToCommonShares": 26070}, {"maxAge": 1, "endDate": "2019-06-30", "totalRevenue": 3523641, "costOfRevenue": 2716455, "grossProfit": 807186, "researchDevelopment": {}, "sellingGeneralAdministrative": 458650, "nonRecurring": {}, "otherOperatingExpenses": 1498353, "totalOperatingExpenses": 4437353, "operatingIncome": -913712, "totalOtherIncomeExpenseNet": 949313, "ebit": -913712, "interestExpense": -10039, "incomeBeforeTax": 35602, "incomeTaxExpense": 9532, "minorityInterest": {}, "netIncomeFromContinuingOps": 26070, "discontinuedOperations": {}, "extraordinaryItems": {}, "effectOfAccountingCharges": {}, "otherItems": {}, "netIncome": 26070, "netIncomeApplicableToCommonShares": 26070}], "maxAge": 86400}, "cashflowStatementHistoryQuarterly": {"cashflowStatements": [{"maxAge": 1, "endDate": "2020-03-31", "netIncome": 84130, "depreciation": 206605, "changeToNetincome": -854669, "changeToAccountReceivables": 110873, "changeToLiabilities": 160200, "changeToInventory": 127578, "totalCashFromOperatingActivities": -148033, "capitalExpenditures": -1, "otherCashflowsFromInvestingActivities": -2366397, "totalCashflowsFromInvestingActivities": -2366398, "netBorrowings": -27431, "otherCashflowsFromFinancingActivities": 2516089, "totalCashFromFinancingActivities": 2488657, "changeInCash": -25824}, {"maxAge": 1, "endDate": "2019-12-31", "netIncome": 84130, "depreciation": 206605, "changeToNetincome": -854669, "changeToAccountReceivables": 110873, "changeToLiabilities": 160200, "changeToInventory": 127578, "totalCashFromOperatingActivities": -148033, "capitalExpenditures": -1, "otherCashflowsFromInvestingActivities": -2366397, "totalCashflowsFromInvestingActivities": -2366398, "netBorrowings": -27431, "otherCashflowsFromFinancingActivities": 2516089, "totalCashFromFinancingActivities": 2488657, "changeInCash": -25824}, {"maxAge": 1, "endDate": "2019-09-30", "netIncome": 26070, "depreciation": 222545, "changeToNetincome": -939781, "changeToAccountReceivables": -39973, "changeToLiabilities": 61300, "changeToInventory": -58728, "totalCashFromOperatingActivities": -728567, "capitalExpenditures": -31999, "otherCashflowsFromInvestingActivities": 766997, "totalCashflowsFromInvestingActivities": 734998, "netBorrowings": -25919, "otherCashflowsFromFinancingActivities": -10039, "totalCashFromFinancingActivities": -35957, "changeInCash": -29526}, {"maxAge": 1, "endDate": "2019-06-30", "netIncome": 26070, "depreciation": 222545, "changeToNetincome": -939781, "changeToAccountReceivables": -39973, "changeToLiabilities": 61300, "changeToInventory": -58728, "totalCashFromOperatingActivities": -728567, "capitalExpenditures": -31999, "otherCashflowsFromInvestingActivities": 766997, "totalCashflowsFromInvestingActivities": 734998, "netBorrowings": -25919, "otherCashflowsFromFinancingActivities": -10039, "totalCashFromFinancingActivities": -35957, "changeInCash": -29526}], "maxAge": 86400}, "insiderHolders": {"holders": [{"maxAge": 1, "name": "Agarwal (Jawahar Lal)", "relation": "Promoter", "url": "", "transactionDescription": "Sale", "latestTransDate": "2019-08-19", "positionDirect": 13500, "positionDirectDate": "2019-08-19"}, {"maxAge": 1, "name": "Gupta (Vivek)", "relation": "Promoter", "url": "", "transactionDescription": "Sale", "latestTransDate": "2019-10-31", "positionDirect": 500, "positionDirectDate": "2019-10-31"}], "maxAge": 1}, "calendarEvents": {"maxAge": 1, "earnings": {"earningsDate": []}}, "upgradeDowngradeHistory": {"history": [], "maxAge": 86400}, "price": {"maxAge": 1, "regularMarketChangePercent": -0.04947525, "regularMarketChange": -0.32999992, "regularMarketTime": "2021-04-30 13:02:54", "priceHint": 2, "regularMarketPrice": 6.34, "regularMarketDayHigh": 6.34, "regularMarketDayLow": 6.34, "regularMarketVolume": 30000, "averageDailyVolume10Day": 0, "averageDailyVolume3Month": 245, "regularMarketPreviousClose": 6.67, "regularMarketSource": "FREE_REALTIME", "regularMarketOpen": 6.34, "exchange": "BSE", "exchangeName": "BSE", "exchangeDataDelayedBy": 0, "marketState": "CLOSED", "quoteType": "EQUITY", "symbol": "JSHL.BO", "underlyingSymbol": null, "shortName": "JLA Infraville Shoppers Limite", "longName": "JLA Infraville Shoppers Limited", "currency": "INR", "quoteSourceName": "Delayed Quote", "currencySymbol": "\u20b9", "fromCurrency": null, "lastMarket": null, "marketCap": 41146600}, "balanceSheetHistory": {"balanceSheetStatements": [{"maxAge": 1, "endDate": "2020-03-31", "cash": 13300, "netReceivables": 41916500, "inventory": 12300, "otherCurrentAssets": 4706300, "totalCurrentAssets": 46648600, "propertyPlantEquipment": 2458500, "intangibleAssets": 53300, "otherAssets": 22141200, "deferredLongTermAssetCharges": 469400, "totalAssets": 71301600, "accountsPayable": 265300, "otherCurrentLiab": 123300, "longTermDebt": 298100, "totalCurrentLiabilities": 996400, "totalLiab": 1294500, "commonStock": 64900000, "retainedEarnings": 57100, "treasuryStock": 5050000, "otherStockholderEquity": 5050000, "totalStockholderEquity": 70007100, "netTangibleAssets": 69953800}, {"maxAge": 1, "endDate": "2019-03-31", "cash": 123900, "netReceivables": 32153200, "inventory": 150000, "otherCurrentAssets": 7815900, "totalCurrentAssets": 40245600, "propertyPlantEquipment": 3252900, "intangibleAssets": 87700, "otherAssets": 22108700, "deferredLongTermAssetCharges": 486500, "totalAssets": 65694900, "otherCurrentLiab": 93700, "longTermDebt": 404800, "totalCurrentLiabilities": 553400, "totalLiab": 958200, "commonStock": 64900000, "retainedEarnings": -163300, "totalStockholderEquity": 64736700, "netTangibleAssets": 64649000}, {"maxAge": 1, "endDate": "2018-03-31", "cash": 225400, "netReceivables": 30208600, "inventory": 57700, "otherCurrentAssets": 20794300, "totalCurrentAssets": 51287800, "propertyPlantEquipment": 707600, "intangibleAssets": 144500, "otherAssets": 16322700, "deferredLongTermAssetCharges": 612300, "totalAssets": 68462600, "accountsPayable": 2415900, "otherCurrentLiab": 395800, "longTermDebt": 501000, "totalCurrentLiabilities": 3271800, "totalLiab": 3772800, "commonStock": 64900000, "retainedEarnings": -210200, "totalStockholderEquity": 64689800, "netTangibleAssets": 64545300}, {"maxAge": 1, "endDate": "2017-03-31", "cash": 889700, "netReceivables": 35742400, "inventory": 245800, "otherCurrentAssets": 21377900, "totalCurrentAssets": 58259900, "propertyPlantEquipment": 915400, "intangibleAssets": 238000, "otherAssets": 6842800, "deferredLongTermAssetCharges": 672700, "totalAssets": 66256100, "otherCurrentLiab": 348600, "longTermDebt": 1492700, "totalCurrentLiabilities": 901700, "totalLiab": 2394400, "commonStock": 64900000, "retainedEarnings": -1038300, "totalStockholderEquity": 63861700, "netTangibleAssets": 63623700}], "maxAge": 86400}, "financialData": {"maxAge": 86400, "currentPrice": 6.34, "recommendationKey": "none", "grossProfits": -6777300, "financialCurrency": "INR"}}}