{"JSLHISAR.NS": {"assetProfile": {"address1": "Jindal Centre", "address2": "12, Bhikaji Cama Place", "city": "New Delhi", "zip": "110066", "country": "India", "phone": "91 11 2618 8345", "fax": "91 11 4165 9169", "website": "http://www.jshlstainless.com", "industry": "Steel", "sector": "Basic Materials", "longBusinessSummary": "Jindal Stainless (Hisar) Limited manufactures and sells stainless steel products in India. The company offers a range of products, including slabs, blooms, hot and cold rolled coils, plates, coin blanks, precision strips, and razor blade steel. It also provides customized stainless steel products; and inventory management, technical value engineering, warehousing, and material testing services. In addition, the company offers stainless steel products for use in modular kitchen, kitchenware, and home and footprint office accessories, as well as cooking utensils under the Arttdinox, Stainless Steel Modular Kitchens, and Krome brands; and operates a network of steel service centers. Its products are used in various applications, such as process and engineering; architecture, building, and construction; automotive, railway, and transport; and consumer durables. The company also exports its products. Jindal Stainless (Hisar) Limited was incorporated in 2013 and is based in New Delhi, India.", "fullTimeEmployees": 2364, "companyOfficers": [{"maxAge": 1, "name": "Mr. Abhyuday  Jindal", "age": 31, "title": "MD & Director", "yearBorn": 1989, "fiscalYear": 2020, "totalPay": 65400000, "exercisedValue": 0, "unexercisedValue": 0}, {"maxAge": 1, "name": "Mr. Ramnik  Gupta", "title": "Chief Financial Officer", "fiscalYear": 2020, "totalPay": 9053000, "exercisedValue": 0, "unexercisedValue": 0}, {"maxAge": 1, "name": "Mr. Bhartendu  Harit", "title": "Company Sec. & Compliance Officer", "fiscalYear": 2020, "totalPay": 3358000, "exercisedValue": 0, "unexercisedValue": 0}, {"maxAge": 1, "name": "Mr. Jagmohan  Sood", "age": 53, "title": "Whole Time Director", "yearBorn": 1967, "fiscalYear": 2020, "totalPay": 16470000, "exercisedValue": 0, "unexercisedValue": 0}, {"maxAge": 1, "name": "Mr. Ajay  Goyal", "title": "Gen. Mang. of Fin. & Accounts", "fiscalYear": 2019, "exercisedValue": 0, "unexercisedValue": 0}], "compensationAsOfEpochDate": "2020-12-31 05:30:00", "maxAge": 86400}, "recommendationTrend": {"trend": [{"period": "0m", "strongBuy": 0, "buy": 0, "hold": 0, "sell": 0, "strongSell": 0}, {"period": "-1m", "strongBuy": 0, "buy": 0, "hold": 0, "sell": 0, "strongSell": 0}, {"period": "-2m", "strongBuy": 0, "buy": 0, "hold": 0, "sell": 0, "strongSell": 0}, {"period": "-3m", "strongBuy": 0, "buy": 0, "hold": 0, "sell": 0, "strongSell": 0}], "maxAge": 86400}, "cashflowStatementHistory": {"cashflowStatements": [{"maxAge": 1, "endDate": "2020-03-31", "netIncome": 3928700000, "depreciation": 2908000000, "changeToNetincome": 1619800000, "changeToAccountReceivables": 1368100000, "changeToLiabilities": 0, "changeToInventory": -767100000, "changeToOperatingActivities": -1997800000, "totalCashFromOperatingActivities": 7097500000, "capitalExpenditures": -2238000000, "otherCashflowsFromInvestingActivities": 109300000, "totalCashflowsFromInvestingActivities": -2052500000, "netBorrowings": -1913600000, "otherCashflowsFromFinancingActivities": -3121600000, "totalCashFromFinancingActivities": -5035200000, "changeInCash": 9800000}, {"maxAge": 1, "endDate": "2019-03-31", "netIncome": 3813500000, "depreciation": 2870400000, "changeToNetincome": 2394900000, "changeToAccountReceivables": -450100000, "changeToLiabilities": 0, "changeToInventory": 1964100000, "changeToOperatingActivities": 686100000, "totalCashFromOperatingActivities": 11301400000, "capitalExpenditures": -2047000000, "otherCashflowsFromInvestingActivities": 155100000, "totalCashflowsFromInvestingActivities": -1808300000, "netBorrowings": -5689800000, "otherCashflowsFromFinancingActivities": -3697400000, "totalCashFromFinancingActivities": -9387200000, "changeInCash": 105900000}, {"maxAge": 1, "endDate": "2018-03-31", "netIncome": 5780400000, "depreciation": 2830000000, "changeToNetincome": 2340900000, "changeToAccountReceivables": 1935500000, "changeToLiabilities": 0, "changeToInventory": 423600000, "changeToOperatingActivities": 1219600000, "totalCashFromOperatingActivities": 14542600000, "capitalExpenditures": -1936800000, "otherCashflowsFromInvestingActivities": -2807300000, "totalCashflowsFromInvestingActivities": -4655500000, "netBorrowings": -5802700000, "otherCashflowsFromFinancingActivities": -4084700000, "totalCashFromFinancingActivities": -9887400000, "changeInCash": -300000}, {"maxAge": 1, "endDate": "2017-03-31", "netIncome": 2866500000, "depreciation": 2842200000, "changeToNetincome": 4056100000, "changeToAccountReceivables": -2412800000, "changeToLiabilities": 0, "changeToInventory": -4946600000, "changeToOperatingActivities": 4485800000, "totalCashFromOperatingActivities": 6901300000, "capitalExpenditures": -1392400000, "otherCashflowsFromInvestingActivities": -16448000000, "totalCashflowsFromInvestingActivities": -17799500000, "netBorrowings": 15108100000, "otherCashflowsFromFinancingActivities": -4296800000, "totalCashFromFinancingActivities": 10811300000, "changeInCash": -86900000}], "maxAge": 86400}, "indexTrend": {"maxAge": 1, "symbol": "SP5", "peRatio": 19.7411, "pegRatio": 1.34172, "estimates": [{"period": "0q", "growth": 0.549}, {"period": "+1q", "growth": 0.431}, {"period": "0y", "growth": 0.305}, {"period": "+1y", "growth": 0.109}, {"period": "+5y", "growth": 0.120865}, {"period": "-5y"}]}, "defaultKeyStatistics": {"maxAge": 1, "priceHint": 2, "enterpriseValue": 57141403648, "forwardPE": 5.861759, "profitMargins": 0.05257, "floatShares": 83576282, "sharesOutstanding": 235935008, "heldPercentInsiders": 0.51633, "heldPercentInstitutions": 0.24012, "beta": 1.831429, "category": null, "bookValue": 99.588, "priceToBook": 1.6392537, "fundFamily": null, "legalType": null, "lastFiscalYearEnd": "2020-03-31 05:30:00", "nextFiscalYearEnd": "2022-03-31 05:30:00", "mostRecentQuarter": "2020-12-31 05:30:00", "earningsQuarterlyGrowth": 2.368, "netIncomeToCommon": 4491100160, "trailingEps": 19.03, "forwardEps": 27.85, "lastSplitFactor": null, "enterpriseToRevenue": 0.669, "enterpriseToEbitda": 6.41, "52WeekChange": 2.8009312, "SandP52WeekChange": 0.48148263}, "industryTrend": {"maxAge": 1, "symbol": null, "estimates": []}, "quoteType": {"exchange": "NSI", "quoteType": "EQUITY", "symbol": "JSLHISAR.NS", "underlyingSymbol": "JSLHISAR.NS", "shortName": "JINDAL STAINLESS (", "longName": "Jindal Stainless (Hisar) Limited", "firstTradeDateEpochUtc": "2016-01-28 09:15:00", "timeZoneFullName": "Asia/Kolkata", "timeZoneShortName": "IST", "uuid": "a38f6f6e-1e9c-3dcc-ba49-d32ef78d98d3", "messageBoardId": "finmb_280753431", "gmtOffSetMilliseconds": 19800000, "maxAge": 1}, "incomeStatementHistory": {"incomeStatementHistory": [{"maxAge": 1, "endDate": "2020-03-31", "totalRevenue": 93790000000, "costOfRevenue": 63265600000, "grossProfit": 30524400000, "researchDevelopment": {}, "sellingGeneralAdministrative": 2480500000, "nonRecurring": {}, "otherOperatingExpenses": 18682800000, "totalOperatingExpenses": 87374400000, "operatingIncome": 6415600000, "totalOtherIncomeExpenseNet": -1448700000, "ebit": 6415600000, "interestExpense": -2892500000, "incomeBeforeTax": 4966900000, "incomeTaxExpense": 959100000, "minorityInterest": 248400000, "netIncomeFromContinuingOps": 4007800000, "discontinuedOperations": {}, "extraordinaryItems": {}, "effectOfAccountingCharges": {}, "otherItems": {}, "netIncome": 3928700000, "netIncomeApplicableToCommonShares": 3928700000}, {"maxAge": 1, "endDate": "2019-03-31", "totalRevenue": 102888600000, "costOfRevenue": 68996200000, "grossProfit": 33892400000, "researchDevelopment": {}, "sellingGeneralAdministrative": 2315900000, "nonRecurring": {}, "otherOperatingExpenses": 21177600000, "totalOperatingExpenses": 95377200000, "operatingIncome": 7511400000, "totalOtherIncomeExpenseNet": -1813300000, "ebit": 7511400000, "interestExpense": -3469900000, "incomeBeforeTax": 5698100000, "incomeTaxExpense": 1736100000, "minorityInterest": 474900000, "netIncomeFromContinuingOps": 3962000000, "discontinuedOperations": {}, "extraordinaryItems": {}, "effectOfAccountingCharges": {}, "otherItems": {}, "netIncome": 3813500000, "netIncomeApplicableToCommonShares": 3813500000}, {"maxAge": 1, "endDate": "2018-03-31", "totalRevenue": 103571400000, "costOfRevenue": 70202500000, "grossProfit": 33368900000, "researchDevelopment": {}, "sellingGeneralAdministrative": 2186200000, "nonRecurring": {}, "otherOperatingExpenses": 18877900000, "totalOperatingExpenses": 94104800000, "operatingIncome": 9466600000, "totalOtherIncomeExpenseNet": -1255600000, "ebit": 9466600000, "interestExpense": -3805600000, "incomeBeforeTax": 8211000000, "incomeTaxExpense": 2334500000, "minorityInterest": 314600000, "netIncomeFromContinuingOps": 5876500000, "discontinuedOperations": {}, "extraordinaryItems": {}, "effectOfAccountingCharges": {}, "otherItems": {}, "netIncome": 5780400000, "netIncomeApplicableToCommonShares": 5780400000}, {"maxAge": 1, "endDate": "2017-03-31", "totalRevenue": 77744800000, "costOfRevenue": 50290600000, "grossProfit": 27454200000, "researchDevelopment": {}, "sellingGeneralAdministrative": 1850700000, "nonRecurring": {}, "otherOperatingExpenses": 15781100000, "totalOperatingExpenses": 70770300000, "operatingIncome": 6974500000, "totalOtherIncomeExpenseNet": -2900100000, "ebit": 6974500000, "interestExpense": -4007500000, "incomeBeforeTax": 4074400000, "incomeTaxExpense": 1169600000, "minorityInterest": 218200000, "netIncomeFromContinuingOps": 2904800000, "discontinuedOperations": {}, "extraordinaryItems": {}, "effectOfAccountingCharges": {}, "otherItems": {}, "netIncome": 2866500000, "netIncomeApplicableToCommonShares": 2866500000}], "maxAge": 86400}, "fundOwnership": {"maxAge": 1, "ownershipList": [{"maxAge": 1, "reportDate": "2021-01-31", "organization": "DFA Emerging Markets Core Equity Portfolio", "pctHeld": 0.0031, "position": 741273, "value": 101294955}, {"maxAge": 1, "reportDate": "2021-01-31", "organization": "DFA Emerging Markets Small Cap Series", "pctHeld": 0.0014, "position": 336993, "value": 46050093}, {"maxAge": 1, "reportDate": "2021-01-31", "organization": "Advisors Inner Circle Fund-Acadian Emerging Markets Port", "pctHeld": 0.0004, "position": 85914, "value": 11740148}, {"maxAge": 1, "reportDate": "2021-01-31", "organization": "DFA Investment Dimensions-World Ex U.S. Core Equity Port", "pctHeld": 0.0002, "position": 44114, "value": 6028178}, {"maxAge": 1, "reportDate": "2021-01-31", "organization": "DFA Investment Dimensions-Emerging Markets Social Core Equity", "pctHeld": 0.0002, "position": 35791, "value": 4890840}, {"maxAge": 1, "reportDate": "2021-01-31", "organization": "DFA T.A. World Ex U.S. Core Equity Portfolio", "pctHeld": 0.0001, "position": 23161, "value": 3164950}, {"maxAge": 1, "reportDate": "2021-03-31", "organization": "Avantis Emerging Markets Equity Fund", "pctHeld": 0.0001, "position": 15931, "value": 1992171}, {"maxAge": 1, "reportDate": "2021-02-28", "organization": "Avantis Emerging Markets Equity ETF", "pctHeld": 0.0001, "position": 15931, "value": 1981019}]}, "summaryDetail": {"maxAge": 1, "priceHint": 2, "previousClose": 164.25, "open": 163.0, "dayLow": 161.1, "dayHigh": 169.0, "regularMarketPreviousClose": 164.25, "regularMarketOpen": 163.0, "regularMarketDayLow": 161.1, "regularMarketDayHigh": 169.0, "payoutRatio": 0.0, "beta": 1.831429, "trailingPE": 8.57856, "forwardPE": 5.861759, "volume": 1146938, "regularMarketVolume": 1146938, "averageVolume": 764791, "averageVolume10days": 1513633, "averageDailyVolume10Day": 1513633, "bid": 0.0, "ask": 0.0, "bidSize": 0, "askSize": 0, "marketCap": 38516391936, "fiftyTwoWeekLow": 36.75, "fiftyTwoWeekHigh": 170.75, "priceToSalesTrailing12Months": 0.45082211, "fiftyDayAverage": 133.81944, "twoHundredDayAverage": 127.467705, "currency": "INR", "fromCurrency": null, "toCurrency": null, "lastMarket": null, "algorithm": null, "tradeable": false}, "insiderHolders": {"holders": [{"maxAge": 1, "name": "Gupta (Veera)", "relation": "UNREPORTED", "url": "", "transactionDescription": "Acquisition", "latestTransDate": "2017-09-19", "positionDirect": 132500, "positionDirectDate": "2017-09-19"}, {"maxAge": 1, "name": "Jindal (Sajjan)", "relation": "Promoter", "url": "", "transactionDescription": "Sale", "latestTransDate": "2017-12-02", "positionDirect": 0, "positionDirectDate": "2017-12-02"}, {"maxAge": 1, "name": "Jindal (Sangita)", "relation": "Promoter", "url": "", "transactionDescription": "Purchase", "latestTransDate": "2017-12-02", "positionDirect": 94658, "positionDirectDate": "2017-12-02"}], "maxAge": 1}, "calendarEvents": {"maxAge": 1, "earnings": {"earningsDate": []}}, "price": {"maxAge": 1, "regularMarketChangePercent": -0.00608828, "regularMarketChange": -1.0, "regularMarketTime": "2021-04-30 15:29:58", "priceHint": 2, "regularMarketPrice": 163.25, "regularMarketDayHigh": 169.0, "regularMarketDayLow": 161.1, "regularMarketVolume": 1146938, "averageDailyVolume10Day": 1513633, "averageDailyVolume3Month": 764791, "regularMarketPreviousClose": 164.25, "regularMarketSource": "FREE_REALTIME", "regularMarketOpen": 163.0, "exchange": "NSI", "exchangeName": "NSE", "exchangeDataDelayedBy": 15, "marketState": "CLOSED", "quoteType": "EQUITY", "symbol": "JSLHISAR.NS", "underlyingSymbol": null, "shortName": "JINDAL STAINLESS (", "longName": "Jindal Stainless (Hisar) Limited", "currency": "INR", "quoteSourceName": "Delayed Quote", "currencySymbol": "\u20b9", "fromCurrency": null, "toCurrency": null, "lastMarket": null, "marketCap": 38516391936}, "balanceSheetHistory": {"balanceSheetStatements": [{"maxAge": 1, "endDate": "2020-03-31", "cash": 196000000, "netReceivables": 9993800000, "inventory": 15540100000, "otherCurrentAssets": 1834400000, "totalCurrentAssets": 27564300000, "longTermInvestments": 6465700000, "propertyPlantEquipment": 21131900000, "goodWill": 862500000, "intangibleAssets": 157700000, "otherAssets": 9656600000, "deferredLongTermAssetCharges": 900000, "totalAssets": 65838700000, "accountsPayable": 14342900000, "shortLongTermDebt": 1334100000, "otherCurrentLiab": 5517800000, "longTermDebt": 18286400000, "otherLiab": 585800000, "minorityInterest": 248400000, "totalCurrentLiabilities": 23825700000, "totalLiab": 42880200000, "commonStock": 471900000, "retainedEarnings": 16582800000, "treasuryStock": -400000, "capitalSurplus": 5655800000, "otherStockholderEquity": -400000, "totalStockholderEquity": 22710100000, "netTangibleAssets": 21689900000}, {"maxAge": 1, "endDate": "2019-03-31", "cash": 186200000, "shortTermInvestments": 1183600000, "netReceivables": 10077500000, "inventory": 14772900000, "otherCurrentAssets": 1386500000, "totalCurrentAssets": 26423100000, "longTermInvestments": 6216900000, "propertyPlantEquipment": 21856100000, "goodWill": 862500000, "intangibleAssets": 129400000, "otherAssets": 9462400000, "deferredLongTermAssetCharges": 20200000, "totalAssets": 64950400000, "accountsPayable": 15779400000, "shortLongTermDebt": 1898200000, "otherCurrentLiab": 5244700000, "longTermDebt": 19715200000, "otherLiab": 1032900000, "minorityInterest": 474900000, "totalCurrentLiabilities": 25199600000, "totalLiab": 45947700000, "commonStock": 471900000, "retainedEarnings": 12442000000, "treasuryStock": -15500000, "capitalSurplus": 5629400000, "otherStockholderEquity": -15500000, "totalStockholderEquity": 18527800000, "netTangibleAssets": 17535900000}, {"maxAge": 1, "endDate": "2018-03-31", "cash": 80300000, "netReceivables": 8981500000, "inventory": 16737000000, "otherCurrentAssets": 3020800000, "totalCurrentAssets": 28819600000, "longTermInvestments": 5709800000, "propertyPlantEquipment": 22654600000, "goodWill": 862500000, "intangibleAssets": 44600000, "otherAssets": 9561000000, "deferredLongTermAssetCharges": 87100000, "totalAssets": 67652100000, "accountsPayable": 16320000000, "shortLongTermDebt": 1597700000, "otherCurrentLiab": 5553300000, "longTermDebt": 22573800000, "otherLiab": 1039000000, "minorityInterest": 314600000, "totalCurrentLiabilities": 28979000000, "totalLiab": 52591800000, "commonStock": 471900000, "retainedEarnings": 8640700000, "treasuryStock": 3700000, "capitalSurplus": 5629400000, "otherStockholderEquity": 3700000, "totalStockholderEquity": 14745700000, "netTangibleAssets": 13838600000}, {"maxAge": 1, "endDate": "2017-03-31", "cash": 80600000, "netReceivables": 11440700000, "inventory": 17160600000, "otherCurrentAssets": 3757300000, "totalCurrentAssets": 32439200000, "longTermInvestments": 4184000000, "propertyPlantEquipment": 23806700000, "goodWill": 862500000, "intangibleAssets": 49200000, "otherAssets": 5532300000, "deferredLongTermAssetCharges": 97400000, "totalAssets": 66873900000, "accountsPayable": 16387400000, "shortLongTermDebt": 1470500000, "otherCurrentLiab": 5313400000, "longTermDebt": 24350500000, "otherLiab": 568200000, "minorityInterest": 218200000, "totalCurrentLiabilities": 32806400000, "totalLiab": 57725100000, "commonStock": 471900000, "retainedEarnings": 2860300000, "treasuryStock": -31000000, "capitalSurplus": 5629400000, "otherStockholderEquity": -31000000, "totalStockholderEquity": 8930600000, "netTangibleAssets": 8018900000}], "maxAge": 86400}, "earningsTrend": {"trend": [{"maxAge": 1, "period": "0q", "endDate": "2018-06-30", "growth": {}, "earningsEstimate": {"avg": 0.0, "low": 0.0, "high": 0.0, "yearAgoEps": {}, "numberOfAnalysts": 0, "growth": {}}, "revenueEstimate": {"avg": 0, "low": 0, "high": 0, "numberOfAnalysts": 0, "yearAgoRevenue": {}, "growth": {}}, "epsTrend": {"current": 0.0, "7daysAgo": 0.0, "30daysAgo": 0.0, "60daysAgo": 0.0, "90daysAgo": 0.0}, "epsRevisions": {"upLast7days": 0, "upLast30days": 0, "downLast30days": 0, "downLast90days": {}}}, {"maxAge": 1, "period": "+1q", "endDate": "2018-09-30", "growth": {}, "earningsEstimate": {"avg": 0.0, "low": 0.0, "high": 0.0, "yearAgoEps": 3.91, "numberOfAnalysts": 0, "growth": {}}, "revenueEstimate": {"avg": 0, "low": 0, "high": 0, "numberOfAnalysts": 0, "yearAgoRevenue": {}, "growth": {}}, "epsTrend": {"current": 0.0, "7daysAgo": 0.0, "30daysAgo": 0.0, "60daysAgo": 0.0, "90daysAgo": 0.0}, "epsRevisions": {"upLast7days": 0, "upLast30days": 0, "downLast30days": 0, "downLast90days": {}}}, {"maxAge": 1, "period": "0y", "endDate": "2019-03-31", "growth": 0.42099997, "earningsEstimate": {"avg": 22.72, "low": 21.8, "high": 23.67, "yearAgoEps": 15.99, "numberOfAnalysts": 3, "growth": 0.42099997}, "revenueEstimate": {"avg": 107831000000, "low": 100078000000, "high": 115583000000, "numberOfAnalysts": 2, "yearAgoRevenue": 94502300000, "growth": 0.141}, "epsTrend": {"current": 22.72, "7daysAgo": 22.72, "30daysAgo": 22.72, "60daysAgo": 22.72, "90daysAgo": 22.52}, "epsRevisions": {"upLast7days": 0, "upLast30days": 0, "downLast30days": 0, "downLast90days": {}}}, {"maxAge": 1, "period": "+1y", "endDate": "2020-03-31", "growth": 0.22600001, "earningsEstimate": {"avg": 27.85, "low": 27.5, "high": 28.2, "yearAgoEps": 22.72, "numberOfAnalysts": 2, "growth": 0.22600001}, "revenueEstimate": {"avg": 112566000000, "low": 112566000000, "high": 112566000000, "numberOfAnalysts": 1, "yearAgoRevenue": 107831000000, "growth": 0.044}, "epsTrend": {"current": 27.85, "7daysAgo": 27.85, "30daysAgo": 27.85, "60daysAgo": 27.85, "90daysAgo": 28.2}, "epsRevisions": {"upLast7days": 0, "upLast30days": 0, "downLast30days": 0, "downLast90days": {}}}, {"maxAge": 1, "period": "+5y", "endDate": null, "growth": {}, "earningsEstimate": {"avg": {}, "low": {}, "high": {}, "yearAgoEps": {}, "numberOfAnalysts": {}, "growth": {}}, "revenueEstimate": {"avg": {}, "low": {}, "high": {}, "numberOfAnalysts": {}, "yearAgoRevenue": {}, "growth": {}}, "epsTrend": {"current": {}, "7daysAgo": {}, "30daysAgo": {}, "60daysAgo": {}, "90daysAgo": {}}, "epsRevisions": {"upLast7days": {}, "upLast30days": {}, "downLast30days": {}, "downLast90days": {}}}, {"maxAge": 1, "period": "-5y", "endDate": null, "growth": {}, "earningsEstimate": {"avg": {}, "low": {}, "high": {}, "yearAgoEps": {}, "numberOfAnalysts": {}, "growth": {}}, "revenueEstimate": {"avg": {}, "low": {}, "high": {}, "numberOfAnalysts": {}, "yearAgoRevenue": {}, "growth": {}}, "epsTrend": {"current": {}, "7daysAgo": {}, "30daysAgo": {}, "60daysAgo": {}, "90daysAgo": {}}, "epsRevisions": {"upLast7days": {}, "upLast30days": {}, "downLast30days": {}, "downLast90days": {}}}], "maxAge": 1}, "institutionOwnership": {"maxAge": 1, "ownershipList": []}, "majorHoldersBreakdown": {"maxAge": 1, "insidersPercentHeld": 0.51633, "institutionsPercentHeld": 0.24012, "institutionsFloatPercentHeld": 0.49647, "institutionsCount": 15}, "balanceSheetHistoryQuarterly": {"balanceSheetStatements": [{"maxAge": 1, "endDate": "2020-12-31", "totalStockholderEquity": 23487600000, "netTangibleAssets": 22449800000}, {"maxAge": 1, "endDate": "2020-09-30", "cash": 164200000, "shortTermInvestments": 2553000000, "netReceivables": 7860800000, "inventory": 15514000000, "otherCurrentAssets": 3148600000, "totalCurrentAssets": 29240600000, "longTermInvestments": 6712500000, "propertyPlantEquipment": 20773400000, "goodWill": 862500000, "intangibleAssets": 175300000, "otherAssets": 9257100000, "totalAssets": 67021400000, "accountsPayable": 12909400000, "otherCurrentLiab": 8905300000, "longTermDebt": 17858900000, "otherLiab": 357700000, "minorityInterest": 253000000, "totalCurrentLiabilities": 24889500000, "totalLiab": 43280800000, "commonStock": 471900000, "treasuryStock": 23015700000, "otherStockholderEquity": 23015700000, "totalStockholderEquity": 23487600000, "netTangibleAssets": 22449800000}, {"maxAge": 1, "endDate": "2020-06-30", "totalStockholderEquity": 22710100000, "netTangibleAssets": 21689900000}, {"maxAge": 1, "endDate": "2020-03-31", "cash": 196000000, "netReceivables": 9993800000, "inventory": 15540100000, "otherCurrentAssets": 1834400000, "totalCurrentAssets": 27564300000, "longTermInvestments": 6465700000, "propertyPlantEquipment": 21131900000, "goodWill": 862500000, "intangibleAssets": 157700000, "otherAssets": 9656600000, "deferredLongTermAssetCharges": 900000, "totalAssets": 65838700000, "accountsPayable": 14342900000, "shortLongTermDebt": 1334100000, "otherCurrentLiab": 5517800000, "longTermDebt": 18286400000, "otherLiab": 585800000, "minorityInterest": 248400000, "totalCurrentLiabilities": 23825700000, "totalLiab": 42880200000, "commonStock": 471900000, "retainedEarnings": 16582800000, "treasuryStock": -400000, "capitalSurplus": 5655800000, "otherStockholderEquity": -400000, "totalStockholderEquity": 22710100000, "netTangibleAssets": 21689900000}], "maxAge": 86400}, "earningsHistory": {"history": [{"maxAge": 1, "epsActual": {}, "epsEstimate": {}, "epsDifference": {}, "surprisePercent": {}, "quarter": {}, "period": "-4q"}, {"maxAge": 1, "epsActual": 3.91, "epsEstimate": 3.62, "epsDifference": 0.29, "surprisePercent": 0.08, "quarter": "2017-09-30", "period": "-3q"}, {"maxAge": 1, "epsActual": 4.83, "epsEstimate": 4.57, "epsDifference": 0.26, "surprisePercent": 0.056999996, "quarter": "2017-12-31", "period": "-2q"}, {"maxAge": 1, "epsActual": 4.17, "epsEstimate": 5.97, "epsDifference": -1.8, "surprisePercent": -0.30200002, "quarter": "2018-03-31", "period": "-1q"}], "maxAge": 86400}, "summaryProfile": {"address1": "Jindal Centre", "address2": "12, Bhikaji Cama Place", "city": "New Delhi", "zip": "110066", "country": "India", "phone": "91 11 2618 8345", "fax": "91 11 4165 9169", "website": "http://www.jshlstainless.com", "industry": "Steel", "sector": "Basic Materials", "longBusinessSummary": "Jindal Stainless (Hisar) Limited manufactures and sells stainless steel products in India. The company offers a range of products, including slabs, blooms, hot and cold rolled coils, plates, coin blanks, precision strips, and razor blade steel. It also provides customized stainless steel products; and inventory management, technical value engineering, warehousing, and material testing services. In addition, the company offers stainless steel products for use in modular kitchen, kitchenware, and home and footprint office accessories, as well as cooking utensils under the Arttdinox, Stainless Steel Modular Kitchens, and Krome brands; and operates a network of steel service centers. Its products are used in various applications, such as process and engineering; architecture, building, and construction; automotive, railway, and transport; and consumer durables. The company also exports its products. Jindal Stainless (Hisar) Limited was incorporated in 2013 and is based in New Delhi, India.", "fullTimeEmployees": 2364, "companyOfficers": [], "maxAge": 86400}, "netSharePurchaseActivity": {"maxAge": 1, "period": "6m", "buyInfoCount": 0, "buyInfoShares": 0, "sellInfoCount": 0, "netInfoCount": 0, "netInfoShares": 0, "netPercentInsiderShares": 0.0, "totalInsiderShares": 121866536}, "insiderTransactions": {"transactions": [{"maxAge": 1, "shares": 47748, "filerUrl": "", "transactionText": "", "filerName": "Jindal (Sajjan)", "filerRelation": "Promoter", "moneyText": "", "startDate": "2017-12-02", "ownership": "D"}, {"maxAge": 1, "shares": 47748, "filerUrl": "", "transactionText": "", "filerName": "Jindal (Sangita)", "filerRelation": "Promoter", "moneyText": "", "startDate": "2017-12-02", "ownership": "D"}, {"maxAge": 1, "shares": 50000, "filerUrl": "", "transactionText": "", "filerName": "Gupta (Veera)", "filerRelation": "UNREPORTED", "moneyText": "", "startDate": "2017-09-19", "ownership": "D"}, {"maxAge": 1, "shares": 19000, "filerUrl": "", "transactionText": "", "filerName": "Gupta (Veera)", "filerRelation": "UNREPORTED", "moneyText": "", "startDate": "2017-08-24", "ownership": "D"}, {"maxAge": 1, "shares": 31000, "filerUrl": "", "transactionText": "", "filerName": "Gupta (Veera)", "filerRelation": "UNREPORTED", "moneyText": "", "startDate": "2017-08-22", "ownership": "D"}, {"maxAge": 1, "shares": 32500, "filerUrl": "", "transactionText": "", "filerName": "Gupta (Veera)", "filerRelation": "UNREPORTED", "moneyText": "", "startDate": "2017-06-13", "ownership": "D"}], "maxAge": 1}, "sectorTrend": {"maxAge": 1, "symbol": null, "estimates": []}, "incomeStatementHistoryQuarterly": {"incomeStatementHistory": [{"maxAge": 1, "endDate": "2020-12-31", "totalRevenue": 31466500000, "costOfRevenue": 25155700000, "grossProfit": 6310800000, "researchDevelopment": {}, "sellingGeneralAdministrative": 736300000, "nonRecurring": {}, "otherOperatingExpenses": 1700300000, "totalOperatingExpenses": 28322800000, "operatingIncome": 3143700000, "totalOtherIncomeExpenseNet": 290800000, "ebit": 3143700000, "interestExpense": -648500000, "incomeBeforeTax": 3434500000, "incomeTaxExpense": 732500000, "minorityInterest": {}, "netIncomeFromContinuingOps": 2702000000, "discontinuedOperations": {}, "extraordinaryItems": {}, "effectOfAccountingCharges": {}, "otherItems": {}, "netIncome": 2695400000, "netIncomeApplicableToCommonShares": 2695400000}, {"maxAge": 1, "endDate": "2020-09-30", "totalRevenue": 22984600000, "costOfRevenue": 18062400000, "grossProfit": 4922200000, "researchDevelopment": {}, "sellingGeneralAdministrative": 565300000, "nonRecurring": {}, "otherOperatingExpenses": 1444100000, "totalOperatingExpenses": 20810500000, "operatingIncome": 2174100000, "totalOtherIncomeExpenseNet": -10200000, "ebit": 2174100000, "interestExpense": -687400000, "incomeBeforeTax": 2163900000, "incomeTaxExpense": 477500000, "minorityInterest": 253000000, "netIncomeFromContinuingOps": 1686400000, "discontinuedOperations": {}, "extraordinaryItems": {}, "effectOfAccountingCharges": {}, "otherItems": {}, "netIncome": 1669800000, "netIncomeApplicableToCommonShares": 1669800000}, {"maxAge": 1, "endDate": "2020-06-30", "totalRevenue": 8524100000, "costOfRevenue": 6869200000, "grossProfit": 1654900000, "researchDevelopment": {}, "sellingGeneralAdministrative": 404200000, "nonRecurring": {}, "otherOperatingExpenses": 822800000, "totalOperatingExpenses": 8820800000, "operatingIncome": -296700000, "totalOtherIncomeExpenseNet": -824900000, "ebit": -296700000, "interestExpense": -727600000, "incomeBeforeTax": -1121600000, "incomeTaxExpense": -182700000, "minorityInterest": 253000000, "netIncomeFromContinuingOps": -938900000, "discontinuedOperations": {}, "extraordinaryItems": {}, "effectOfAccountingCharges": {}, "otherItems": {}, "netIncome": -926900000, "netIncomeApplicableToCommonShares": -926900000}, {"maxAge": 1, "endDate": "2020-03-31", "totalRevenue": 22460700000, "costOfRevenue": 5849700000, "grossProfit": 16611000000, "researchDevelopment": {}, "sellingGeneralAdministrative": 753900000, "nonRecurring": {}, "otherOperatingExpenses": 14023400000, "totalOperatingExpenses": 21390200000, "operatingIncome": 1070500000, "totalOtherIncomeExpenseNet": -389800000, "ebit": 1070500000, "interestExpense": -371000000, "incomeBeforeTax": 680700000, "incomeTaxExpense": -402800000, "minorityInterest": 248400000, "netIncomeFromContinuingOps": 1083500000, "discontinuedOperations": {}, "extraordinaryItems": {}, "effectOfAccountingCharges": {}, "otherItems": {}, "netIncome": 1052800000, "netIncomeApplicableToCommonShares": 1052800000}], "maxAge": 86400}, "cashflowStatementHistoryQuarterly": {"cashflowStatements": [{"maxAge": 1, "endDate": "2020-12-31", "netIncome": 2695400000, "changeToLiabilities": 0}, {"maxAge": 1, "endDate": "2020-09-30", "netIncome": 1669800000, "changeToLiabilities": 0}, {"maxAge": 1, "endDate": "2020-06-30", "netIncome": -926900000, "changeToLiabilities": 0}, {"maxAge": 1, "endDate": "2020-03-31", "netIncome": 1052800000, "changeToLiabilities": 0}], "maxAge": 86400}, "earnings": {"maxAge": 86400, "earningsChart": {"quarterly": [{"date": "3Q2017", "actual": 3.91, "estimate": 3.62}, {"date": "4Q2017", "actual": 4.83, "estimate": 4.57}, {"date": "1Q2018", "actual": 4.17, "estimate": 5.97}], "currentQuarterEstimateDate": "2Q", "currentQuarterEstimateYear": 2018, "earningsDate": []}, "financialsChart": {"yearly": [{"date": 2017, "revenue": 77744800000, "earnings": 2866500000}, {"date": 2018, "revenue": 103571400000, "earnings": 5780400000}, {"date": 2019, "revenue": 102888600000, "earnings": 3813500000}, {"date": 2020, "revenue": 93790000000, "earnings": 3928700000}], "quarterly": [{"date": "1Q2020", "revenue": 22460700000, "earnings": 1052800000}, {"date": "2Q2020", "revenue": 8524100000, "earnings": -926900000}, {"date": "3Q2020", "revenue": 22984600000, "earnings": 1669800000}, {"date": "4Q2020", "revenue": 31466500000, "earnings": 2695400000}]}, "financialCurrency": "INR"}, "financialData": {"maxAge": 86400, "currentPrice": 163.25, "targetHighPrice": 411.0, "targetLowPrice": 353.0, "targetMeanPrice": 382.0, "targetMedianPrice": 382.0, "recommendationMean": 1.0, "recommendationKey": "strong_buy", "numberOfAnalystOpinions": 2, "totalCash": 2717199872, "totalCashPerShare": 11.512, "ebitda": 8913874944, "totalDebt": 21074599936, "totalRevenue": 85435899904, "debtToEquity": 88.77, "revenuePerShare": 362.045, "grossProfits": 30524400000, "earningsGrowth": 2.369, "revenueGrowth": 0.267, "grossMargins": 0.34528, "ebitdaMargins": 0.104329996, "operatingMargins": 0.0713, "profitMargins": 0.05257, "financialCurrency": "INR"}}}