{"JSLINDL.BO": {"recommendationTrend": {"trend": [{"period": "0m", "strongBuy": 0, "buy": 0, "hold": 0, "sell": 0, "strongSell": 0}, {"period": "-1m", "strongBuy": 0, "buy": 0, "hold": 0, "sell": 0, "strongSell": 0}, {"period": "-2m", "strongBuy": 0, "buy": 0, "hold": 0, "sell": 0, "strongSell": 0}, {"period": "-3m", "strongBuy": 0, "buy": 0, "hold": 0, "sell": 0, "strongSell": 0}], "maxAge": 86400}, "cashflowStatementHistory": {"cashflowStatements": [{"maxAge": 1, "endDate": "2020-03-31", "netIncome": 3116123, "depreciation": 16147784, "changeToNetincome": -8755417, "changeToAccountReceivables": 2557337, "changeToLiabilities": -2663277, "changeToInventory": 18778972, "changeToOperatingActivities": -51923380, "totalCashFromOperatingActivities": -22741858, "capitalExpenditures": -3500519, "investments": 9012865, "otherCashflowsFromInvestingActivities": 6191870, "totalCashflowsFromInvestingActivities": 12015216, "netBorrowings": 11279716, "otherCashflowsFromFinancingActivities": -1601522, "totalCashFromFinancingActivities": 9678194, "changeInCash": -1048448}, {"maxAge": 1, "endDate": "2019-03-31", "netIncome": 3230171, "depreciation": 16773410, "changeToNetincome": -5311675, "changeToAccountReceivables": 23309744, "changeToLiabilities": -15296212, "changeToInventory": 22788824, "changeToOperatingActivities": 4380456, "totalCashFromOperatingActivities": 49874718, "capitalExpenditures": -7952291, "investments": 4691949, "otherCashflowsFromInvestingActivities": 2527156, "totalCashflowsFromInvestingActivities": -197186, "netBorrowings": -51175260, "otherCashflowsFromFinancingActivities": 2377282, "totalCashFromFinancingActivities": -48797978, "changeInCash": 879554}, {"maxAge": 1, "endDate": "2018-03-31", "netIncome": 2047641, "depreciation": 16152007, "changeToNetincome": 4507674, "changeToAccountReceivables": -16427940, "changeToLiabilities": -5565120, "changeToInventory": -13205977, "changeToOperatingActivities": -4675305, "totalCashFromOperatingActivities": -17167020, "capitalExpenditures": -19691427, "investments": 348020, "otherCashflowsFromInvestingActivities": 2281843, "totalCashflowsFromInvestingActivities": -14818954, "netBorrowings": 13551348, "otherCashflowsFromFinancingActivities": -1639474, "totalCashFromFinancingActivities": 31916864, "changeInCash": -69110, "issuanceOfStock": 575000}, {"maxAge": 1, "endDate": "2017-03-31", "netIncome": 5062627, "depreciation": 16084771, "changeToNetincome": -7059203, "changeToAccountReceivables": -8449018, "changeToLiabilities": 14483030, "changeToInventory": -20925149, "changeToOperatingActivities": 9764464, "totalCashFromOperatingActivities": 8961522, "capitalExpenditures": -19846904, "investments": 348020, "otherCashflowsFromInvestingActivities": 1768649, "totalCashflowsFromInvestingActivities": -11737522, "dividendsPaid": -900000, "netBorrowings": 5648967, "otherCashflowsFromFinancingActivities": -1873430, "totalCashFromFinancingActivities": 2875537, "changeInCash": 99537, "issuanceOfStock": 575000}], "maxAge": 86400}, "institutionOwnership": {"maxAge": 1, "ownershipList": []}, "balanceSheetHistoryQuarterly": {"balanceSheetStatements": [{"maxAge": 1, "endDate": "2020-06-30", "totalStockholderEquity": 248000000, "netTangibleAssets": 248000000}, {"maxAge": 1, "endDate": "2020-03-31", "cash": 80654, "shortTermInvestments": 83706115, "netReceivables": 52283272, "inventory": 68496361, "otherCurrentAssets": 9091032, "totalCurrentAssets": 216041938, "longTermInvestments": 57689078, "propertyPlantEquipment": 154579354, "otherAssets": -1965945, "deferredLongTermAssetCharges": -7189453, "totalAssets": 426344425, "accountsPayable": 81529984, "shortLongTermDebt": 2130596, "otherCurrentLiab": 19252307, "longTermDebt": 20821339, "otherLiab": 25308941, "totalCurrentLiabilities": 131250592, "totalLiab": 178366988, "commonStock": 11738680, "retainedEarnings": 147671270, "treasuryStock": 58410997, "otherStockholderEquity": 58410997, "totalStockholderEquity": 217820947, "netTangibleAssets": 217820947}, {"maxAge": 1, "endDate": "2019-12-31", "totalStockholderEquity": 244800000, "netTangibleAssets": 244800000}, {"maxAge": 1, "endDate": "2019-09-30", "cash": 5700000, "shortTermInvestments": 72800000, "netReceivables": 79200000, "inventory": 57800000, "otherCurrentAssets": 8100000, "totalCurrentAssets": 223600000, "longTermInvestments": 61600000, "propertyPlantEquipment": 160000000, "otherAssets": -700000, "deferredLongTermAssetCharges": -8900000, "totalAssets": 444500000, "accountsPayable": 73200000, "otherCurrentLiab": 50100000, "longTermDebt": 21900000, "otherLiab": 28400000, "totalCurrentLiabilities": 149400000, "totalLiab": 199700000, "commonStock": 11700000, "treasuryStock": 233100000, "otherStockholderEquity": 233100000, "totalStockholderEquity": 244800000, "netTangibleAssets": 244800000}], "maxAge": 86400}, "earningsHistory": {"history": [{"maxAge": 1, "epsActual": {}, "epsEstimate": {}, "epsDifference": {}, "surprisePercent": {}, "quarter": {}, "period": "-4q"}, {"maxAge": 1, "epsActual": {}, "epsEstimate": {}, "epsDifference": {}, "surprisePercent": {}, "quarter": {}, "period": "-3q"}, {"maxAge": 1, "epsActual": {}, "epsEstimate": {}, "epsDifference": {}, "surprisePercent": {}, "quarter": {}, "period": "-2q"}, {"maxAge": 1, "epsActual": {}, "epsEstimate": {}, "epsDifference": {}, "surprisePercent": {}, "quarter": {}, "period": "-1q"}], "maxAge": 86400}, "indexTrend": {"maxAge": 1, "symbol": "SP5", "peRatio": 19.7411, "pegRatio": 1.34172, "estimates": [{"period": "0q", "growth": 0.549}, {"period": "+1q", "growth": 0.431}, {"period": "0y", "growth": 0.305}, {"period": "+1y", "growth": 0.109}, {"period": "+5y", "growth": 0.120859005}, {"period": "-5y"}]}, "industryTrend": {"maxAge": 1, "symbol": null, "estimates": []}, "insiderTransactions": {"transactions": [{"maxAge": 1, "shares": 57500, "filerUrl": "", "transactionText": "", "filerName": "Amin (Subhadra R)", "filerRelation": "Promoter", "moneyText": "", "startDate": "2017-12-15", "ownership": "D"}, {"maxAge": 1, "shares": 256765, "filerUrl": "", "transactionText": "", "filerName": "Jyoti, Ltd.", "filerRelation": "Promoter", "moneyText": "", "startDate": "2014-05-29", "ownership": "D"}, {"maxAge": 1, "shares": 256765, "filerUrl": "", "transactionText": "", "filerName": "Patel (Minaxi Madhuhai)", "filerRelation": "UNREPORTED", "moneyText": "", "startDate": "2014-05-29", "ownership": "D"}, {"maxAge": 1, "shares": 50000, "filerUrl": "", "transactionText": "", "filerName": "Divatia (Shital)", "filerRelation": "Promoter", "moneyText": "", "startDate": "2013-05-06", "ownership": "D"}, {"maxAge": 1, "shares": 50000, "filerUrl": "", "transactionText": "", "filerName": "Divatia (Shital)", "filerRelation": "Promoter", "moneyText": "", "startDate": "2012-12-27", "ownership": "D"}], "maxAge": 1}, "quoteType": {"exchange": "BSE", "quoteType": "EQUITY", "symbol": "JSLINDL.BO", "underlyingSymbol": "JSLINDL.BO", "shortName": "JSL INDUSTRIES LTD.", "longName": "JSL Industries Limited", "firstTradeDateEpochUtc": "2011-01-27 09:15:00", "timeZoneFullName": "Asia/Kolkata", "timeZoneShortName": "IST", "uuid": "1061d051-a1eb-38f8-8bb0-063bbdd65f90", "messageBoardId": null, "gmtOffSetMilliseconds": 19800000, "maxAge": 1}, "incomeStatementHistory": {"incomeStatementHistory": [{"maxAge": 1, "endDate": "2020-03-31", "totalRevenue": 491049400, "costOfRevenue": 308585216, "grossProfit": 182464184, "researchDevelopment": {}, "sellingGeneralAdministrative": 79732157, "nonRecurring": {}, "otherOperatingExpenses": 68199943, "totalOperatingExpenses": 472665100, "operatingIncome": 18384300, "totalOtherIncomeExpenseNet": -10696650, "ebit": 18384300, "interestExpense": -4823333, "incomeBeforeTax": 7687650, "incomeTaxExpense": 4571527, "minorityInterest": {}, "netIncomeFromContinuingOps": 3116123, "discontinuedOperations": {}, "extraordinaryItems": {}, "effectOfAccountingCharges": {}, "otherItems": {}, "netIncome": 3116123, "netIncomeApplicableToCommonShares": 3116123}, {"maxAge": 1, "endDate": "2019-03-31", "totalRevenue": 551914423, "costOfRevenue": 369560049, "grossProfit": 182354374, "researchDevelopment": {}, "sellingGeneralAdministrative": 87446365, "nonRecurring": {}, "otherOperatingExpenses": 59881691, "totalOperatingExpenses": 533661515, "operatingIncome": 18252908, "totalOtherIncomeExpenseNet": -11154727, "ebit": 18252908, "interestExpense": -6635503, "incomeBeforeTax": 7098181, "incomeTaxExpense": 3868010, "minorityInterest": {}, "netIncomeFromContinuingOps": 3230171, "discontinuedOperations": {}, "extraordinaryItems": {}, "effectOfAccountingCharges": {}, "otherItems": {}, "netIncome": 3230171, "netIncomeApplicableToCommonShares": 3230171}, {"maxAge": 1, "endDate": "2018-03-31", "totalRevenue": 476308508, "costOfRevenue": 303066499, "grossProfit": 173242009, "researchDevelopment": {}, "sellingGeneralAdministrative": 90876760, "nonRecurring": {}, "otherOperatingExpenses": 55495286, "totalOperatingExpenses": 465590552, "operatingIncome": 10717956, "totalOtherIncomeExpenseNet": -7213255, "ebit": 10717956, "interestExpense": -5954515, "incomeBeforeTax": 3504701, "incomeTaxExpense": 1457060, "minorityInterest": {}, "netIncomeFromContinuingOps": 2047641, "discontinuedOperations": {}, "extraordinaryItems": {}, "effectOfAccountingCharges": {}, "otherItems": {}, "netIncome": 2047641, "netIncomeApplicableToCommonShares": 2047641}, {"maxAge": 1, "endDate": "2017-03-31", "totalRevenue": 448316163, "costOfRevenue": 274535398, "grossProfit": 173780765, "researchDevelopment": {}, "sellingGeneralAdministrative": 88442618, "nonRecurring": {}, "otherOperatingExpenses": 57450886, "totalOperatingExpenses": 436513673, "operatingIncome": 11802490, "totalOtherIncomeExpenseNet": -4757402, "ebit": 11802490, "interestExpense": -5344942, "incomeBeforeTax": 7045088, "incomeTaxExpense": 1982461, "minorityInterest": {}, "netIncomeFromContinuingOps": 5062627, "discontinuedOperations": {}, "extraordinaryItems": {}, "effectOfAccountingCharges": {}, "otherItems": {}, "netIncome": 5062627, "netIncomeApplicableToCommonShares": 5062627}], "maxAge": 86400}, "fundOwnership": {"maxAge": 1, "ownershipList": []}, "summaryDetail": {"maxAge": 1, "priceHint": 2, "previousClose": 109.0, "open": 109.0, "dayLow": 109.0, "dayHigh": 109.0, "regularMarketPreviousClose": 109.0, "regularMarketOpen": 109.0, "regularMarketDayLow": 109.0, "regularMarketDayHigh": 109.0, "trailingPE": 16.831377, "volume": 7, "regularMarketVolume": 7, "averageVolume": 186, "averageVolume10days": 364, "averageDailyVolume10Day": 364, "bid": 104.0, "ask": 114.0, "marketCap": 127951832, "fiftyTwoWeekLow": 67.0, "fiftyTwoWeekHigh": 109.0, "fiftyDayAverage": 85.26714, "twoHundredDayAverage": 80.97847, "currency": "INR", "fromCurrency": null, "toCurrency": null, "lastMarket": null, "algorithm": null, "tradeable": false}, "sectorTrend": {"maxAge": 1, "symbol": null, "estimates": []}, "incomeStatementHistoryQuarterly": {"incomeStatementHistory": [{"maxAge": 1, "endDate": "2020-06-30", "totalRevenue": 85400000, "costOfRevenue": 47600000, "grossProfit": 37800000, "researchDevelopment": {}, "sellingGeneralAdministrative": 17400000, "nonRecurring": {}, "otherOperatingExpenses": 12900000, "totalOperatingExpenses": 80900000, "operatingIncome": 4500000, "totalOtherIncomeExpenseNet": 600000, "ebit": 4500000, "interestExpense": -700000, "incomeBeforeTax": 5100000, "incomeTaxExpense": 1100000, "minorityInterest": {}, "netIncomeFromContinuingOps": 4000000, "discontinuedOperations": {}, "extraordinaryItems": {}, "effectOfAccountingCharges": {}, "otherItems": {}, "netIncome": 4000000, "netIncomeApplicableToCommonShares": 4000000}, {"maxAge": 1, "endDate": "2020-03-31", "totalRevenue": 92349400, "costOfRevenue": 58885216, "grossProfit": 33464184, "researchDevelopment": {}, "sellingGeneralAdministrative": 20232157, "nonRecurring": {}, "otherOperatingExpenses": 4199943, "totalOperatingExpenses": 87365100, "operatingIncome": 4984300, "totalOtherIncomeExpenseNet": -7596650, "ebit": 4984300, "interestExpense": -700000, "incomeBeforeTax": -2612350, "incomeTaxExpense": 1571527, "minorityInterest": {}, "netIncomeFromContinuingOps": -4183877, "discontinuedOperations": {}, "extraordinaryItems": {}, "effectOfAccountingCharges": {}, "otherItems": {}, "netIncome": -4183877, "netIncomeApplicableToCommonShares": -4183877}, {"maxAge": 1, "endDate": "2019-12-31", "totalRevenue": 120300000, "costOfRevenue": 67800000, "grossProfit": 52500000, "researchDevelopment": {}, "sellingGeneralAdministrative": 19000000, "nonRecurring": {}, "otherOperatingExpenses": 26400000, "totalOperatingExpenses": 117200000, "operatingIncome": 3100000, "totalOtherIncomeExpenseNet": -300000, "ebit": 3100000, "interestExpense": -1400000, "incomeBeforeTax": 2800000, "incomeTaxExpense": -200000, "minorityInterest": {}, "netIncomeFromContinuingOps": 3000000, "discontinuedOperations": {}, "extraordinaryItems": {}, "effectOfAccountingCharges": {}, "otherItems": {}, "netIncome": 3000000, "netIncomeApplicableToCommonShares": 3000000}, {"maxAge": 1, "endDate": "2019-09-30", "totalRevenue": 145300000, "costOfRevenue": 97200000, "grossProfit": 48100000, "researchDevelopment": {}, "sellingGeneralAdministrative": 20600000, "nonRecurring": {}, "otherOperatingExpenses": 19300000, "totalOperatingExpenses": 141100000, "operatingIncome": 4200000, "totalOtherIncomeExpenseNet": -1700000, "ebit": 4200000, "interestExpense": -2100000, "incomeBeforeTax": 2500000, "incomeTaxExpense": 1200000, "minorityInterest": {}, "netIncomeFromContinuingOps": 1300000, "discontinuedOperations": {}, "extraordinaryItems": {}, "effectOfAccountingCharges": {}, "otherItems": {}, "netIncome": 1300000, "netIncomeApplicableToCommonShares": 1300000}], "maxAge": 86400}, "cashflowStatementHistoryQuarterly": {"cashflowStatements": [{"maxAge": 1, "endDate": "2020-06-30", "netIncome": 4000000, "changeToLiabilities": 0}, {"maxAge": 1, "endDate": "2020-03-31", "netIncome": -4183877, "changeToLiabilities": 0}, {"maxAge": 1, "endDate": "2019-12-31", "netIncome": 3000000, "changeToLiabilities": 0}, {"maxAge": 1, "endDate": "2019-09-30", "netIncome": 1300000, "changeToLiabilities": 0}], "maxAge": 86400}, "insiderHolders": {"holders": [{"maxAge": 1, "name": "Amin (Subhadra R)", "relation": "Promoter", "url": "", "transactionDescription": "Other", "latestTransDate": "2017-12-15", "positionDirect": 57500, "positionDirectDate": "2017-12-15"}, {"maxAge": 1, "name": "Divatia (Shital)", "relation": "Promoter", "url": "", "transactionDescription": "Acquisition", "latestTransDate": "2013-05-06", "positionDirect": 100000, "positionDirectDate": "2013-05-06"}, {"maxAge": 1, "name": "Jyoti, Ltd.", "relation": "Promoter", "url": "", "transactionDescription": "Sale", "latestTransDate": "2014-05-29", "positionDirect": 29255, "positionDirectDate": "2014-05-29"}, {"maxAge": 1, "name": "Patel (Minaxi Madhuhai)", "relation": "UNREPORTED", "url": "", "transactionDescription": "Acquisition", "latestTransDate": "2014-05-29", "positionDirect": 256765, "positionDirectDate": "2014-05-29"}], "maxAge": 1}, "earnings": {"maxAge": 86400, "earningsChart": {"quarterly": [], "earningsDate": ["2019-05-28 05:30:S"]}, "financialsChart": {"yearly": [{"date": 2017, "revenue": 448316163, "earnings": 5062627}, {"date": 2018, "revenue": 476308508, "earnings": 2047641}, {"date": 2019, "revenue": 551914423, "earnings": 3230171}, {"date": 2020, "revenue": 491049400, "earnings": 3116123}], "quarterly": [{"date": "3Q2019", "revenue": 145300000, "earnings": 1300000}, {"date": "4Q2019", "revenue": 120300000, "earnings": 3000000}, {"date": "1Q2020", "revenue": 92349400, "earnings": -4183877}, {"date": "2Q2020", "revenue": 85400000, "earnings": 4000000}]}, "financialCurrency": "INR"}, "calendarEvents": {"maxAge": 1, "earnings": {"earningsDate": ["2019-05-28 05:30:S"]}}, "price": {"maxAge": 1, "regularMarketChangePercent": 0.0, "regularMarketChange": 0.0, "regularMarketTime": "2021-04-29 14:28:41", "priceHint": 2, "regularMarketPrice": 109.0, "regularMarketDayHigh": 109.0, "regularMarketDayLow": 109.0, "regularMarketVolume": 7, "averageDailyVolume10Day": 364, "averageDailyVolume3Month": 186, "regularMarketPreviousClose": 109.0, "regularMarketSource": "FREE_REALTIME", "regularMarketOpen": 109.0, "exchange": "BSE", "exchangeName": "BSE", "exchangeDataDelayedBy": 0, "marketState": "CLOSED", "quoteType": "EQUITY", "symbol": "JSLINDL.BO", "underlyingSymbol": null, "shortName": "JSL INDUSTRIES LTD.", "longName": "JSL Industries Limited", "currency": "INR", "quoteSourceName": "Delayed Quote", "currencySymbol": "\u20b9", "fromCurrency": null, "toCurrency": null, "lastMarket": null, "marketCap": 127951832}, "balanceSheetHistory": {"balanceSheetStatements": [{"maxAge": 1, "endDate": "2020-03-31", "cash": 80654, "shortTermInvestments": 83706115, "netReceivables": 52283272, "inventory": 68496361, "otherCurrentAssets": 9091032, "totalCurrentAssets": 216041938, "longTermInvestments": 57689078, "propertyPlantEquipment": 154579354, "otherAssets": -1965945, "deferredLongTermAssetCharges": -7189453, "totalAssets": 426344425, "accountsPayable": 81529984, "shortLongTermDebt": 2130596, "otherCurrentLiab": 19252307, "longTermDebt": 20821339, "otherLiab": 25308941, "totalCurrentLiabilities": 131250592, "totalLiab": 178366988, "commonStock": 11738680, "retainedEarnings": 147671270, "treasuryStock": 58410997, "otherStockholderEquity": 58410997, "totalStockholderEquity": 217820947, "netTangibleAssets": 217820947}, {"maxAge": 1, "endDate": "2019-03-31", "cash": 1129102, "shortTermInvestments": 31678722, "netReceivables": 51962787, "inventory": 87275333, "otherCurrentAssets": 8963540, "totalCurrentAssets": 184255456, "longTermInvestments": 66701943, "propertyPlantEquipment": 166711263, "otherAssets": 694557, "deferredLongTermAssetCharges": -8326664, "totalAssets": 418363219, "accountsPayable": 84193261, "shortLongTermDebt": 4638960, "otherCurrentLiab": 17065879, "longTermDebt": 23418294, "otherLiab": 28613417, "totalCurrentLiabilities": 120538120, "totalLiab": 172569831, "commonStock": 11738680, "retainedEarnings": 144555147, "treasuryStock": 59343071, "otherStockholderEquity": 59343071, "totalStockholderEquity": 215636898, "netTangibleAssets": 215636898}, {"maxAge": 1, "endDate": "2018-03-31", "cash": 249548, "shortTermInvestments": 22812547, "netReceivables": 74934888, "inventory": 110064157, "otherCurrentAssets": 31351931, "totalCurrentAssets": 243867918, "longTermInvestments": 71393892, "propertyPlantEquipment": 176051014, "otherAssets": 22473736, "deferredLongTermAssetCharges": 13452515, "totalAssets": 513786560, "accountsPayable": 99489472, "shortLongTermDebt": 4495004, "otherCurrentLiab": 27192537, "longTermDebt": 47562760, "otherLiab": 7027638, "totalCurrentLiabilities": 173912854, "totalLiab": 230371513, "commonStock": 11738680, "retainedEarnings": 181048061, "treasuryStock": 60471816, "otherStockholderEquity": 60471816, "totalStockholderEquity": 253258557, "netTangibleAssets": 253258557}, {"maxAge": 1, "endDate": "2017-03-31", "cash": 318658, "shortTermInvestments": 27000000, "netReceivables": 58275606, "inventory": 96858180, "otherCurrentAssets": 32682096, "totalCurrentAssets": 218878013, "longTermInvestments": 71741912, "propertyPlantEquipment": 174799872, "otherAssets": 21896585, "deferredLongTermAssetCharges": 12759575, "totalAssets": 487316382, "accountsPayable": 105054592, "shortLongTermDebt": 8326040, "otherCurrentLiab": 29250307, "longTermDebt": 17037009, "otherLiab": 3914768, "totalCurrentLiabilities": 198645809, "totalLiab": 222807604, "commonStock": 11163680, "retainedEarnings": 177767931, "treasuryStock": 60577167, "otherStockholderEquity": 60577167, "totalStockholderEquity": 249508778, "netTangibleAssets": 249508778}], "maxAge": 86400}, "earningsTrend": {"trend": [{"maxAge": 1, "period": "0q", "endDate": null, "growth": {}, "earningsEstimate": {"avg": 0.0, "low": 0.0, "high": 0.0, "yearAgoEps": {}, "numberOfAnalysts": 0, "growth": {}}, "revenueEstimate": {"avg": 0, "low": 0, "high": 0, "numberOfAnalysts": 0, "yearAgoRevenue": {}, "growth": {}}, "epsTrend": {"current": 0.0, "7daysAgo": 0.0, "30daysAgo": 0.0, "60daysAgo": 0.0, "90daysAgo": 0.0}, "epsRevisions": {"upLast7days": 0, "upLast30days": 0, "downLast30days": 0, "downLast90days": {}}}, {"maxAge": 1, "period": "+1q", "endDate": null, "growth": {}, "earningsEstimate": {"avg": 0.0, "low": 0.0, "high": 0.0, "yearAgoEps": {}, "numberOfAnalysts": 0, "growth": {}}, "revenueEstimate": {"avg": 0, "low": 0, "high": 0, "numberOfAnalysts": 0, "yearAgoRevenue": {}, "growth": {}}, "epsTrend": {"current": 0.0, "7daysAgo": 0.0, "30daysAgo": 0.0, "60daysAgo": 0.0, "90daysAgo": 0.0}, "epsRevisions": {"upLast7days": 0, "upLast30days": 0, "downLast30days": 0, "downLast90days": {}}}, {"maxAge": 1, "period": "0y", "endDate": null, "growth": {}, "earningsEstimate": {"avg": 0.0, "low": 0.0, "high": 0.0, "yearAgoEps": {}, "numberOfAnalysts": 0, "growth": {}}, "revenueEstimate": {"avg": 0, "low": 0, "high": 0, "numberOfAnalysts": 0, "yearAgoRevenue": {}, "growth": {}}, "epsTrend": {"current": 0.0, "7daysAgo": 0.0, "30daysAgo": 0.0, "60daysAgo": 0.0, "90daysAgo": 0.0}, "epsRevisions": {"upLast7days": 0, "upLast30days": 0, "downLast30days": 0, "downLast90days": {}}}, {"maxAge": 1, "period": "+1y", "endDate": null, "growth": {}, "earningsEstimate": {"avg": 0.0, "low": 0.0, "high": 0.0, "yearAgoEps": {}, "numberOfAnalysts": 0, "growth": {}}, "revenueEstimate": {"avg": 0, "low": 0, "high": 0, "numberOfAnalysts": 0, "yearAgoRevenue": {}, "growth": {}}, "epsTrend": {"current": 0.0, "7daysAgo": 0.0, "30daysAgo": 0.0, "60daysAgo": 0.0, "90daysAgo": 0.0}, "epsRevisions": {"upLast7days": 0, "upLast30days": 0, "downLast30days": 0, "downLast90days": {}}}, {"maxAge": 1, "period": "+5y", "endDate": null, "growth": {}, "earningsEstimate": {"avg": {}, "low": {}, "high": {}, "yearAgoEps": {}, "numberOfAnalysts": {}, "growth": {}}, "revenueEstimate": {"avg": {}, "low": {}, "high": {}, "numberOfAnalysts": {}, "yearAgoRevenue": {}, "growth": {}}, "epsTrend": {"current": {}, "7daysAgo": {}, "30daysAgo": {}, "60daysAgo": {}, "90daysAgo": {}}, "epsRevisions": {"upLast7days": {}, "upLast30days": {}, "downLast30days": {}, "downLast90days": {}}}, {"maxAge": 1, "period": "-5y", "endDate": null, "growth": {}, "earningsEstimate": {"avg": {}, "low": {}, "high": {}, "yearAgoEps": {}, "numberOfAnalysts": {}, "growth": {}}, "revenueEstimate": {"avg": {}, "low": {}, "high": {}, "numberOfAnalysts": {}, "yearAgoRevenue": {}, "growth": {}}, "epsTrend": {"current": {}, "7daysAgo": {}, "30daysAgo": {}, "60daysAgo": {}, "90daysAgo": {}}, "epsRevisions": {"upLast7days": {}, "upLast30days": {}, "downLast30days": {}, "downLast90days": {}}}], "maxAge": 1}, "financialData": {"maxAge": 86400, "currentPrice": 109.0, "targetHighPrice": 138.0, "targetLowPrice": 138.0, "targetMeanPrice": 138.0, "targetMedianPrice": 138.0, "recommendationKey": "none", "numberOfAnalystOpinions": 1, "grossProfits": 182464184, "financialCurrency": "INR"}}}