{"JSTL.BO": {"cashflowStatementHistory": {"cashflowStatements": [{"maxAge": 1, "endDate": "2020-03-31", "netIncome": -85860099, "depreciation": 36544752, "changeToNetincome": 63895, "changeToAccountReceivables": 61790468, "changeToLiabilities": -8129975, "changeToInventory": -7163379, "totalCashFromOperatingActivities": -93964, "capitalExpenditures": -19867888, "totalCashflowsFromInvestingActivities": -19017215, "netBorrowings": 4372256, "totalCashFromFinancingActivities": 4372256, "changeInCash": -14738923}, {"maxAge": 1, "endDate": "2019-03-31", "netIncome": 11139951, "depreciation": 34466076, "changeToNetincome": 2514603, "changeToAccountReceivables": -51208101, "changeToLiabilities": 44768733, "changeToInventory": -1314452, "totalCashFromOperatingActivities": 40366810, "capitalExpenditures": -78709699, "totalCashflowsFromInvestingActivities": -78709699, "netBorrowings": -23717845, "totalCashFromFinancingActivities": 60818890, "changeInCash": 22476001, "issuanceOfStock": 84536735}, {"maxAge": 1, "endDate": "2018-03-31", "netIncome": 1117765, "depreciation": 23478446, "changeToNetincome": 2506404, "changeToAccountReceivables": -59921024, "changeToLiabilities": 83746288, "changeToInventory": 3752090, "totalCashFromOperatingActivities": 56480136, "capitalExpenditures": -143484004, "totalCashflowsFromInvestingActivities": -143475004, "netBorrowings": 50897670, "totalCashFromFinancingActivities": 98646102, "changeInCash": 11651234, "issuanceOfStock": 47748432}, {"maxAge": 1, "endDate": "2017-03-31", "netIncome": 9032855, "depreciation": 11535669, "changeToNetincome": 867375, "changeToAccountReceivables": -48022026, "changeToLiabilities": -26323085, "changeToInventory": -3999105, "totalCashFromOperatingActivities": -56192707, "capitalExpenditures": -89013841, "totalCashflowsFromInvestingActivities": -89013841, "netBorrowings": 142559, "otherCashflowsFromFinancingActivities": 47604502, "totalCashFromFinancingActivities": 145692477, "changeInCash": 485929, "issuanceOfStock": 97945416}], "maxAge": 86400}, "institutionOwnership": {"ownershipList": [], "maxAge": 1}, "balanceSheetHistoryQuarterly": {"balanceSheetStatements": [{"maxAge": 1, "endDate": "2020-06-30", "totalStockholderEquity": 232229148, "netTangibleAssets": 104223661}, {"maxAge": 1, "endDate": "2020-03-31", "cash": 21398972, "shortTermInvestments": 563173, "netReceivables": 103426188, "inventory": 9467418, "otherCurrentAssets": 44611123, "totalCurrentAssets": 180798107, "propertyPlantEquipment": 177437573, "intangibleAssets": 128005487, "otherAssets": 52518702, "deferredLongTermAssetCharges": 15608907, "totalAssets": 538759869, "accountsPayable": 24573412, "shortLongTermDebt": 26818929, "otherCurrentLiab": 48993232, "longTermDebt": 79027246, "otherLiab": 2558949, "totalCurrentLiabilities": 224944526, "totalLiab": 306530721, "commonStock": 153014650, "retainedEarnings": -110315559, "treasuryStock": 2017791, "capitalSurplus": 187512266, "otherStockholderEquity": 2017791, "totalStockholderEquity": 232229148, "netTangibleAssets": 104223661}, {"maxAge": 1, "endDate": "2019-12-31", "totalStockholderEquity": 282818000, "netTangibleAssets": 149242000}, {"maxAge": 1, "endDate": "2019-09-30", "cash": 41970000, "netReceivables": 150676000, "inventory": 2213000, "otherCurrentAssets": 48937000, "totalCurrentAssets": 243796000, "propertyPlantEquipment": 184138000, "intangibleAssets": 133576000, "otherAssets": 42197000, "deferredLongTermAssetCharges": 5242000, "totalAssets": 603707000, "accountsPayable": 31221000, "otherCurrentLiab": 108742000, "longTermDebt": 103193000, "otherLiab": 2343000, "totalCurrentLiabilities": 215353000, "totalLiab": 320889000, "commonStock": 153015000, "treasuryStock": 129803000, "otherStockholderEquity": 129803000, "totalStockholderEquity": 282818000, "netTangibleAssets": 149242000}], "maxAge": 86400}, "indexTrend": {"maxAge": 1, "symbol": "SP5", "peRatio": 19.7411, "pegRatio": 1.34172, "estimates": [{"period": "0q", "growth": 0.549}, {"period": "+1q", "growth": 0.431}, {"period": "0y", "growth": 0.305}, {"period": "+1y", "growth": 0.109}, {"period": "+5y", "growth": 0.120859005}, {"period": "-5y"}]}, "insiderTransactions": {"transactions": [{"maxAge": 1, "shares": 450000, "filerUrl": "", "transactionText": "", "filerName": "Kilaru (Gopi Krishna)", "filerRelation": "Promoter", "moneyText": "", "startDate": "2018-06-12", "ownership": "D"}, {"maxAge": 1, "shares": 869000, "filerUrl": "", "transactionText": "", "filerName": "Kishore (Krishna K)", "filerRelation": "Executive Vice Chairman", "moneyText": "", "startDate": "2018-06-12", "ownership": "D"}, {"maxAge": 1, "shares": 300000, "filerUrl": "", "transactionText": "", "filerName": "Kuchipudi (Jeevan Krishna)", "filerRelation": "Promoter", "moneyText": "", "startDate": "2018-06-12", "ownership": "D"}, {"maxAge": 1, "shares": 716000, "filerUrl": "", "transactionText": "", "filerName": "Vanaja (K)", "filerRelation": "Director (Non-Executive)", "moneyText": "", "startDate": "2018-06-12", "ownership": "D"}, {"maxAge": 1, "shares": 331000, "filerUrl": "", "transactionText": "", "filerName": "Kishore (Krishna K)", "filerRelation": "Executive Vice Chairman", "moneyText": "", "startDate": "2017-03-30", "ownership": "D"}, {"maxAge": 1, "shares": 484000, "filerUrl": "", "transactionText": "", "filerName": "Vanaja (K)", "filerRelation": "Director (Non-Executive)", "moneyText": "", "startDate": "2017-03-30", "ownership": "D"}], "maxAge": 1}, "quoteType": {"exchange": "BSE", "quoteType": "EQUITY", "symbol": "JSTL.BO", "underlyingSymbol": "JSTL.BO", "shortName": "Jeevan Scientific Technology L", "longName": "Jeevan Scientific Technology Limited", "firstTradeDateEpochUtc": "2014-12-19 09:15:00", "timeZoneFullName": "Asia/Kolkata", "timeZoneShortName": "IST", "uuid": "e6ff2b1e-459e-32d7-a715-c5829af39717", "gmtOffSetMilliseconds": 19800000, "maxAge": 1}, "incomeStatementHistory": {"incomeStatementHistory": [{"maxAge": 1, "endDate": "2020-03-31", "totalRevenue": 248989551, "costOfRevenue": 13794054, "grossProfit": 235195497, "researchDevelopment": {}, "sellingGeneralAdministrative": 118002532, "nonRecurring": {}, "otherOperatingExpenses": 91511985, "totalOperatingExpenses": 336437211, "operatingIncome": -87447660, "totalOtherIncomeExpenseNet": -17982872, "ebit": -87447660, "interestExpense": -32749968, "incomeBeforeTax": -105430532, "incomeTaxExpense": -19570433, "minorityInterest": {}, "netIncomeFromContinuingOps": -85860099, "discontinuedOperations": {}, "extraordinaryItems": {}, "effectOfAccountingCharges": {}, "otherItems": {}, "netIncome": -85860099, "netIncomeApplicableToCommonShares": -85860099}, {"maxAge": 1, "endDate": "2019-03-31", "totalRevenue": 261276972, "costOfRevenue": 19329468, "grossProfit": 241947504, "researchDevelopment": {}, "sellingGeneralAdministrative": 95838939, "nonRecurring": {}, "otherOperatingExpenses": 86101233, "totalOperatingExpenses": 233475828, "operatingIncome": 27801144, "totalOtherIncomeExpenseNet": -14146591, "ebit": 27801144, "interestExpense": -22899737, "incomeBeforeTax": 13654553, "incomeTaxExpense": 2514602, "minorityInterest": {}, "netIncomeFromContinuingOps": 11139951, "discontinuedOperations": {}, "extraordinaryItems": {}, "effectOfAccountingCharges": {}, "otherItems": {}, "netIncome": 11139951, "netIncomeApplicableToCommonShares": 11139951}, {"maxAge": 1, "endDate": "2018-03-31", "totalRevenue": 203984736, "costOfRevenue": 15025520, "grossProfit": 188959216, "researchDevelopment": {}, "sellingGeneralAdministrative": 67558238, "nonRecurring": {}, "otherOperatingExpenses": 85446708, "totalOperatingExpenses": 190409625, "operatingIncome": 13575111, "totalOtherIncomeExpenseNet": -9954937, "ebit": 13575111, "interestExpense": -17464115, "incomeBeforeTax": 3620174, "incomeTaxExpense": 2502409, "minorityInterest": {}, "netIncomeFromContinuingOps": 1117765, "discontinuedOperations": {}, "extraordinaryItems": {}, "effectOfAccountingCharges": {}, "otherItems": {}, "netIncome": 1117765, "netIncomeApplicableToCommonShares": 1117765}, {"maxAge": 1, "endDate": "2017-03-31", "totalRevenue": 182128906, "costOfRevenue": 2509308, "grossProfit": 179619598, "researchDevelopment": {}, "sellingGeneralAdministrative": 31301945, "nonRecurring": {}, "otherOperatingExpenses": 116018664, "totalOperatingExpenses": 162081196, "operatingIncome": 20047710, "totalOtherIncomeExpenseNet": -9941219, "ebit": 20047710, "interestExpense": -14600155, "incomeBeforeTax": 10106491, "incomeTaxExpense": 1073636, "minorityInterest": {}, "netIncomeFromContinuingOps": 9032855, "discontinuedOperations": {}, "extraordinaryItems": {}, "effectOfAccountingCharges": {}, "otherItems": {}, "netIncome": 9032855, "netIncomeApplicableToCommonShares": 9032855}], "maxAge": 86400}, "fundOwnership": {"ownershipList": [], "maxAge": 1}, "summaryDetail": {"maxAge": 1, "priceHint": 2, "previousClose": 87.15, "open": 88.85, "dayLow": 88.85, "dayHigh": 88.85, "regularMarketPreviousClose": 87.15, "regularMarketOpen": 88.85, "regularMarketDayLow": 88.85, "regularMarketDayHigh": 88.85, "volume": 2733, "regularMarketVolume": 2733, "averageVolume": 11215, "averageVolume10days": 18981, "averageDailyVolume10Day": 18981, "bid": 82.2, "ask": 0.0, "bidSize": 0, "askSize": 0, "marketCap": 1359538304, "fiftyTwoWeekLow": 14.1, "fiftyTwoWeekHigh": 88.85, "fiftyDayAverage": 37.64697, "twoHundredDayAverage": 27.51875, "currency": "INR", "fromCurrency": null, "lastMarket": null, "algorithm": null, "tradeable": false}, "incomeStatementHistoryQuarterly": {"incomeStatementHistory": [{"maxAge": 1, "endDate": "2020-06-30", "totalRevenue": 49960000, "costOfRevenue": 1318000, "grossProfit": 48642000, "researchDevelopment": {}, "sellingGeneralAdministrative": 25263000, "nonRecurring": {}, "otherOperatingExpenses": 18886000, "totalOperatingExpenses": 55351000, "operatingIncome": -5391000, "totalOtherIncomeExpenseNet": -3221000, "ebit": -5391000, "interestExpense": -6378000, "incomeBeforeTax": -8612000, "incomeTaxExpense": -2831000, "minorityInterest": {}, "netIncomeFromContinuingOps": -5781000, "discontinuedOperations": {}, "extraordinaryItems": {}, "effectOfAccountingCharges": {}, "otherItems": {}, "netIncome": -5781000, "netIncomeApplicableToCommonShares": -5781000}, {"maxAge": 1, "endDate": "2020-03-31", "totalRevenue": 80349551, "costOfRevenue": 2021054, "grossProfit": 78328497, "researchDevelopment": {}, "sellingGeneralAdministrative": 42924532, "nonRecurring": {}, "otherOperatingExpenses": 12983985, "totalOperatingExpenses": 141189211, "operatingIncome": -60839660, "totalOtherIncomeExpenseNet": -6809872, "ebit": -60839660, "interestExpense": -12367968, "incomeBeforeTax": -67649532, "incomeTaxExpense": -12671433, "minorityInterest": {}, "netIncomeFromContinuingOps": -54978099, "discontinuedOperations": {}, "extraordinaryItems": {}, "effectOfAccountingCharges": {}, "otherItems": {}, "netIncome": -54978099, "netIncomeApplicableToCommonShares": -54978099}, {"maxAge": 1, "endDate": "2019-12-31", "totalRevenue": 84269000, "costOfRevenue": 4097000, "grossProfit": 80172000, "researchDevelopment": {}, "sellingGeneralAdministrative": 29317000, "nonRecurring": {}, "otherOperatingExpenses": 31069000, "totalOperatingExpenses": 74493000, "operatingIncome": 9776000, "totalOtherIncomeExpenseNet": -3615000, "ebit": 9776000, "interestExpense": -7385000, "incomeBeforeTax": 6161000, "incomeTaxExpense": 2305000, "minorityInterest": {}, "netIncomeFromContinuingOps": 3856000, "discontinuedOperations": {}, "extraordinaryItems": {}, "effectOfAccountingCharges": {}, "otherItems": {}, "netIncome": 3856000, "netIncomeApplicableToCommonShares": 3856000}, {"maxAge": 1, "endDate": "2019-09-30", "totalRevenue": 52640000, "costOfRevenue": 3898000, "grossProfit": 48742000, "researchDevelopment": {}, "sellingGeneralAdministrative": 24055000, "nonRecurring": {}, "otherOperatingExpenses": 27857000, "totalOperatingExpenses": 65809000, "operatingIncome": -13169000, "totalOtherIncomeExpenseNet": -4014000, "ebit": -13169000, "interestExpense": -6895000, "incomeBeforeTax": -17183000, "incomeTaxExpense": -3453000, "minorityInterest": {}, "netIncomeFromContinuingOps": -13730000, "discontinuedOperations": {}, "extraordinaryItems": {}, "effectOfAccountingCharges": {}, "otherItems": {}, "netIncome": -13730000, "netIncomeApplicableToCommonShares": -13730000}], "maxAge": 86400}, "cashflowStatementHistoryQuarterly": {"cashflowStatements": [{"maxAge": 1, "endDate": "2020-06-30", "netIncome": -5781000, "changeToLiabilities": 0}, {"maxAge": 1, "endDate": "2020-03-31", "netIncome": -54978099, "changeToLiabilities": 0}, {"maxAge": 1, "endDate": "2019-12-31", "netIncome": 3856000, "changeToLiabilities": 0}, {"maxAge": 1, "endDate": "2019-09-30", "netIncome": -13730000, "changeToLiabilities": 0}], "maxAge": 86400}, "insiderHolders": {"holders": [{"maxAge": 1, "name": "Kilaru (Gopi Krishna)", "relation": "Promoter", "url": "", "transactionDescription": "Other", "latestTransDate": "2018-06-12", "positionDirect": 720000, "positionDirectDate": "2018-06-12"}, {"maxAge": 1, "name": "Kishore (Krishna K)", "relation": "Executive Vice Chairman", "url": "", "transactionDescription": "Other", "latestTransDate": "2018-06-12", "positionDirect": 1993391, "positionDirectDate": "2018-06-12"}, {"maxAge": 1, "name": "Kuchipudi (Jeevan Krishna)", "relation": "Promoter", "url": "", "transactionDescription": "Other", "latestTransDate": "2018-06-12", "positionDirect": 724300, "positionDirectDate": "2018-06-12"}, {"maxAge": 1, "name": "Vanaja (K)", "relation": "Director (Non-Executive)", "url": "", "transactionDescription": "Other", "latestTransDate": "2018-06-12", "positionDirect": 1573800, "positionDirectDate": "2018-06-12"}], "maxAge": 1}, "calendarEvents": {"maxAge": 1, "earnings": {"earningsDate": ["2020-02-14 05:30:S"]}}, "upgradeDowngradeHistory": {"history": [], "maxAge": 86400}, "price": {"maxAge": 1, "regularMarketChangePercent": 0.019506563, "regularMarketChange": 1.699997, "regularMarketTime": "2021-04-30 14:41:06", "priceHint": 2, "regularMarketPrice": 88.85, "regularMarketDayHigh": 88.85, "regularMarketDayLow": 88.85, "regularMarketVolume": 2733, "averageDailyVolume10Day": 18981, "averageDailyVolume3Month": 11215, "regularMarketPreviousClose": 87.15, "regularMarketSource": "FREE_REALTIME", "regularMarketOpen": 88.85, "exchange": "BSE", "exchangeName": "BSE", "exchangeDataDelayedBy": 0, "marketState": "CLOSED", "quoteType": "EQUITY", "symbol": "JSTL.BO", "underlyingSymbol": null, "shortName": "Jeevan Scientific Technology L", "longName": "Jeevan Scientific Technology Limited", "currency": "INR", "quoteSourceName": "Delayed Quote", "currencySymbol": "\u20b9", "fromCurrency": null, "lastMarket": null, "marketCap": 1359538304}, "balanceSheetHistory": {"balanceSheetStatements": [{"maxAge": 1, "endDate": "2020-03-31", "cash": 21398972, "shortTermInvestments": 563173, "netReceivables": 103426188, "inventory": 9467418, "otherCurrentAssets": 44611123, "totalCurrentAssets": 180798107, "propertyPlantEquipment": 177437573, "intangibleAssets": 128005487, "otherAssets": 52518702, "deferredLongTermAssetCharges": 15608907, "totalAssets": 538759869, "accountsPayable": 24573412, "shortLongTermDebt": 26818929, "otherCurrentLiab": 48993232, "longTermDebt": 79027246, "otherLiab": 2558949, "totalCurrentLiabilities": 224944526, "totalLiab": 306530721, "commonStock": 153014650, "retainedEarnings": -110315559, "treasuryStock": 2017791, "capitalSurplus": 187512266, "otherStockholderEquity": 2017791, "totalStockholderEquity": 232229148, "netTangibleAssets": 104223661}, {"maxAge": 1, "endDate": "2019-03-31", "cash": 36137895, "shortTermInvestments": 563173, "netReceivables": 162353207, "inventory": 2304039, "otherCurrentAssets": 44835118, "totalCurrentAssets": 248799447, "propertyPlantEquipment": 195758103, "intangibleAssets": 130179278, "otherAssets": 38274468, "totalAssets": 613011296, "accountsPayable": 24366173, "shortLongTermDebt": 34254570, "otherCurrentLiab": 31321120, "longTermDebt": 74654990, "otherLiab": 5771231, "totalCurrentLiabilities": 214253315, "totalLiab": 294679536, "commonStock": 153014650, "retainedEarnings": -24212947, "treasuryStock": 2017791, "capitalSurplus": 187512266, "otherStockholderEquity": 2017791, "totalStockholderEquity": 318331760, "netTangibleAssets": 188152482}, {"maxAge": 1, "endDate": "2018-03-31", "cash": 7208246, "shortTermInvestments": 7016821, "netReceivables": 169962625, "inventory": 989587, "otherCurrentAssets": 20387159, "totalCurrentAssets": 206937452, "propertyPlantEquipment": 180522171, "intangibleAssets": 101171587, "otherAssets": 5137909, "totalAssets": 493769119, "accountsPayable": 20562838, "shortLongTermDebt": 19066007, "otherCurrentLiab": 35864020, "longTermDebt": 98372835, "otherLiab": 2361647, "totalCurrentLiabilities": 172894165, "totalLiab": 273628647, "commonStock": 114594650, "retainedEarnings": -35492650, "treasuryStock": 31326706, "capitalSurplus": 109711766, "otherStockholderEquity": 31326706, "totalStockholderEquity": 220140472, "netTangibleAssets": 118968885}, {"maxAge": 1, "endDate": "2017-03-31", "cash": 1294191, "shortTermInvestments": 1279642, "netReceivables": 119777941, "inventory": 4741677, "otherCurrentAssets": 11779571, "totalCurrentAssets": 139695408, "propertyPlantEquipment": 106232671, "intangibleAssets": 57268692, "otherAssets": 5730657, "deferredLongTermAssetCharges": 1170872, "totalAssets": 308927428, "accountsPayable": 22436046, "shortLongTermDebt": 12428816, "otherCurrentLiab": 16629471, "longTermDebt": 47475165, "otherLiab": 746915, "totalCurrentLiabilities": 91933482, "totalLiab": 140155562, "commonStock": 92794650, "retainedEarnings": -37194052, "treasuryStock": 47604502, "capitalSurplus": 65566766, "otherStockholderEquity": 47604502, "totalStockholderEquity": 168771866, "netTangibleAssets": 111503174}], "maxAge": 86400}, "financialData": {"maxAge": 86400, "currentPrice": 88.85, "recommendationKey": "none", "grossProfits": 235195497, "financialCurrency": "INR"}}}