{"JSWENERGY.NS": {"assetProfile": {"address1": "JSW Centre", "address2": "Bandra Kurla Complex Bandra (East)", "city": "Mumbai", "zip": "400051", "country": "India", "phone": "91 22 4286 1000", "fax": "91 22 4286 3000", "website": "http://www.jsw.in/energy", "industry": "Utilities\u2014Independent Power Producers", "sector": "Utilities", "longBusinessSummary": "JSW Energy Limited, an integrated power company, generates and sells power in India. The company has a power generation capacity of 4,559 MW, which includes 3,158 MW of thermal, 1,391 MW of hydel, and 10 MW of solar. It has operations in the States of Karnataka, Maharashtra, Rajasthan, and Himachal Pradesh. The company also engages in power transmission and trading activities; and coal mining in South Africa. JSW Energy Limited was founded in 1994 and is based in Mumbai, India.", "fullTimeEmployees": 1677, "companyOfficers": [{"maxAge": 1, "name": "Mr. Sajjan Kumar Jindal B.E.", "age": 61, "title": "Chairman & MD", "yearBorn": 1959, "fiscalYear": 2020, "totalPay": 120100000, "exercisedValue": 0, "unexercisedValue": 0}, {"maxAge": 1, "name": "Mr. Prashant  Jain", "age": 49, "title": "CEO, Joint MD & Exec. Director", "yearBorn": 1971, "fiscalYear": 2020, "totalPay": 28300000, "exercisedValue": 0, "unexercisedValue": 0}, {"maxAge": 1, "name": "Mr. Sharad  Mahendra BE (Mech.)", "age": 54, "title": "Exec. VP & COO", "yearBorn": 1966, "fiscalYear": 2020, "totalPay": 23000000, "exercisedValue": 0, "unexercisedValue": 0}, {"maxAge": 1, "name": "Ms. Monica  Chopra", "age": 55, "title": "Associate VP, Compliance Officer & Company Sec.", "yearBorn": 1965, "fiscalYear": 2020, "totalPay": 9122432, "exercisedValue": 0, "unexercisedValue": 0}, {"maxAge": 1, "name": "Mr. Rakesh  Mehta", "age": 51, "title": "Sr. VP & Head of HR", "yearBorn": 1969, "exercisedValue": 0, "unexercisedValue": 0}, {"maxAge": 1, "name": "Mr. Yatish Kumar Chhabra", "age": 59, "title": "VP & Head of Plant \u00c2\u0096 Ratnagiri", "yearBorn": 1961, "exercisedValue": 0, "unexercisedValue": 0}, {"maxAge": 1, "name": "Mr. K. Surya Prakash", "age": 57, "title": "VP & Head of Plant \u00c2\u0096 Vijayanagar", "yearBorn": 1963, "exercisedValue": 0, "unexercisedValue": 0}, {"maxAge": 1, "name": "Ravindra  B.", "age": 54, "title": "Deputy Gen. Mang.", "yearBorn": 1966, "exercisedValue": 0, "unexercisedValue": 0}, {"maxAge": 1, "name": "Mr. Pritesh  Vinay", "age": 44, "title": "Chief Financial Officer", "yearBorn": 1976, "exercisedValue": 0, "unexercisedValue": 0}, {"maxAge": 1, "name": "Mr. Pawan  Parakh", "title": "Gen. Mang. of Fin. & Accounts", "exercisedValue": 0, "unexercisedValue": 0}], "compensationAsOfEpochDate": "2020-12-31 05:30:00", "maxAge": 86400}, "recommendationTrend": {"trend": [{"period": "0m", "strongBuy": 0, "buy": 0, "hold": 0, "sell": 0, "strongSell": 0}, {"period": "-1m", "strongBuy": 0, "buy": 0, "hold": 0, "sell": 0, "strongSell": 0}, {"period": "-2m", "strongBuy": 0, "buy": 0, "hold": 0, "sell": 0, "strongSell": 0}, {"period": "-3m", "strongBuy": 0, "buy": 0, "hold": 0, "sell": 0, "strongSell": 0}], "maxAge": 86400}, "cashflowStatementHistory": {"cashflowStatements": [{"maxAge": 1, "endDate": "2020-03-31", "netIncome": 10999200000, "depreciation": 11674900000, "changeToNetincome": 5883400000, "changeToAccountReceivables": -6769200000, "changeToLiabilities": 1605600000, "changeToInventory": -1851400000, "changeToOperatingActivities": -727700000, "totalCashFromOperatingActivities": 20820400000, "capitalExpenditures": -1209700000, "investments": 190400000, "otherCashflowsFromInvestingActivities": 2388700000, "totalCashflowsFromInvestingActivities": 3012900000, "dividendsPaid": -1641200000, "netBorrowings": -7070100000, "otherCashflowsFromFinancingActivities": -10974500000, "totalCashFromFinancingActivities": -19616200000, "effectOfExchangeRate": -8600000, "changeInCash": 4213300000, "issuanceOfStock": 69600000}, {"maxAge": 1, "endDate": "2019-03-31", "netIncome": 6951300000, "depreciation": 11626200000, "changeToNetincome": 9306900000, "changeToAccountReceivables": -2788200000, "changeToLiabilities": -1866400000, "changeToInventory": 808100000, "changeToOperatingActivities": 864800000, "totalCashFromOperatingActivities": 24913400000, "capitalExpenditures": -2334700000, "investments": 72200000, "otherCashflowsFromInvestingActivities": 3055400000, "totalCashflowsFromInvestingActivities": -545000000, "dividendsPaid": -1641200000, "netBorrowings": -13502700000, "otherCashflowsFromFinancingActivities": -11780600000, "totalCashFromFinancingActivities": -25231800000, "effectOfExchangeRate": -18400000, "changeInCash": -866700000, "issuanceOfStock": 51500000}, {"maxAge": 1, "endDate": "2018-03-31", "netIncome": 779700000, "depreciation": 9628400000, "changeToNetincome": 17042300000, "changeToAccountReceivables": 10311100000, "changeToLiabilities": 513600000, "changeToInventory": 573700000, "changeToOperatingActivities": 456900000, "totalCashFromOperatingActivities": 39338100000, "capitalExpenditures": -1207600000, "investments": 1065500000, "otherCashflowsFromInvestingActivities": 2777500000, "totalCashflowsFromInvestingActivities": -2148200000, "dividendsPaid": -814500000, "netBorrowings": -24906400000, "otherCashflowsFromFinancingActivities": -14688400000, "totalCashFromFinancingActivities": -39675900000, "effectOfExchangeRate": 900000, "changeInCash": -2485100000, "issuanceOfStock": 733400000}, {"maxAge": 1, "endDate": "2017-03-31", "netIncome": 6290300000, "depreciation": 9648900000, "changeToNetincome": 15615300000, "changeToAccountReceivables": 7234800000, "changeToLiabilities": -2988100000, "changeToInventory": 375600000, "changeToOperatingActivities": 2307000000, "totalCashFromOperatingActivities": 38526400000, "capitalExpenditures": -3715100000, "investments": -746500000, "otherCashflowsFromInvestingActivities": -3187400000, "totalCashflowsFromInvestingActivities": -7619300000, "dividendsPaid": -3218500000, "netBorrowings": -5288700000, "otherCashflowsFromFinancingActivities": -17504400000, "totalCashFromFinancingActivities": -25949200000, "effectOfExchangeRate": -1200000, "changeInCash": 4956700000, "issuanceOfStock": 62400000}], "maxAge": 86400}, "indexTrend": {"maxAge": 1, "symbol": "SP5", "peRatio": 19.7411, "pegRatio": 1.34172, "estimates": [{"period": "0q", "growth": 0.549}, {"period": "+1q", "growth": 0.431}, {"period": "0y", "growth": 0.305}, {"period": "+1y", "growth": 0.109}, {"period": "+5y", "growth": 0.120865}, {"period": "-5y"}]}, "defaultKeyStatistics": {"maxAge": 1, "priceHint": 2, "enterpriseValue": 245031665664, "forwardPE": 17.564102, "profitMargins": 0.11158, "floatShares": 407286645, "sharesOutstanding": 1642790016, "heldPercentInsiders": 0.70994, "heldPercentInstitutions": 0.0945, "beta": 0.634993, "category": null, "bookValue": 79.234, "priceToBook": 1.3832445, "fundFamily": null, "legalType": null, "lastFiscalYearEnd": "2020-03-31 05:30:00", "nextFiscalYearEnd": "2022-03-31 05:30:00", "mostRecentQuarter": "2020-12-31 05:30:00", "earningsQuarterlyGrowth": -0.687, "netIncomeToCommon": 7973199872, "trailingEps": 4.851, "forwardEps": 6.24, "pegRatio": 0.28, "lastSplitFactor": null, "enterpriseToRevenue": 3.429, "enterpriseToEbitda": 8.592, "52WeekChange": 1.6473429, "SandP52WeekChange": 0.48148263, "lastDividendValue": 1.0, "lastDividendDate": 1596585600}, "industryTrend": {"maxAge": 1, "symbol": null, "estimates": []}, "quoteType": {"exchange": "NSI", "quoteType": "EQUITY", "symbol": "JSWENERGY.NS", "underlyingSymbol": "JSWENERGY.NS", "shortName": "JSW ENERGY LTD", "longName": "JSW Energy Limited", "firstTradeDateEpochUtc": "2010-01-04 09:15:00", "timeZoneFullName": "Asia/Kolkata", "timeZoneShortName": "IST", "uuid": "3bab9c1d-7da3-374a-8ffe-a52189ff5a88", "messageBoardId": "finmb_29186179", "gmtOffSetMilliseconds": 19800000, "maxAge": 1}, "incomeStatementHistory": {"incomeStatementHistory": [{"maxAge": 1, "endDate": "2020-03-31", "totalRevenue": 82727100000, "costOfRevenue": 46427400000, "grossProfit": 36299700000, "researchDevelopment": {}, "sellingGeneralAdministrative": 2704000000, "nonRecurring": {}, "otherOperatingExpenses": 3998100000, "totalOperatingExpenses": 64809800000, "operatingIncome": 17917300000, "totalOtherIncomeExpenseNet": -6775100000, "ebit": 17917300000, "interestExpense": -9820700000, "incomeBeforeTax": 11142200000, "incomeTaxExpense": 330400000, "minorityInterest": -238400000, "netIncomeFromContinuingOps": 10811800000, "discontinuedOperations": {}, "extraordinaryItems": {}, "effectOfAccountingCharges": {}, "otherItems": {}, "netIncome": 10999200000, "netIncomeApplicableToCommonShares": 10999200000}, {"maxAge": 1, "endDate": "2019-03-31", "totalRevenue": 91375900000, "costOfRevenue": 55844200000, "grossProfit": 35531700000, "researchDevelopment": {}, "sellingGeneralAdministrative": 2657600000, "nonRecurring": {}, "otherOperatingExpenses": 4324200000, "totalOperatingExpenses": 74462900000, "operatingIncome": 16913000000, "totalOtherIncomeExpenseNet": -7943700000, "ebit": 16913000000, "interestExpense": -10836500000, "incomeBeforeTax": 8969300000, "incomeTaxExpense": 2124400000, "minorityInterest": -120300000, "netIncomeFromContinuingOps": 6844900000, "discontinuedOperations": {}, "extraordinaryItems": {}, "effectOfAccountingCharges": {}, "otherItems": {}, "netIncome": 6951300000, "netIncomeApplicableToCommonShares": 6951300000}, {"maxAge": 1, "endDate": "2018-03-31", "totalRevenue": 80489600000, "costOfRevenue": 45463800000, "grossProfit": 35025800000, "researchDevelopment": {}, "sellingGeneralAdministrative": 2407500000, "nonRecurring": {}, "otherOperatingExpenses": 4626100000, "totalOperatingExpenses": 62158200000, "operatingIncome": 18331400000, "totalOtherIncomeExpenseNet": -14950000000, "ebit": 18331400000, "interestExpense": -13463200000, "incomeBeforeTax": 3381400000, "incomeTaxExpense": 2532300000, "minorityInterest": -39400000, "netIncomeFromContinuingOps": 849100000, "discontinuedOperations": {}, "extraordinaryItems": {}, "effectOfAccountingCharges": {}, "otherItems": {}, "netIncome": 779700000, "netIncomeApplicableToCommonShares": 779700000}, {"maxAge": 1, "endDate": "2017-03-31", "totalRevenue": 82634300000, "costOfRevenue": 42153000000, "grossProfit": 40481300000, "researchDevelopment": {}, "sellingGeneralAdministrative": 2243500000, "nonRecurring": {}, "otherOperatingExpenses": 4817200000, "totalOperatingExpenses": 58905200000, "operatingIncome": 23729100000, "totalOtherIncomeExpenseNet": -14813900000, "ebit": 23729100000, "interestExpense": -15603300000, "incomeBeforeTax": 8915200000, "incomeTaxExpense": 2690100000, "minorityInterest": 23700000, "netIncomeFromContinuingOps": 6225100000, "discontinuedOperations": {}, "extraordinaryItems": {}, "effectOfAccountingCharges": {}, "otherItems": {}, "netIncome": 6290300000, "netIncomeApplicableToCommonShares": 6290300000}], "maxAge": 86400}, "fundOwnership": {"maxAge": 1, "ownershipList": [{"maxAge": 1, "reportDate": "2021-01-31", "organization": "Vanguard International Stock Index-Emerging Markets Stk", "pctHeld": 0.0032, "position": 5255705, "value": 379724686}, {"maxAge": 1, "reportDate": "2021-01-31", "organization": "Vanguard International Stock Index-Total Intl Stock Indx", "pctHeld": 0.0025, "position": 4053478, "value": 292863785}, {"maxAge": 1, "reportDate": "2021-01-31", "organization": "DFA Emerging Markets Core Equity Portfolio", "pctHeld": 0.0023, "position": 3847663, "value": 277993651}, {"maxAge": 1, "reportDate": "2021-03-31", "organization": "iShares Core MSCI Emerging Markets ETF", "pctHeld": 0.0018000001, "position": 2935194, "value": 257856792}, {"maxAge": 1, "reportDate": "2021-01-31", "organization": "DFA Investment Dimensions-DFA Emerging Mkts Value", "pctHeld": 0.0018000001, "position": 2933195, "value": 211923338}, {"maxAge": 1, "reportDate": "2021-01-31", "organization": "DFA Emerging Markets Small Cap Series", "pctHeld": 0.0011, "position": 1836433, "value": 132682284}, {"maxAge": 1, "reportDate": "2021-02-28", "organization": "WisdomTree Tr-WisdomTree Emerging Markets Small Cap Dividend Fund", "pctHeld": 0.00059999997, "position": 983915, "value": 70743488}, {"maxAge": 1, "reportDate": "2021-02-28", "organization": "WisdomTree Tr-WisdomTree India Earnings Fd", "pctHeld": 0.00059999997, "position": 950625, "value": 68349937}, {"maxAge": 1, "reportDate": "2021-01-31", "organization": "Vanguard Intl Equity Index Fds-FTSE All World ex U.S. Index Fund", "pctHeld": 0.0004, "position": 664223, "value": 47990111}, {"maxAge": 1, "reportDate": "2021-03-31", "organization": "iShares MSCI India Small Cap ETF", "pctHeld": 0.0004, "position": 615460, "value": 54068161}]}, "summaryDetail": {"maxAge": 1, "priceHint": 2, "previousClose": 109.0, "open": 108.3, "dayLow": 107.5, "dayHigh": 111.4, "regularMarketPreviousClose": 109.0, "regularMarketOpen": 108.3, "regularMarketDayLow": 107.5, "regularMarketDayHigh": 111.4, "dividendRate": 1.0, "dividendYield": 0.0092, "exDividendDate": "2020-08-05 05:30:00", "payoutRatio": 0.2062, "beta": 0.634993, "trailingPE": 22.59328, "forwardPE": 17.564102, "volume": 9298935, "regularMarketVolume": 9298935, "averageVolume": 8057454, "averageVolume10days": 8060004, "averageDailyVolume10Day": 8060004, "bid": 0.0, "ask": 0.0, "bidSize": 0, "askSize": 0, "marketCap": 180049788928, "fiftyTwoWeekLow": 38.0, "fiftyTwoWeekHigh": 111.5, "priceToSalesTrailing12Months": 2.519592, "fiftyDayAverage": 93.19861, "twoHundredDayAverage": 74.734825, "trailingAnnualDividendRate": 1.0, "trailingAnnualDividendYield": 0.0091743115, "currency": "INR", "fromCurrency": null, "toCurrency": null, "lastMarket": null, "algorithm": null, "tradeable": false}, "insiderHolders": {"holders": [{"maxAge": 1, "name": "Amba River Coke Ltd", "relation": "Promoter", "url": "", "transactionDescription": "Other", "latestTransDate": "2018-06-01", "positionDirect": 7210640, "positionDirectDate": "2018-06-01"}, {"maxAge": 1, "name": "Glebe Trading Pvt. Ltd.", "relation": "Institution- Corporation", "url": "", "transactionDescription": "Other", "latestTransDate": "2021-02-10", "positionDirect": 0, "positionDirectDate": "2021-02-10"}, {"maxAge": 1, "name": "Indusglobe Multiventures Pvt. Ltd.", "relation": "Promoter", "url": "", "transactionDescription": "Sale", "latestTransDate": "2019-08-13", "positionDirect": 255986044, "positionDirectDate": "2019-08-13"}, {"maxAge": 1, "name": "JSW Cement Ltd.", "relation": "Promoter", "url": "", "transactionDescription": "Acquisition", "latestTransDate": "2019-08-13", "positionDirect": 2629610, "positionDirectDate": "2019-08-13"}, {"maxAge": 1, "name": "JSW Energy Employees Esop Trust", "relation": "Institution- Corporation", "url": "", "transactionDescription": "Other", "latestTransDate": "2021-03-31", "positionDirect": 457214, "positionDirectDate": "2021-03-31"}, {"maxAge": 1, "name": "Jain (Prashant)", "relation": "Chief Executive Officer", "url": "", "transactionDescription": "Acquisition", "latestTransDate": "2017-07-28", "positionDirect": 2500000, "positionDirectDate": "2017-07-28"}, {"maxAge": 1, "name": "Jajodia (Seema)", "relation": "Promoter", "url": "", "transactionDescription": "Sale", "latestTransDate": "2021-03-16", "positionDirect": 4400000, "positionDirectDate": "2021-03-16"}, {"maxAge": 1, "name": "Jindal (Parth)", "relation": "Promoter", "url": "", "transactionDescription": "Gift", "latestTransDate": "2019-02-22", "positionDirect": 17627225, "positionDirectDate": "2019-02-22"}, {"maxAge": 1, "name": "Narmada Fintrade Pvt. Ltd.", "relation": "Promoter", "url": "", "transactionDescription": "Sale", "latestTransDate": "2017-06-19", "positionDirect": 0, "positionDirectDate": "2017-06-19"}, {"maxAge": 1, "name": "Siddeshwari Tradex Pvt Ltd", "relation": "Institution- Corporation", "url": "", "transactionDescription": "Purchase", "latestTransDate": "2021-02-10", "positionDirect": 230932433, "positionDirectDate": "2021-02-10"}], "maxAge": 1}, "calendarEvents": {"maxAge": 1, "earnings": {"earningsDate": [], "earningsAverage": 1.65, "earningsLow": 1.16, "earningsHigh": 2.17, "revenueAverage": 23897000000, "revenueLow": 21258000000, "revenueHigh": 28052000000}, "exDividendDate": "2020-08-05 05:30:00"}, "price": {"maxAge": 1, "regularMarketChangePercent": 0.0055045728, "regularMarketChange": 0.5999985, "regularMarketTime": "2021-04-30 15:29:59", "priceHint": 2, "regularMarketPrice": 109.6, "regularMarketDayHigh": 111.4, "regularMarketDayLow": 107.5, "regularMarketVolume": 9298935, "averageDailyVolume10Day": 8060004, "averageDailyVolume3Month": 8057454, "regularMarketPreviousClose": 109.0, "regularMarketSource": "FREE_REALTIME", "regularMarketOpen": 108.3, "exchange": "NSI", "exchangeName": "NSE", "exchangeDataDelayedBy": 15, "marketState": "CLOSED", "quoteType": "EQUITY", "symbol": "JSWENERGY.NS", "underlyingSymbol": null, "shortName": "JSW ENERGY LTD", "longName": "JSW Energy Limited", "currency": "INR", "quoteSourceName": "Delayed Quote", "currencySymbol": "\u20b9", "fromCurrency": null, "toCurrency": null, "lastMarket": null, "marketCap": 180049788928}, "balanceSheetHistory": {"balanceSheetStatements": [{"maxAge": 1, "endDate": "2020-03-31", "cash": 1516900000, "shortTermInvestments": 1700000, "netReceivables": 27246100000, "inventory": 6395800000, "otherCurrentAssets": 1589300000, "totalCurrentAssets": 45022000000, "longTermInvestments": 10971500000, "propertyPlantEquipment": 156084300000, "goodWill": 6398200000, "intangibleAssets": 8558200000, "otherAssets": 24084300000, "deferredLongTermAssetCharges": 1805400000, "totalAssets": 251118500000, "accountsPayable": 16028700000, "shortLongTermDebt": 15597400000, "otherCurrentLiab": 12421400000, "longTermDebt": 82807400000, "otherLiab": 6395400000, "minorityInterest": -238400000, "totalCurrentLiabilities": 45432500000, "totalLiab": 134900700000, "commonStock": 16423600000, "retainedEarnings": 66261800000, "treasuryStock": 9864900000, "capitalSurplus": 23905900000, "otherStockholderEquity": 9869500000, "totalStockholderEquity": 116456200000, "netTangibleAssets": 101499800000}, {"maxAge": 1, "endDate": "2019-03-31", "cash": 1321600000, "shortTermInvestments": 301200000, "netReceivables": 19927500000, "inventory": 4547300000, "otherCurrentAssets": 1286700000, "totalCurrentAssets": 31082100000, "longTermInvestments": 20974000000, "propertyPlantEquipment": 166899300000, "goodWill": 6398200000, "intangibleAssets": 8947600000, "otherAssets": 24959600000, "totalAssets": 259260800000, "accountsPayable": 18395200000, "shortLongTermDebt": 13148900000, "otherCurrentLiab": 10760100000, "longTermDebt": 92403500000, "otherLiab": 5139600000, "minorityInterest": -120300000, "totalCurrentLiabilities": 43615600000, "totalLiab": 141158700000, "commonStock": 16410400000, "retainedEarnings": 56669700000, "treasuryStock": 21292700000, "capitalSurplus": 23849600000, "otherStockholderEquity": 21294400000, "totalStockholderEquity": 118222400000, "netTangibleAssets": 102876600000}, {"maxAge": 1, "endDate": "2018-03-31", "cash": 2242700000, "shortTermInvestments": 553500000, "netReceivables": 13882000000, "inventory": 5355400000, "otherCurrentAssets": 1163300000, "totalCurrentAssets": 27105200000, "longTermInvestments": 21255000000, "propertyPlantEquipment": 175905100000, "goodWill": 6398200000, "intangibleAssets": 9405900000, "otherAssets": 27139900000, "totalAssets": 267209300000, "accountsPayable": 23271300000, "shortLongTermDebt": 10557900000, "otherCurrentLiab": 7805700000, "longTermDebt": 108210000000, "otherLiab": 5346800000, "minorityInterest": -39400000, "totalCurrentLiabilities": 42594900000, "totalLiab": 156151700000, "commonStock": 16400500000, "retainedEarnings": 49889400000, "treasuryStock": 20999100000, "capitalSurplus": 23808000000, "otherStockholderEquity": 20999100000, "totalStockholderEquity": 111097000000, "netTangibleAssets": 95292900000}, {"maxAge": 1, "endDate": "2017-03-31", "cash": 5907100000, "shortTermInvestments": 1667600000, "netReceivables": 23200400000, "inventory": 5929000000, "otherCurrentAssets": 1269900000, "totalCurrentAssets": 40753600000, "longTermInvestments": 14087800000, "propertyPlantEquipment": 184072400000, "goodWill": 6448600000, "intangibleAssets": 9692300000, "otherAssets": 28838700000, "totalAssets": 283893400000, "accountsPayable": 21187200000, "shortLongTermDebt": 12146800000, "otherCurrentLiab": 10651400000, "longTermDebt": 131259200000, "otherLiab": 4299600000, "minorityInterest": 23700000, "totalCurrentLiabilities": 44626300000, "totalLiab": 180185100000, "commonStock": 16400500000, "retainedEarnings": 48223000000, "treasuryStock": 15144600000, "capitalSurplus": 23916500000, "otherStockholderEquity": 15265600000, "totalStockholderEquity": 103684600000, "netTangibleAssets": 87543700000}], "maxAge": 86400}, "earningsTrend": {"trend": [{"maxAge": 1, "period": "0q", "endDate": "2018-06-30", "growth": 0.241, "earningsEstimate": {"avg": 1.65, "low": 1.16, "high": 2.17, "yearAgoEps": 1.33, "numberOfAnalysts": 4, "growth": 0.241}, "revenueEstimate": {"avg": 23897000000, "low": 21258000000, "high": 28052000000, "numberOfAnalysts": 6, "yearAgoRevenue": 22316400000, "growth": 0.071}, "epsTrend": {"current": 1.65, "7daysAgo": 1.57, "30daysAgo": 1.48, "60daysAgo": 1.67, "90daysAgo": 1.67}, "epsRevisions": {"upLast7days": 1, "upLast30days": 1, "downLast30days": 0, "downLast90days": {}}}, {"maxAge": 1, "period": "+1q", "endDate": "2018-09-30", "growth": 0.188, "earningsEstimate": {"avg": 2.15, "low": 1.19, "high": 3.27, "yearAgoEps": 1.81, "numberOfAnalysts": 4, "growth": 0.188}, "revenueEstimate": {"avg": 24107700000, "low": 22077900000, "high": 26552000000, "numberOfAnalysts": 3, "yearAgoRevenue": 20490400000, "growth": 0.177}, "epsTrend": {"current": 2.15, "7daysAgo": 2.06, "30daysAgo": 1.66, "60daysAgo": 1.82, "90daysAgo": 1.82}, "epsRevisions": {"upLast7days": 1, "upLast30days": 1, "downLast30days": 0, "downLast90days": {}}}, {"maxAge": 1, "period": "0y", "endDate": "2019-03-31", "growth": 0.64599997, "earningsEstimate": {"avg": 5.02, "low": 2.85, "high": 6.72, "yearAgoEps": 3.05, "numberOfAnalysts": 21, "growth": 0.64599997}, "revenueEstimate": {"avg": 92446000000, "low": 82457000000, "high": 106106000000, "numberOfAnalysts": 20, "yearAgoRevenue": 80489600000, "growth": 0.14899999}, "epsTrend": {"current": 5.02, "7daysAgo": 5.02, "30daysAgo": 5.19, "60daysAgo": 5.24, "90daysAgo": 5.57}, "epsRevisions": {"upLast7days": 0, "upLast30days": 1, "downLast30days": 1, "downLast90days": {}}}, {"maxAge": 1, "period": "+1y", "endDate": "2020-03-31", "growth": 0.24299999, "earningsEstimate": {"avg": 6.24, "low": 4.46, "high": 9.5, "yearAgoEps": 5.02, "numberOfAnalysts": 20, "growth": 0.24299999}, "revenueEstimate": {"avg": 94798500000, "low": 85190100000, "high": 107444000000, "numberOfAnalysts": 19, "yearAgoRevenue": 92446000000, "growth": 0.025}, "epsTrend": {"current": 6.24, "7daysAgo": 6.25, "30daysAgo": 6.22, "60daysAgo": 6.27, "90daysAgo": 6.35}, "epsRevisions": {"upLast7days": 0, "upLast30days": 1, "downLast30days": 1, "downLast90days": {}}}, {"maxAge": 1, "period": "+5y", "endDate": null, "growth": 0.4694, "earningsEstimate": {"avg": {}, "low": {}, "high": {}, "yearAgoEps": {}, "numberOfAnalysts": {}, "growth": {}}, "revenueEstimate": {"avg": {}, "low": {}, "high": {}, "numberOfAnalysts": {}, "yearAgoRevenue": {}, "growth": {}}, "epsTrend": {"current": {}, "7daysAgo": {}, "30daysAgo": {}, "60daysAgo": {}, "90daysAgo": {}}, "epsRevisions": {"upLast7days": {}, "upLast30days": {}, "downLast30days": {}, "downLast90days": {}}}, {"maxAge": 1, "period": "-5y", "endDate": null, "growth": -0.26902, "earningsEstimate": {"avg": {}, "low": {}, "high": {}, "yearAgoEps": {}, "numberOfAnalysts": {}, "growth": {}}, "revenueEstimate": {"avg": {}, "low": {}, "high": {}, "numberOfAnalysts": {}, "yearAgoRevenue": {}, "growth": {}}, "epsTrend": {"current": {}, "7daysAgo": {}, "30daysAgo": {}, "60daysAgo": {}, "90daysAgo": {}}, "epsRevisions": {"upLast7days": {}, "upLast30days": {}, "downLast30days": {}, "downLast90days": {}}}], "maxAge": 1}, "institutionOwnership": {"maxAge": 1, "ownershipList": []}, "majorHoldersBreakdown": {"maxAge": 1, "insidersPercentHeld": 0.70994, "institutionsPercentHeld": 0.0945, "institutionsFloatPercentHeld": 0.32578, "institutionsCount": 36}, "balanceSheetHistoryQuarterly": {"balanceSheetStatements": [{"maxAge": 1, "endDate": "2020-12-31", "totalStockholderEquity": 130373500000, "netTangibleAssets": 115556100000}, {"maxAge": 1, "endDate": "2020-09-30", "cash": 3872500000, "shortTermInvestments": 8799200000, "netReceivables": 23213100000, "inventory": 2648100000, "otherCurrentAssets": 796500000, "totalCurrentAssets": 39329400000, "longTermInvestments": 33381900000, "propertyPlantEquipment": 150697200000, "goodWill": 6398200000, "intangibleAssets": 8419200000, "otherAssets": 12105500000, "deferredLongTermAssetCharges": 2667000000, "totalAssets": 250331400000, "accountsPayable": 10559900000, "shortLongTermDebt": 100000000, "otherCurrentLiab": 23500200000, "longTermDebt": 77968300000, "otherLiab": 7724700000, "minorityInterest": -161500000, "totalCurrentLiabilities": 34160100000, "totalLiab": 120119400000, "commonStock": 16420300000, "treasuryStock": 113953200000, "otherStockholderEquity": 113953200000, "totalStockholderEquity": 130373500000, "netTangibleAssets": 115556100000}, {"maxAge": 1, "endDate": "2020-06-30", "totalStockholderEquity": 116456200000, "netTangibleAssets": 101499800000}, {"maxAge": 1, "endDate": "2020-03-31", "cash": 1516900000, "shortTermInvestments": 1700000, "netReceivables": 27246100000, "inventory": 6395800000, "otherCurrentAssets": 1589300000, "totalCurrentAssets": 45022000000, "longTermInvestments": 10971500000, "propertyPlantEquipment": 156084300000, "goodWill": 6398200000, "intangibleAssets": 8558200000, "otherAssets": 24084300000, "deferredLongTermAssetCharges": 1805400000, "totalAssets": 251118500000, "accountsPayable": 16028700000, "shortLongTermDebt": 15597400000, "otherCurrentLiab": 12421400000, "longTermDebt": 82807400000, "otherLiab": 6395400000, "minorityInterest": -238400000, "totalCurrentLiabilities": 45432500000, "totalLiab": 134900700000, "commonStock": 16423600000, "retainedEarnings": 66261800000, "treasuryStock": 9864900000, "capitalSurplus": 23905900000, "otherStockholderEquity": 9869500000, "totalStockholderEquity": 116456200000, "netTangibleAssets": 101499800000}], "maxAge": 86400}, "earningsHistory": {"history": [{"maxAge": 1, "epsActual": 1.33, "epsEstimate": 1.72, "epsDifference": -0.39, "surprisePercent": -0.22700001, "quarter": "2017-06-30", "period": "-4q"}, {"maxAge": 1, "epsActual": 1.81, "epsEstimate": 1.46, "epsDifference": 0.35, "surprisePercent": 0.24, "quarter": "2017-09-30", "period": "-3q"}, {"maxAge": 1, "epsActual": 0.29, "epsEstimate": 0.61, "epsDifference": -0.32, "surprisePercent": -0.525, "quarter": "2017-12-31", "period": "-2q"}, {"maxAge": 1, "epsActual": -0.4, "epsEstimate": 0.3, "epsDifference": -0.7, "surprisePercent": -2.333, "quarter": "2018-03-31", "period": "-1q"}], "maxAge": 86400}, "summaryProfile": {"address1": "JSW Centre", "address2": "Bandra Kurla Complex Bandra (East)", "city": "Mumbai", "zip": "400051", "country": "India", "phone": "91 22 4286 1000", "fax": "91 22 4286 3000", "website": "http://www.jsw.in/energy", "industry": "Utilities\u2014Independent Power Producers", "sector": "Utilities", "longBusinessSummary": "JSW Energy Limited, an integrated power company, generates and sells power in India. The company has a power generation capacity of 4,559 MW, which includes 3,158 MW of thermal, 1,391 MW of hydel, and 10 MW of solar. It has operations in the States of Karnataka, Maharashtra, Rajasthan, and Himachal Pradesh. The company also engages in power transmission and trading activities; and coal mining in South Africa. JSW Energy Limited was founded in 1994 and is based in Mumbai, India.", "fullTimeEmployees": 1677, "companyOfficers": [], "maxAge": 86400}, "netSharePurchaseActivity": {"maxAge": 1, "period": "6m", "buyInfoCount": 0, "buyInfoShares": 0, "sellInfoCount": 0, "netInfoCount": 0, "netInfoShares": 0, "netPercentInsiderShares": 0.0, "totalInsiderShares": 1169318528}, "insiderTransactions": {"transactions": [{"maxAge": 1, "shares": 5000, "value": 6140, "filerUrl": "", "transactionText": "Other at price 1.23 per share.", "filerName": "JSW Energy Employees Esop Trust", "filerRelation": "Institution- Corporation", "moneyText": "", "startDate": "2021-03-31", "ownership": "D"}, {"maxAge": 1, "shares": 447098, "value": 526189, "filerUrl": "", "transactionText": "Sale at price 1.18 per share.", "filerName": "Jajodia (Seema)", "filerRelation": "Promoter", "moneyText": "", "startDate": "2021-03-16", "ownership": "D"}, {"maxAge": 1, "shares": 51882, "value": 61454, "filerUrl": "", "transactionText": "Sale at price 1.18 per share.", "filerName": "Jajodia (Seema)", "filerRelation": "Promoter", "moneyText": "", "startDate": "2021-03-12", "ownership": "D"}, {"maxAge": 1, "shares": 1000000, "value": 1189700, "filerUrl": "", "transactionText": "Sale at price 1.19 per share.", "filerName": "Jajodia (Seema)", "filerRelation": "Promoter", "moneyText": "", "startDate": "2021-03-08", "ownership": "D"}, {"maxAge": 1, "shares": 500000, "value": 558550, "filerUrl": "", "transactionText": "Sale at price 1.12 per share.", "filerName": "Jajodia (Seema)", "filerRelation": "Promoter", "moneyText": "", "startDate": "2021-03-05", "ownership": "D"}, {"maxAge": 1, "shares": 500000, "value": 585450, "filerUrl": "", "transactionText": "Sale at price 1.17 per share.", "filerName": "Jajodia (Seema)", "filerRelation": "Promoter", "moneyText": "", "startDate": "2021-03-04", "ownership": "D"}, {"maxAge": 1, "shares": 476020, "value": 580601, "filerUrl": "", "transactionText": "Sale at price 1.22 per share.", "filerName": "Jajodia (Seema)", "filerRelation": "Promoter", "moneyText": "", "startDate": "2021-03-03", "ownership": "D"}, {"maxAge": 1, "shares": 54706, "value": 65406, "filerUrl": "", "transactionText": "Other at price 1.20 per share.", "filerName": "JSW Energy Employees Esop Trust", "filerRelation": "Institution- Corporation", "moneyText": "", "startDate": "2021-03-03", "ownership": "D"}, {"maxAge": 1, "shares": 5000, "value": 5586, "filerUrl": "", "transactionText": "Other at price 1.12 per share.", "filerName": "JSW Energy Employees Esop Trust", "filerRelation": "Institution- Corporation", "moneyText": "", "startDate": "2021-03-02", "ownership": "D"}, {"maxAge": 1, "shares": 12548, "value": 12918, "filerUrl": "", "transactionText": "Other at price 1.03 per share.", "filerName": "JSW Energy Employees Esop Trust", "filerRelation": "Institution- Corporation", "moneyText": "", "startDate": "2021-02-11", "ownership": "D"}, {"maxAge": 1, "shares": 145332820, "filerUrl": "", "transactionText": "", "filerName": "Glebe Trading Pvt. Ltd.", "filerRelation": "Institution- Corporation", "moneyText": "", "startDate": "2021-02-10", "ownership": "D"}, {"maxAge": 1, "shares": 230932433, "filerUrl": "", "transactionText": "Purchase at price 0.00 per share.", "filerName": "Siddeshwari Tradex Pvt Ltd", "filerRelation": "Institution- Corporation", "moneyText": "", "startDate": "2021-02-10", "ownership": "D"}, {"maxAge": 1, "shares": 10000, "value": 9280, "filerUrl": "", "transactionText": "Other at price 0.93 per share.", "filerName": "JSW Energy Employees Esop Trust", "filerRelation": "Institution- Corporation", "moneyText": "", "startDate": "2020-12-29", "ownership": "D"}, {"maxAge": 1, "shares": 10000, "value": 9309, "filerUrl": "", "transactionText": "Other at price 0.93 per share.", "filerName": "JSW Energy Employees Esop Trust", "filerRelation": "Institution- Corporation", "moneyText": "", "startDate": "2020-12-24", "ownership": "D"}, {"maxAge": 1, "shares": 46799, "value": 44580, "filerUrl": "", "transactionText": "Other at price 0.95 per share.", "filerName": "JSW Energy Employees Esop Trust", "filerRelation": "Institution- Corporation", "moneyText": "", "startDate": "2020-12-17", "ownership": "D"}, {"maxAge": 1, "shares": 138386, "value": 129418, "filerUrl": "", "transactionText": "Other at price 0.94 per share.", "filerName": "JSW Energy Employees Esop Trust", "filerRelation": "Trustee", "moneyText": "", "startDate": "2020-12-04", "ownership": "D"}, {"maxAge": 1, "shares": 18031, "value": 15728, "filerUrl": "", "transactionText": "Other at price 0.87 per share.", "filerName": "JSW Energy Employees Esop Trust", "filerRelation": "Trustee", "moneyText": "", "startDate": "2020-12-03", "ownership": "D"}, {"maxAge": 1, "shares": 23626, "value": 18392, "filerUrl": "", "transactionText": "Other at price 0.78 per share.", "filerName": "JSW Energy Employees Esop Trust", "filerRelation": "Institution- Corporation", "moneyText": "", "startDate": "2020-09-29", "ownership": "D"}, {"maxAge": 1, "shares": 20000, "value": 15494, "filerUrl": "", "transactionText": "Other at price 0.77 per share.", "filerName": "JSW Energy Employees Esop Trust", "filerRelation": "Institution- Corporation", "moneyText": "", "startDate": "2020-09-28", "ownership": "D"}, {"maxAge": 1, "shares": 82843, "value": 66887, "filerUrl": "", "transactionText": "Other at price 0.81 per share.", "filerName": "JSW Energy Employees Esop Trust", "filerRelation": "Institution- Corporation", "moneyText": "", "startDate": "2020-09-10", "ownership": "D"}, {"maxAge": 1, "shares": 211503, "filerUrl": "", "transactionText": "", "filerName": "JSW Energy Employees Esop Trust", "filerRelation": "Institution- Corporation", "moneyText": "", "startDate": "2020-06-26", "ownership": "D"}, {"maxAge": 1, "shares": 150000, "filerUrl": "", "transactionText": "", "filerName": "JSW Energy Employees Esop Trust", "filerRelation": "Institution- Corporation", "moneyText": "", "startDate": "2019-11-29", "ownership": "D"}, {"maxAge": 1, "shares": 152000, "filerUrl": "", "transactionText": "", "filerName": "JSW Energy Employees Esop Trust", "filerRelation": "Institution- Corporation", "moneyText": "", "startDate": "2019-11-26", "ownership": "D"}, {"maxAge": 1, "shares": 18030, "filerUrl": "", "transactionText": "", "filerName": "JSW Energy Employees Esop Trust", "filerRelation": "Institution- Corporation", "moneyText": "", "startDate": "2019-11-13", "ownership": "D"}, {"maxAge": 1, "shares": 160632, "filerUrl": "", "transactionText": "", "filerName": "JSW Energy Employees Esop Trust", "filerRelation": "Institution- Corporation", "moneyText": "", "startDate": "2019-11-08", "ownership": "D"}, {"maxAge": 1, "shares": 438540, "filerUrl": "", "transactionText": "", "filerName": "JSW Energy Employees Esop Trust", "filerRelation": "Institution- Corporation", "moneyText": "", "startDate": "2019-11-01", "ownership": "D"}, {"maxAge": 1, "shares": 458459, "filerUrl": "", "transactionText": "", "filerName": "JSW Energy Employees Esop Trust", "filerRelation": "UNREPORTED", "moneyText": "", "startDate": "2019-08-31", "ownership": "D"}, {"maxAge": 1, "shares": 800000, "filerUrl": "", "transactionText": "", "filerName": "Indusglobe Multiventures Pvt. Ltd.", "filerRelation": "Promoter", "moneyText": "", "startDate": "2019-08-13", "ownership": "D"}, {"maxAge": 1, "shares": 800000, "filerUrl": "", "transactionText": "", "filerName": "JSW Cement Ltd.", "filerRelation": "Promoter", "moneyText": "", "startDate": "2019-08-13", "ownership": "D"}, {"maxAge": 1, "shares": 93269, "filerUrl": "", "transactionText": "", "filerName": "JSW Energy Employees Esop Trust", "filerRelation": "Institution- Corporation", "moneyText": "", "startDate": "2019-05-30", "ownership": "D"}, {"maxAge": 1, "shares": 147621, "filerUrl": "", "transactionText": "", "filerName": "JSW Energy Employees Esop Trust", "filerRelation": "Institution- Corporation", "moneyText": "", "startDate": "2019-05-29", "ownership": "D"}, {"maxAge": 1, "shares": 51453, "filerUrl": "", "transactionText": "", "filerName": "JSW Energy Employees Esop Trust", "filerRelation": "Institution- Corporation", "moneyText": "", "startDate": "2019-05-28", "ownership": "D"}, {"maxAge": 1, "shares": 46798, "filerUrl": "", "transactionText": "", "filerName": "JSW Energy Employees Esop Trust", "filerRelation": "Institution- Corporation", "moneyText": "", "startDate": "2019-05-20", "ownership": "D"}, {"maxAge": 1, "shares": 425379, "filerUrl": "", "transactionText": "", "filerName": "JSW Energy Employees Esop Trust", "filerRelation": "Institution- Corporation", "moneyText": "", "startDate": "2019-04-22", "ownership": "D"}, {"maxAge": 1, "shares": 50000, "filerUrl": "", "transactionText": "", "filerName": "JSW Energy Employees Esop Trust", "filerRelation": "Institution- Corporation", "moneyText": "", "startDate": "2019-02-27", "ownership": "D"}, {"maxAge": 1, "shares": 50000, "filerUrl": "", "transactionText": "", "filerName": "JSW Energy Employees Esop Trust", "filerRelation": "Institution- Corporation", "moneyText": "", "startDate": "2019-02-25", "ownership": "D"}, {"maxAge": 1, "shares": 7375000, "filerUrl": "", "transactionText": "", "filerName": "Jajodia (Seema)", "filerRelation": "UNREPORTED", "moneyText": "", "startDate": "2019-02-22", "ownership": "D"}, {"maxAge": 1, "shares": 7375000, "filerUrl": "", "transactionText": "", "filerName": "Jindal (Parth)", "filerRelation": "Promoter", "moneyText": "", "startDate": "2019-02-22", "ownership": "D"}, {"maxAge": 1, "shares": 100000, "filerUrl": "", "transactionText": "", "filerName": "JSW Energy Employees Esop Trust", "filerRelation": "Institution- Corporation", "moneyText": "", "startDate": "2019-02-20", "ownership": "D"}, {"maxAge": 1, "shares": 45097, "filerUrl": "", "transactionText": "", "filerName": "JSW Energy Employees Esop Trust", "filerRelation": "Institution- Corporation", "moneyText": "", "startDate": "2019-02-19", "ownership": "D"}, {"maxAge": 1, "shares": 45948, "filerUrl": "", "transactionText": "", "filerName": "JSW Energy Employees Esop Trust", "filerRelation": "Institution- Corporation", "moneyText": "", "startDate": "2019-02-07", "ownership": "D"}, {"maxAge": 1, "shares": 148022, "filerUrl": "", "transactionText": "", "filerName": "JSW Energy Employees Esop Trust", "filerRelation": "Institution- Corporation", "moneyText": "", "startDate": "2019-02-06", "ownership": "D"}, {"maxAge": 1, "shares": 32906, "filerUrl": "", "transactionText": "", "filerName": "JSW Energy Employees Esop Trust", "filerRelation": "Institution- Corporation", "moneyText": "", "startDate": "2019-02-04", "ownership": "D"}, {"maxAge": 1, "shares": 170075, "filerUrl": "", "transactionText": "", "filerName": "JSW Energy Employees Esop Trust", "filerRelation": "Institution- Corporation", "moneyText": "", "startDate": "2019-01-21", "ownership": "D"}, {"maxAge": 1, "shares": 825, "filerUrl": "", "transactionText": "", "filerName": "JSW Energy Employees Esop Trust", "filerRelation": "Institution- Corporation", "moneyText": "", "startDate": "2019-01-18", "ownership": "D"}, {"maxAge": 1, "shares": 100000, "filerUrl": "", "transactionText": "", "filerName": "JSW Energy Employees Esop Trust", "filerRelation": "Institution- Corporation", "moneyText": "", "startDate": "2019-01-15", "ownership": "D"}, {"maxAge": 1, "shares": 109687, "filerUrl": "", "transactionText": "", "filerName": "JSW Energy Employees Esop Trust", "filerRelation": "Institution- Corporation", "moneyText": "", "startDate": "2018-11-13", "ownership": "D"}, {"maxAge": 1, "shares": 80232, "filerUrl": "", "transactionText": "", "filerName": "JSW Energy Employees Esop Trust", "filerRelation": "Institution- Corporation", "moneyText": "", "startDate": "2018-11-12", "ownership": "D"}, {"maxAge": 1, "shares": 62717, "filerUrl": "", "transactionText": "", "filerName": "JSW Energy Employees Esop Trust", "filerRelation": "Institution- Corporation", "moneyText": "", "startDate": "2018-10-05", "ownership": "D"}, {"maxAge": 1, "shares": 12900, "filerUrl": "", "transactionText": "", "filerName": "Indusglobe Multiventures Pvt. Ltd.", "filerRelation": "Promoter", "moneyText": "", "startDate": "2018-09-18", "ownership": "D"}, {"maxAge": 1, "shares": 510081, "filerUrl": "", "transactionText": "", "filerName": "JSW Energy Employees Esop Trust", "filerRelation": "Institution- Corporation", "moneyText": "", "startDate": "2018-08-23", "ownership": "D"}, {"maxAge": 1, "shares": 1456000, "filerUrl": "", "transactionText": "", "filerName": "Amba River Coke Ltd", "filerRelation": "Promoter", "moneyText": "", "startDate": "2018-06-01", "ownership": "D"}, {"maxAge": 1, "shares": 50000, "filerUrl": "", "transactionText": "", "filerName": "JSW Energy Employees Esop Trust", "filerRelation": "Institution- Corporation", "moneyText": "", "startDate": "2018-05-31", "ownership": "D"}, {"maxAge": 1, "shares": 239919, "filerUrl": "", "transactionText": "", "filerName": "JSW Energy Employees Esop Trust", "filerRelation": "Institution- Corporation", "moneyText": "", "startDate": "2018-05-08", "ownership": "D"}, {"maxAge": 1, "shares": 2500000, "filerUrl": "", "transactionText": "", "filerName": "Jain (Prashant)", "filerRelation": "Chief Executive Officer", "moneyText": "", "startDate": "2017-07-28", "ownership": "D"}, {"maxAge": 1, "shares": 40500, "filerUrl": "", "transactionText": "", "filerName": "Narmada Fintrade Pvt. Ltd.", "filerRelation": "Promoter", "moneyText": "", "startDate": "2017-06-19", "ownership": "D"}, {"maxAge": 1, "shares": 100000, "filerUrl": "", "transactionText": "", "filerName": "Jajodia (Seema)", "filerRelation": "Promoter", "moneyText": "", "startDate": "2016-12-29", "ownership": "D"}, {"maxAge": 1, "shares": 74144162, "filerUrl": "", "transactionText": "", "filerName": "Jindal (Sajjan)", "filerRelation": "Chairman of the Board", "moneyText": "", "startDate": "2016-12-24", "ownership": "D"}, {"maxAge": 1, "shares": 13083025, "filerUrl": "", "transactionText": "", "filerName": "Jindal (Sangita)", "filerRelation": "Promoter", "moneyText": "", "startDate": "2016-12-24", "ownership": "D"}, {"maxAge": 1, "shares": 39592, "filerUrl": "", "transactionText": "", "filerName": "Narmada Fintrade Pvt. Ltd.", "filerRelation": "Promoter", "moneyText": "", "startDate": "2016-11-01", "ownership": "D"}, {"maxAge": 1, "shares": 39592, "filerUrl": "", "transactionText": "", "filerName": "Narmada Fintrade Pvt. Ltd.", "filerRelation": "Promoter", "moneyText": "", "startDate": "2016-10-27", "ownership": "D"}, {"maxAge": 1, "shares": 3936640, "filerUrl": "", "transactionText": "", "filerName": "Amba River Coke Ltd", "filerRelation": "Promoter", "moneyText": "", "startDate": "2015-03-31", "ownership": "D"}, {"maxAge": 1, "shares": 28230000, "filerUrl": "", "transactionText": "", "filerName": "Jindal (Sangita)", "filerRelation": "Promoter", "moneyText": "", "startDate": "2013-05-22", "ownership": "D"}, {"maxAge": 1, "shares": 900, "filerUrl": "", "transactionText": "", "filerName": "Menon (Anita Pramod)", "filerRelation": "UNREPORTED", "moneyText": "", "startDate": "2013-05-03", "ownership": "D"}, {"maxAge": 1, "shares": 2900, "filerUrl": "", "transactionText": "", "filerName": "Menon (Pramod)", "filerRelation": "Chief Financial Officer", "moneyText": "", "startDate": "2013-05-03", "ownership": "D"}, {"maxAge": 1, "shares": 5000, "filerUrl": "", "transactionText": "", "filerName": "Sagar (Sanjay)", "filerRelation": "Chief Executive Officer", "moneyText": "", "startDate": "2012-07-21", "ownership": "D"}, {"maxAge": 1, "shares": 95000, "filerUrl": "", "transactionText": "", "filerName": "Jain (Nirmal Kumar)", "filerRelation": "Vice Chairman", "moneyText": "", "startDate": "2011-07-26", "ownership": "D"}, {"maxAge": 1, "shares": 23625000, "filerUrl": "", "transactionText": "", "filerName": "Jindal (Sangita)", "filerRelation": "Chairman of the Board", "moneyText": "", "startDate": "2011-05-25", "ownership": "D"}, {"maxAge": 1, "shares": 100000, "filerUrl": "", "transactionText": "", "filerName": "Jain (Nirmal Kumar)", "filerRelation": "Vice Chairman", "moneyText": "", "startDate": "2010-12-28", "ownership": "D"}, {"maxAge": 1, "shares": 0, "filerUrl": "", "transactionText": "", "filerName": "Madhavan (S)", "filerRelation": "Secretary", "moneyText": "", "startDate": "2010-12-28", "ownership": "I"}, {"maxAge": 1, "shares": 3000, "filerUrl": "", "transactionText": "", "filerName": "Prathipati (Abraham)", "filerRelation": "Director (Non-Executive)", "moneyText": "", "startDate": "2010-07-03", "ownership": "D"}, {"maxAge": 1, "shares": 3000, "filerUrl": "", "transactionText": "", "filerName": "Prathipati (Abraham)", "filerRelation": "Director (Non-Executive)", "moneyText": "", "startDate": "2010-07-03", "ownership": "D"}, {"maxAge": 1, "shares": 2000, "filerUrl": "", "transactionText": "", "filerName": "Madhavan (S)", "filerRelation": "Secretary", "moneyText": "", "startDate": "2010-06-30", "ownership": "D"}, {"maxAge": 1, "shares": 100000, "filerUrl": "", "transactionText": "", "filerName": "Jain (Nirmal Kumar)", "filerRelation": "Vice Chairman", "moneyText": "", "startDate": "2010-05-03", "ownership": "D"}, {"maxAge": 1, "shares": 5000, "filerUrl": "", "transactionText": "", "filerName": "Rao (Sattiraju Seshagiri)", "filerRelation": "Joint Managing director", "moneyText": "", "startDate": "2010-05-03", "ownership": "D"}, {"maxAge": 1, "shares": 400000, "filerUrl": "", "transactionText": "", "filerName": "Jindal (Sajjan)", "filerRelation": "Chairman of the Board", "moneyText": "", "startDate": "2010-01-08", "ownership": "D"}], "maxAge": 1}, "sectorTrend": {"maxAge": 1, "symbol": null, "estimates": []}, "incomeStatementHistoryQuarterly": {"incomeStatementHistory": [{"maxAge": 1, "endDate": "2020-12-31", "totalRevenue": 16088600000, "costOfRevenue": 8226800000, "grossProfit": 7861800000, "researchDevelopment": {}, "sellingGeneralAdministrative": 557600000, "nonRecurring": {}, "otherOperatingExpenses": 1259900000, "totalOperatingExpenses": 12960500000, "operatingIncome": 3128100000, "totalOtherIncomeExpenseNet": -1369000000, "ebit": 3128100000, "interestExpense": -1911800000, "incomeBeforeTax": 1759100000, "incomeTaxExpense": 338400000, "minorityInterest": {}, "netIncomeFromContinuingOps": 1420700000, "discontinuedOperations": {}, "extraordinaryItems": {}, "effectOfAccountingCharges": {}, "otherItems": {}, "netIncome": 1235300000, "netIncomeApplicableToCommonShares": 1235300000}, {"maxAge": 1, "endDate": "2020-09-30", "totalRevenue": 19385700000, "costOfRevenue": 8441600000, "grossProfit": 10944100000, "researchDevelopment": {}, "sellingGeneralAdministrative": 565300000, "nonRecurring": {}, "otherOperatingExpenses": 1140600000, "totalOperatingExpenses": 13063200000, "operatingIncome": 6322500000, "totalOtherIncomeExpenseNet": -1395600000, "ebit": 6322500000, "interestExpense": -2071900000, "incomeBeforeTax": 4926900000, "incomeTaxExpense": 1363900000, "minorityInterest": -161500000, "netIncomeFromContinuingOps": 3563000000, "discontinuedOperations": {}, "extraordinaryItems": {}, "effectOfAccountingCharges": {}, "otherItems": {}, "netIncome": 3521200000, "netIncomeApplicableToCommonShares": 3521200000}, {"maxAge": 1, "endDate": "2020-06-30", "totalRevenue": 18051500000, "costOfRevenue": 9154900000, "grossProfit": 8896600000, "researchDevelopment": {}, "sellingGeneralAdministrative": 593700000, "nonRecurring": {}, "otherOperatingExpenses": 847700000, "totalOperatingExpenses": 13491400000, "operatingIncome": 4560100000, "totalOtherIncomeExpenseNet": -1577300000, "ebit": 4560100000, "interestExpense": -2403800000, "incomeBeforeTax": 2982800000, "incomeTaxExpense": 787200000, "minorityInterest": -161500000, "netIncomeFromContinuingOps": 2195600000, "discontinuedOperations": {}, "extraordinaryItems": {}, "effectOfAccountingCharges": {}, "otherItems": {}, "netIncome": 2132300000, "netIncomeApplicableToCommonShares": 2132300000}, {"maxAge": 1, "endDate": "2020-03-31", "totalRevenue": 17934100000, "costOfRevenue": 11494800000, "grossProfit": 6439300000, "researchDevelopment": {}, "sellingGeneralAdministrative": 865500000, "nonRecurring": {}, "otherOperatingExpenses": -203400000, "totalOperatingExpenses": 15049900000, "operatingIncome": 2884200000, "totalOtherIncomeExpenseNet": -1959200000, "ebit": 2884200000, "interestExpense": -1790100000, "incomeBeforeTax": 925000000, "incomeTaxExpense": 26000000, "minorityInterest": -238400000, "netIncomeFromContinuingOps": 899000000, "discontinuedOperations": {}, "extraordinaryItems": {}, "effectOfAccountingCharges": {}, "otherItems": {}, "netIncome": 1084400000, "netIncomeApplicableToCommonShares": 1084400000}], "maxAge": 86400}, "cashflowStatementHistoryQuarterly": {"cashflowStatements": [{"maxAge": 1, "endDate": "2020-12-31", "netIncome": 1235300000, "changeToLiabilities": 0}, {"maxAge": 1, "endDate": "2020-09-30", "netIncome": 3521200000, "changeToLiabilities": 0}, {"maxAge": 1, "endDate": "2020-06-30", "netIncome": 2132300000, "changeToLiabilities": 0}, {"maxAge": 1, "endDate": "2020-03-31", "netIncome": 1084400000, "changeToLiabilities": 0}], "maxAge": 86400}, "earnings": {"maxAge": 86400, "earningsChart": {"quarterly": [{"date": "2Q2017", "actual": 1.33, "estimate": 1.72}, {"date": "3Q2017", "actual": 1.81, "estimate": 1.46}, {"date": "4Q2017", "actual": 0.29, "estimate": 0.61}, {"date": "1Q2018", "actual": -0.4, "estimate": 0.3}], "currentQuarterEstimate": 1.65, "currentQuarterEstimateDate": "2Q", "currentQuarterEstimateYear": 2018, "earningsDate": []}, "financialsChart": {"yearly": [{"date": 2017, "revenue": 82634300000, "earnings": 6290300000}, {"date": 2018, "revenue": 80489600000, "earnings": 779700000}, {"date": 2019, "revenue": 91375900000, "earnings": 6951300000}, {"date": 2020, "revenue": 82727100000, "earnings": 10999200000}], "quarterly": [{"date": "1Q2020", "revenue": 17934100000, "earnings": 1084400000}, {"date": "2Q2020", "revenue": 18051500000, "earnings": 2132300000}, {"date": "3Q2020", "revenue": 19385700000, "earnings": 3521200000}, {"date": "4Q2020", "revenue": 16088600000, "earnings": 1235300000}]}, "financialCurrency": "INR"}, "financialData": {"maxAge": 86400, "currentPrice": 109.6, "targetHighPrice": 95.0, "targetLowPrice": 56.0, "targetMeanPrice": 74.11, "targetMedianPrice": 72.5, "recommendationMean": 3.3, "recommendationKey": "hold", "numberOfAnalystOpinions": 22, "totalCash": 12671699968, "totalCashPerShare": 7.693, "ebitda": 28517425152, "totalDebt": 78334599168, "totalRevenue": 71459897344, "debtToEquity": 60.159, "revenuePerShare": 43.477, "grossProfits": 36299700000, "earningsGrowth": -0.688, "revenueGrowth": -0.174, "grossMargins": 0.47777998, "ebitdaMargins": 0.39907002, "operatingMargins": 0.23642, "profitMargins": 0.11158, "financialCurrency": "INR"}}}