{"JSWENERGY.BO": {"recommendationTrend": {"trend": [{"period": "0m", "strongBuy": 0, "buy": 0, "hold": 0, "sell": 0, "strongSell": 0}, {"period": "-1m", "strongBuy": 0, "buy": 0, "hold": 0, "sell": 0, "strongSell": 0}, {"period": "-2m", "strongBuy": 0, "buy": 0, "hold": 0, "sell": 0, "strongSell": 0}, {"period": "-3m", "strongBuy": 0, "buy": 0, "hold": 0, "sell": 0, "strongSell": 0}], "maxAge": 86400}, "cashflowStatementHistory": {"cashflowStatements": [{"maxAge": 1, "endDate": "2020-03-31", "netIncome": 10999200000, "depreciation": 11674900000, "changeToNetincome": 5883400000, "changeToAccountReceivables": -6769200000, "changeToLiabilities": 1605600000, "changeToInventory": -1851400000, "changeToOperatingActivities": -727700000, "totalCashFromOperatingActivities": 20820400000, "capitalExpenditures": -1209700000, "investments": 190400000, "otherCashflowsFromInvestingActivities": 2388700000, "totalCashflowsFromInvestingActivities": 3012900000, "dividendsPaid": -1641200000, "netBorrowings": -7070100000, "otherCashflowsFromFinancingActivities": -10974500000, "totalCashFromFinancingActivities": -19616200000, "effectOfExchangeRate": -8600000, "changeInCash": 4213300000, "issuanceOfStock": 69600000}, {"maxAge": 1, "endDate": "2019-03-31", "netIncome": 6951300000, "depreciation": 11626200000, "changeToNetincome": 9306900000, "changeToAccountReceivables": -2788200000, "changeToLiabilities": -1866400000, "changeToInventory": 808100000, "changeToOperatingActivities": 864800000, "totalCashFromOperatingActivities": 24913400000, "capitalExpenditures": -2334700000, "investments": 72200000, "otherCashflowsFromInvestingActivities": 3055400000, "totalCashflowsFromInvestingActivities": -545000000, "dividendsPaid": -1641200000, "netBorrowings": -13502700000, "otherCashflowsFromFinancingActivities": -11780600000, "totalCashFromFinancingActivities": -25231800000, "effectOfExchangeRate": -18400000, "changeInCash": -866700000, "issuanceOfStock": 51500000}, {"maxAge": 1, "endDate": "2018-03-31", "netIncome": 779700000, "depreciation": 9628400000, "changeToNetincome": 17042300000, "changeToAccountReceivables": 10311100000, "changeToLiabilities": 513600000, "changeToInventory": 573700000, "changeToOperatingActivities": 456900000, "totalCashFromOperatingActivities": 39338100000, "capitalExpenditures": -1207600000, "investments": 1065500000, "otherCashflowsFromInvestingActivities": 2777500000, "totalCashflowsFromInvestingActivities": -2148200000, "dividendsPaid": -814500000, "netBorrowings": -24906400000, "otherCashflowsFromFinancingActivities": -14688400000, "totalCashFromFinancingActivities": -39675900000, "effectOfExchangeRate": 900000, "changeInCash": -2485100000, "issuanceOfStock": 733400000}, {"maxAge": 1, "endDate": "2017-03-31", "netIncome": 6290300000, "depreciation": 9648900000, "changeToNetincome": 15615300000, "changeToAccountReceivables": 7234800000, "changeToLiabilities": -2988100000, "changeToInventory": 375600000, "changeToOperatingActivities": 2307000000, "totalCashFromOperatingActivities": 38526400000, "capitalExpenditures": -3715100000, "investments": -746500000, "otherCashflowsFromInvestingActivities": -3187400000, "totalCashflowsFromInvestingActivities": -7619300000, "dividendsPaid": -3218500000, "netBorrowings": -5288700000, "otherCashflowsFromFinancingActivities": -17504400000, "totalCashFromFinancingActivities": -25949200000, "effectOfExchangeRate": -1200000, "changeInCash": 4956700000, "issuanceOfStock": 62400000}], "maxAge": 86400}, "institutionOwnership": {"ownershipList": [], "maxAge": 1}, "balanceSheetHistoryQuarterly": {"balanceSheetStatements": [{"maxAge": 1, "endDate": "2020-06-30", "totalStockholderEquity": 116456200000, "netTangibleAssets": 101499800000}, {"maxAge": 1, "endDate": "2020-03-31", "cash": 1516900000, "shortTermInvestments": 1700000, "netReceivables": 27246100000, "inventory": 6395800000, "otherCurrentAssets": 1589300000, "totalCurrentAssets": 45022000000, "longTermInvestments": 10971500000, "propertyPlantEquipment": 156084300000, "goodWill": 6398200000, "intangibleAssets": 8558200000, "otherAssets": 24084300000, "deferredLongTermAssetCharges": 1805400000, "totalAssets": 251118500000, "accountsPayable": 16028700000, "shortLongTermDebt": 15597400000, "otherCurrentLiab": 12421400000, "longTermDebt": 82807400000, "otherLiab": 6395400000, "minorityInterest": -238400000, "totalCurrentLiabilities": 45432500000, "totalLiab": 134900700000, "commonStock": 16423600000, "retainedEarnings": 66261800000, "treasuryStock": 9864900000, "capitalSurplus": 23905900000, "otherStockholderEquity": 9869500000, "totalStockholderEquity": 116456200000, "netTangibleAssets": 101499800000}, {"maxAge": 1, "endDate": "2019-12-31", "totalStockholderEquity": 117562200000, "netTangibleAssets": 102389300000}, {"maxAge": 1, "endDate": "2019-09-30", "cash": 1310800000, "shortTermInvestments": 5805500000, "netReceivables": 26126200000, "inventory": 5195100000, "otherCurrentAssets": 898300000, "totalCurrentAssets": 39335900000, "longTermInvestments": 29349700000, "propertyPlantEquipment": 161622900000, "goodWill": 6398200000, "intangibleAssets": 8774700000, "otherAssets": 10822900000, "totalAssets": 256304300000, "accountsPayable": 17372400000, "otherCurrentLiab": 35087400000, "longTermDebt": 81157000000, "otherLiab": 4136000000, "minorityInterest": -213900000, "totalCurrentLiabilities": 53663000000, "totalLiab": 138956000000, "commonStock": 16412100000, "treasuryStock": 101150100000, "otherStockholderEquity": 101150100000, "totalStockholderEquity": 117562200000, "netTangibleAssets": 102389300000}], "maxAge": 86400}, "earningsHistory": {"history": [{"maxAge": 1, "epsActual": 0.29, "epsEstimate": 0.61, "epsDifference": -0.32, "surprisePercent": -0.525, "quarter": "2017-12-31", "period": "-4q"}, {"maxAge": 1, "epsActual": -0.4, "epsEstimate": 0.3, "epsDifference": -0.7, "surprisePercent": -2.333, "quarter": "2018-03-31", "period": "-3q"}, {"maxAge": 1, "epsActual": 1.4, "epsEstimate": 1.42, "epsDifference": -0.02, "surprisePercent": -0.0139999995, "quarter": "2018-06-30", "period": "-2q"}, {"maxAge": 1, "epsActual": 1.93, "epsEstimate": 1.55, "epsDifference": 0.38, "surprisePercent": 0.245, "quarter": "2018-09-30", "period": "-1q"}], "maxAge": 86400}, "indexTrend": {"maxAge": 1, "symbol": "SP5", "peRatio": 19.7411, "pegRatio": 1.34172, "estimates": [{"period": "0q", "growth": 0.549}, {"period": "+1q", "growth": 0.431}, {"period": "0y", "growth": 0.305}, {"period": "+1y", "growth": 0.109}, {"period": "+5y", "growth": 0.120865}, {"period": "-5y"}]}, "industryTrend": {"maxAge": 1, "symbol": null, "estimates": []}, "insiderTransactions": {"transactions": [{"maxAge": 1, "shares": 23626, "value": 18392, "filerUrl": "", "transactionText": "Other at price 0.78 per share.", "filerName": "JSW Energy Employees Esop Trust", "filerRelation": "Institution- Corporation", "moneyText": "", "startDate": "2020-09-29", "ownership": "D"}, {"maxAge": 1, "shares": 20000, "value": 15494, "filerUrl": "", "transactionText": "Other at price 0.77 per share.", "filerName": "JSW Energy Employees Esop Trust", "filerRelation": "Institution- Corporation", "moneyText": "", "startDate": "2020-09-28", "ownership": "D"}, {"maxAge": 1, "shares": 82843, "value": 66887, "filerUrl": "", "transactionText": "Other at price 0.81 per share.", "filerName": "JSW Energy Employees Esop Trust", "filerRelation": "Institution- Corporation", "moneyText": "", "startDate": "2020-09-10", "ownership": "D"}, {"maxAge": 1, "shares": 211503, "filerUrl": "", "transactionText": "", "filerName": "JSW Energy Employees Esop Trust", "filerRelation": "Institution- Corporation", "moneyText": "", "startDate": "2020-06-26", "ownership": "D"}, {"maxAge": 1, "shares": 150000, "filerUrl": "", "transactionText": "", "filerName": "JSW Energy Employees Esop Trust", "filerRelation": "Institution- Corporation", "moneyText": "", "startDate": "2019-11-29", "ownership": "D"}, {"maxAge": 1, "shares": 152000, "filerUrl": "", "transactionText": "", "filerName": "JSW Energy Employees Esop Trust", "filerRelation": "Institution- Corporation", "moneyText": "", "startDate": "2019-11-26", "ownership": "D"}, {"maxAge": 1, "shares": 18030, "filerUrl": "", "transactionText": "", "filerName": "JSW Energy Employees Esop Trust", "filerRelation": "Institution- Corporation", "moneyText": "", "startDate": "2019-11-13", "ownership": "D"}, {"maxAge": 1, "shares": 160632, "filerUrl": "", "transactionText": "", "filerName": "JSW Energy Employees Esop Trust", "filerRelation": "Institution- Corporation", "moneyText": "", "startDate": "2019-11-08", "ownership": "D"}, {"maxAge": 1, "shares": 438540, "filerUrl": "", "transactionText": "", "filerName": "JSW Energy Employees Esop Trust", "filerRelation": "Institution- Corporation", "moneyText": "", "startDate": "2019-11-01", "ownership": "D"}, {"maxAge": 1, "shares": 458459, "filerUrl": "", "transactionText": "", "filerName": "JSW Energy Employees Esop Trust", "filerRelation": "UNREPORTED", "moneyText": "", "startDate": "2019-08-31", "ownership": "D"}, {"maxAge": 1, "shares": 800000, "filerUrl": "", "transactionText": "", "filerName": "Indusglobe Multiventures Pvt. Ltd.", "filerRelation": "Promoter", "moneyText": "", "startDate": "2019-08-13", "ownership": "D"}, {"maxAge": 1, "shares": 800000, "filerUrl": "", "transactionText": "", "filerName": "JSW Cement Ltd.", "filerRelation": "Promoter", "moneyText": "", "startDate": "2019-08-13", "ownership": "D"}, {"maxAge": 1, "shares": 93269, "filerUrl": "", "transactionText": "", "filerName": "JSW Energy Employees Esop Trust", "filerRelation": "Institution- Corporation", "moneyText": "", "startDate": "2019-05-30", "ownership": "D"}, {"maxAge": 1, "shares": 147621, "filerUrl": "", "transactionText": "", "filerName": "JSW Energy Employees Esop Trust", "filerRelation": "Institution- Corporation", "moneyText": "", "startDate": "2019-05-29", "ownership": "D"}, {"maxAge": 1, "shares": 51453, "filerUrl": "", "transactionText": "", "filerName": "JSW Energy Employees Esop Trust", "filerRelation": "Institution- Corporation", "moneyText": "", "startDate": "2019-05-28", "ownership": "D"}, {"maxAge": 1, "shares": 46798, "filerUrl": "", "transactionText": "", "filerName": "JSW Energy Employees Esop Trust", "filerRelation": "Institution- Corporation", "moneyText": "", "startDate": "2019-05-20", "ownership": "D"}, {"maxAge": 1, "shares": 425379, "filerUrl": "", "transactionText": "", "filerName": "JSW Energy Employees Esop Trust", "filerRelation": "Institution- Corporation", "moneyText": "", "startDate": "2019-04-22", "ownership": "D"}, {"maxAge": 1, "shares": 50000, "filerUrl": "", "transactionText": "", "filerName": "JSW Energy Employees Esop Trust", "filerRelation": "Institution- Corporation", "moneyText": "", "startDate": "2019-02-27", "ownership": "D"}, {"maxAge": 1, "shares": 50000, "filerUrl": "", "transactionText": "", "filerName": "JSW Energy Employees Esop Trust", "filerRelation": "Institution- Corporation", "moneyText": "", "startDate": "2019-02-25", "ownership": "D"}, {"maxAge": 1, "shares": 7375000, "filerUrl": "", "transactionText": "", "filerName": "Jajodia (Seema)", "filerRelation": "UNREPORTED", "moneyText": "", "startDate": "2019-02-22", "ownership": "D"}, {"maxAge": 1, "shares": 7375000, "filerUrl": "", "transactionText": "", "filerName": "Jindal (Parth)", "filerRelation": "Promoter", "moneyText": "", "startDate": "2019-02-22", "ownership": "D"}, {"maxAge": 1, "shares": 100000, "filerUrl": "", "transactionText": "", "filerName": "JSW Energy Employees Esop Trust", "filerRelation": "Institution- Corporation", "moneyText": "", "startDate": "2019-02-20", "ownership": "D"}, {"maxAge": 1, "shares": 45097, "filerUrl": "", "transactionText": "", "filerName": "JSW Energy Employees Esop Trust", "filerRelation": "Institution- Corporation", "moneyText": "", "startDate": "2019-02-19", "ownership": "D"}, {"maxAge": 1, "shares": 45948, "filerUrl": "", "transactionText": "", "filerName": "JSW Energy Employees Esop Trust", "filerRelation": "Institution- Corporation", "moneyText": "", "startDate": "2019-02-07", "ownership": "D"}, {"maxAge": 1, "shares": 148022, "filerUrl": "", "transactionText": "", "filerName": "JSW Energy Employees Esop Trust", "filerRelation": "Institution- Corporation", "moneyText": "", "startDate": "2019-02-06", "ownership": "D"}, {"maxAge": 1, "shares": 32906, "filerUrl": "", "transactionText": "", "filerName": "JSW Energy Employees Esop Trust", "filerRelation": "Institution- Corporation", "moneyText": "", "startDate": "2019-02-04", "ownership": "D"}, {"maxAge": 1, "shares": 170075, "filerUrl": "", "transactionText": "", "filerName": "JSW Energy Employees Esop Trust", "filerRelation": "Institution- Corporation", "moneyText": "", "startDate": "2019-01-21", "ownership": "D"}, {"maxAge": 1, "shares": 825, "filerUrl": "", "transactionText": "", "filerName": "JSW Energy Employees Esop Trust", "filerRelation": "Institution- Corporation", "moneyText": "", "startDate": "2019-01-18", "ownership": "D"}, {"maxAge": 1, "shares": 100000, "filerUrl": "", "transactionText": "", "filerName": "JSW Energy Employees Esop Trust", "filerRelation": "Institution- Corporation", "moneyText": "", "startDate": "2019-01-15", "ownership": "D"}, {"maxAge": 1, "shares": 109687, "filerUrl": "", "transactionText": "", "filerName": "JSW Energy Employees Esop Trust", "filerRelation": "Institution- Corporation", "moneyText": "", "startDate": "2018-11-13", "ownership": "D"}, {"maxAge": 1, "shares": 80232, "filerUrl": "", "transactionText": "", "filerName": "JSW Energy Employees Esop Trust", "filerRelation": "Institution- Corporation", "moneyText": "", "startDate": "2018-11-12", "ownership": "D"}, {"maxAge": 1, "shares": 62717, "filerUrl": "", "transactionText": "", "filerName": "JSW Energy Employees Esop Trust", "filerRelation": "Institution- Corporation", "moneyText": "", "startDate": "2018-10-05", "ownership": "D"}, {"maxAge": 1, "shares": 12900, "filerUrl": "", "transactionText": "", "filerName": "Indusglobe Multiventures Pvt. Ltd.", "filerRelation": "Promoter", "moneyText": "", "startDate": "2018-09-18", "ownership": "D"}, {"maxAge": 1, "shares": 510081, "filerUrl": "", "transactionText": "", "filerName": "JSW Energy Employees Esop Trust", "filerRelation": "Institution- Corporation", "moneyText": "", "startDate": "2018-08-23", "ownership": "D"}, {"maxAge": 1, "shares": 1456000, "filerUrl": "", "transactionText": "", "filerName": "Amba River Coke Ltd", "filerRelation": "Promoter", "moneyText": "", "startDate": "2018-06-01", "ownership": "D"}, {"maxAge": 1, "shares": 50000, "filerUrl": "", "transactionText": "", "filerName": "JSW Energy Employees Esop Trust", "filerRelation": "Institution- Corporation", "moneyText": "", "startDate": "2018-05-31", "ownership": "D"}, {"maxAge": 1, "shares": 239919, "filerUrl": "", "transactionText": "", "filerName": "JSW Energy Employees Esop Trust", "filerRelation": "Institution- Corporation", "moneyText": "", "startDate": "2018-05-08", "ownership": "D"}, {"maxAge": 1, "shares": 2500000, "filerUrl": "", "transactionText": "", "filerName": "Jain (Prashant)", "filerRelation": "Chief Executive Officer", "moneyText": "", "startDate": "2017-07-28", "ownership": "D"}, {"maxAge": 1, "shares": 40500, "filerUrl": "", "transactionText": "", "filerName": "Narmada Fintrade Pvt. Ltd.", "filerRelation": "Promoter", "moneyText": "", "startDate": "2017-06-19", "ownership": "D"}, {"maxAge": 1, "shares": 100000, "filerUrl": "", "transactionText": "", "filerName": "Jajodia (Seema)", "filerRelation": "Promoter", "moneyText": "", "startDate": "2016-12-29", "ownership": "D"}, {"maxAge": 1, "shares": 74144162, "filerUrl": "", "transactionText": "", "filerName": "Jindal (Sajjan)", "filerRelation": "Chairman of the Board", "moneyText": "", "startDate": "2016-12-24", "ownership": "D"}, {"maxAge": 1, "shares": 13083025, "filerUrl": "", "transactionText": "", "filerName": "Jindal (Sangita)", "filerRelation": "Promoter", "moneyText": "", "startDate": "2016-12-24", "ownership": "D"}, {"maxAge": 1, "shares": 39592, "filerUrl": "", "transactionText": "", "filerName": "Narmada Fintrade Pvt. Ltd.", "filerRelation": "Promoter", "moneyText": "", "startDate": "2016-11-01", "ownership": "D"}, {"maxAge": 1, "shares": 39592, "filerUrl": "", "transactionText": "", "filerName": "Narmada Fintrade Pvt. Ltd.", "filerRelation": "Promoter", "moneyText": "", "startDate": "2016-10-27", "ownership": "D"}, {"maxAge": 1, "shares": 3936640, "filerUrl": "", "transactionText": "", "filerName": "Amba River Coke Ltd", "filerRelation": "Promoter", "moneyText": "", "startDate": "2015-03-31", "ownership": "D"}, {"maxAge": 1, "shares": 28230000, "filerUrl": "", "transactionText": "", "filerName": "Jindal (Sangita)", "filerRelation": "Promoter", "moneyText": "", "startDate": "2013-05-22", "ownership": "D"}, {"maxAge": 1, "shares": 900, "filerUrl": "", "transactionText": "", "filerName": "Menon (Anita Pramod)", "filerRelation": "UNREPORTED", "moneyText": "", "startDate": "2013-05-03", "ownership": "D"}, {"maxAge": 1, "shares": 2900, "filerUrl": "", "transactionText": "", "filerName": "Menon (Pramod)", "filerRelation": "Chief Financial Officer", "moneyText": "", "startDate": "2013-05-03", "ownership": "D"}, {"maxAge": 1, "shares": 5000, "filerUrl": "", "transactionText": "", "filerName": "Sagar (Sanjay)", "filerRelation": "Chief Executive Officer", "moneyText": "", "startDate": "2012-07-21", "ownership": "D"}, {"maxAge": 1, "shares": 95000, "filerUrl": "", "transactionText": "", "filerName": "Jain (Nirmal Kumar)", "filerRelation": "Vice Chairman", "moneyText": "", "startDate": "2011-07-26", "ownership": "D"}, {"maxAge": 1, "shares": 23625000, "filerUrl": "", "transactionText": "", "filerName": "Jindal (Sangita)", "filerRelation": "Chairman of the Board", "moneyText": "", "startDate": "2011-05-25", "ownership": "D"}, {"maxAge": 1, "shares": 100000, "filerUrl": "", "transactionText": "", "filerName": "Jain (Nirmal Kumar)", "filerRelation": "Vice Chairman", "moneyText": "", "startDate": "2010-12-28", "ownership": "D"}, {"maxAge": 1, "shares": 0, "filerUrl": "", "transactionText": "", "filerName": "Madhavan (S)", "filerRelation": "Secretary", "moneyText": "", "startDate": "2010-12-28", "ownership": "I"}, {"maxAge": 1, "shares": 3000, "filerUrl": "", "transactionText": "", "filerName": "Prathipati (Abraham)", "filerRelation": "Director (Non-Executive)", "moneyText": "", "startDate": "2010-07-03", "ownership": "D"}, {"maxAge": 1, "shares": 3000, "filerUrl": "", "transactionText": "", "filerName": "Prathipati (Abraham)", "filerRelation": "Director (Non-Executive)", "moneyText": "", "startDate": "2010-07-03", "ownership": "D"}, {"maxAge": 1, "shares": 2000, "filerUrl": "", "transactionText": "", "filerName": "Madhavan (S)", "filerRelation": "Secretary", "moneyText": "", "startDate": "2010-06-30", "ownership": "D"}, {"maxAge": 1, "shares": 100000, "filerUrl": "", "transactionText": "", "filerName": "Jain (Nirmal Kumar)", "filerRelation": "Vice Chairman", "moneyText": "", "startDate": "2010-05-03", "ownership": "D"}, {"maxAge": 1, "shares": 5000, "filerUrl": "", "transactionText": "", "filerName": "Rao (Sattiraju Seshagiri)", "filerRelation": "Joint Managing director", "moneyText": "", "startDate": "2010-05-03", "ownership": "D"}, {"maxAge": 1, "shares": 400000, "filerUrl": "", "transactionText": "", "filerName": "Jindal (Sajjan)", "filerRelation": "Chairman of the Board", "moneyText": "", "startDate": "2010-01-08", "ownership": "D"}], "maxAge": 1}, "quoteType": {"exchange": "BSE", "quoteType": "EQUITY", "symbol": "JSWENERGY.BO", "underlyingSymbol": "JSWENERGY.BO", "shortName": "JSW ENERGY LTD", "longName": "JSW Energy Limited", "firstTradeDateEpochUtc": "2010-01-04 09:15:00", "timeZoneFullName": "Asia/Kolkata", "timeZoneShortName": "IST", "uuid": "842867a3-97da-3d41-b74a-d914cf842bc1", "gmtOffSetMilliseconds": 19800000, "maxAge": 1}, "incomeStatementHistory": {"incomeStatementHistory": [{"maxAge": 1, "endDate": "2020-03-31", "totalRevenue": 82727100000, "costOfRevenue": 46427400000, "grossProfit": 36299700000, "researchDevelopment": {}, "sellingGeneralAdministrative": 2704000000, "nonRecurring": {}, "otherOperatingExpenses": 3998100000, "totalOperatingExpenses": 64809800000, "operatingIncome": 17917300000, "totalOtherIncomeExpenseNet": -6775100000, "ebit": 17917300000, "interestExpense": -9820700000, "incomeBeforeTax": 11142200000, "incomeTaxExpense": 330400000, "minorityInterest": -238400000, "netIncomeFromContinuingOps": 10811800000, "discontinuedOperations": {}, "extraordinaryItems": {}, "effectOfAccountingCharges": {}, "otherItems": {}, "netIncome": 10999200000, "netIncomeApplicableToCommonShares": 10999200000}, {"maxAge": 1, "endDate": "2019-03-31", "totalRevenue": 91375900000, "costOfRevenue": 55844200000, "grossProfit": 35531700000, "researchDevelopment": {}, "sellingGeneralAdministrative": 2657600000, "nonRecurring": {}, "otherOperatingExpenses": 4324200000, "totalOperatingExpenses": 74462900000, "operatingIncome": 16913000000, "totalOtherIncomeExpenseNet": -7943700000, "ebit": 16913000000, "interestExpense": -10836500000, "incomeBeforeTax": 8969300000, "incomeTaxExpense": 2124400000, "minorityInterest": -120300000, "netIncomeFromContinuingOps": 6844900000, "discontinuedOperations": {}, "extraordinaryItems": {}, "effectOfAccountingCharges": {}, "otherItems": {}, "netIncome": 6951300000, "netIncomeApplicableToCommonShares": 6951300000}, {"maxAge": 1, "endDate": "2018-03-31", "totalRevenue": 80489600000, "costOfRevenue": 45463800000, "grossProfit": 35025800000, "researchDevelopment": {}, "sellingGeneralAdministrative": 2407500000, "nonRecurring": {}, "otherOperatingExpenses": 4626100000, "totalOperatingExpenses": 62158200000, "operatingIncome": 18331400000, "totalOtherIncomeExpenseNet": -14950000000, "ebit": 18331400000, "interestExpense": -13463200000, "incomeBeforeTax": 3381400000, "incomeTaxExpense": 2532300000, "minorityInterest": -39400000, "netIncomeFromContinuingOps": 849100000, "discontinuedOperations": {}, "extraordinaryItems": {}, "effectOfAccountingCharges": {}, "otherItems": {}, "netIncome": 779700000, "netIncomeApplicableToCommonShares": 779700000}, {"maxAge": 1, "endDate": "2017-03-31", "totalRevenue": 82634300000, "costOfRevenue": 42153000000, "grossProfit": 40481300000, "researchDevelopment": {}, "sellingGeneralAdministrative": 2243500000, "nonRecurring": {}, "otherOperatingExpenses": 4817200000, "totalOperatingExpenses": 58905200000, "operatingIncome": 23729100000, "totalOtherIncomeExpenseNet": -14813900000, "ebit": 23729100000, "interestExpense": -15603300000, "incomeBeforeTax": 8915200000, "incomeTaxExpense": 2690100000, "minorityInterest": 23700000, "netIncomeFromContinuingOps": 6225100000, "discontinuedOperations": {}, "extraordinaryItems": {}, "effectOfAccountingCharges": {}, "otherItems": {}, "netIncome": 6290300000, "netIncomeApplicableToCommonShares": 6290300000}], "maxAge": 86400}, "fundOwnership": {"ownershipList": [{"maxAge": 1, "reportDate": "2020-07-31", "organization": "Vanguard International Stock Index-Emerging Markets Stk", "pctHeld": 0.0032, "position": 5255705, "value": 241499644}, {"maxAge": 1, "reportDate": "2020-07-31", "organization": "Vanguard International Stock Index-Total Intl Stock Indx", "pctHeld": 0.0032, "position": 5189998, "value": 238480408}, {"maxAge": 1, "reportDate": "2020-07-31", "organization": "DFA Emerging Markets Core Equity Portfolio", "pctHeld": 0.0023999999, "position": 4015295, "value": 184502805}, {"maxAge": 1, "reportDate": "2020-07-31", "organization": "DFA Investment Dimensions-DFA Emerging Mkts Value", "pctHeld": 0.0022, "position": 3561448, "value": 163648535}, {"maxAge": 1, "reportDate": "2020-07-31", "organization": "iShares Core MSCI Emerging Markets ETF", "pctHeld": 0.0016, "position": 2623892, "value": 120567837}, {"maxAge": 1, "reportDate": "2020-07-31", "organization": "DFA Emerging Markets Small Cap Series", "pctHeld": 0.0014, "position": 2320203, "value": 106613327}, {"maxAge": 1, "reportDate": "2020-08-31", "organization": "iShares MSCI India Small Cap ETF", "pctHeld": 0.0004, "position": 726992, "value": 39766462}, {"maxAge": 1, "reportDate": "2020-08-31", "organization": "SPDR (R) Idx Shares-SPDR (R) Emerging Markets Small Cap ETF", "pctHeld": 0.0004, "position": 667225, "value": 36497207}, {"maxAge": 1, "reportDate": "2020-07-31", "organization": "Vanguard Intl Equity Index Fds-FTSE All World ex U.S. Index Fund", "pctHeld": 0.0004, "position": 664223, "value": 30521046}, {"maxAge": 1, "reportDate": "2020-05-31", "organization": "Schwab Strategic Tr-Schwab Emerging Markets Equity ETF", "pctHeld": 0.00029999999, "position": 421203, "value": 16848120}], "maxAge": 1}, "summaryDetail": {"maxAge": 1, "priceHint": 2, "previousClose": 109.3, "open": 109.6, "dayLow": 107.5, "dayHigh": 111.3, "regularMarketPreviousClose": 109.3, "regularMarketOpen": 109.6, "regularMarketDayLow": 107.5, "regularMarketDayHigh": 111.3, "trailingPE": 16.835636, "forwardPE": 14.731182, "volume": 1572514, "regularMarketVolume": 1572514, "averageVolume": 431921, "averageVolume10days": 226263, "averageDailyVolume10Day": 226263, "bid": 109.6, "ask": 0.0, "bidSize": 0, "askSize": 0, "marketCap": 180624080896, "fiftyTwoWeekLow": 34.75, "fiftyTwoWeekHigh": 111.3, "fiftyDayAverage": 70.32424, "twoHundredDayAverage": 60.73566, "trailingAnnualDividendRate": 1.0, "trailingAnnualDividendYield": 0.00914913, "currency": "INR", "fromCurrency": null, "lastMarket": null, "algorithm": null, "tradeable": false}, "sectorTrend": {"maxAge": 1, "symbol": null, "estimates": []}, "incomeStatementHistoryQuarterly": {"incomeStatementHistory": [{"maxAge": 1, "endDate": "2020-06-30", "totalRevenue": 18051500000, "costOfRevenue": 9154900000, "grossProfit": 8896600000, "researchDevelopment": {}, "sellingGeneralAdministrative": 593700000, "nonRecurring": {}, "otherOperatingExpenses": 847700000, "totalOperatingExpenses": 13491400000, "operatingIncome": 4560100000, "totalOtherIncomeExpenseNet": -1577300000, "ebit": 4560100000, "interestExpense": -2403800000, "incomeBeforeTax": 2982800000, "incomeTaxExpense": 787200000, "minorityInterest": {}, "netIncomeFromContinuingOps": 2195600000, "discontinuedOperations": {}, "extraordinaryItems": {}, "effectOfAccountingCharges": {}, "otherItems": {}, "netIncome": 2132300000, "netIncomeApplicableToCommonShares": 2132300000}, {"maxAge": 1, "endDate": "2020-03-31", "totalRevenue": 17934100000, "costOfRevenue": 11494800000, "grossProfit": 6439300000, "researchDevelopment": {}, "sellingGeneralAdministrative": 865500000, "nonRecurring": {}, "otherOperatingExpenses": -203400000, "totalOperatingExpenses": 15049900000, "operatingIncome": 2884200000, "totalOtherIncomeExpenseNet": -1959200000, "ebit": 2884200000, "interestExpense": -1790100000, "incomeBeforeTax": 925000000, "incomeTaxExpense": 26000000, "minorityInterest": -238400000, "netIncomeFromContinuingOps": 899000000, "discontinuedOperations": {}, "extraordinaryItems": {}, "effectOfAccountingCharges": {}, "otherItems": {}, "netIncome": 1084400000, "netIncomeApplicableToCommonShares": 1084400000}, {"maxAge": 1, "endDate": "2019-12-31", "totalRevenue": 19485800000, "costOfRevenue": 11317100000, "grossProfit": 8168700000, "researchDevelopment": {}, "sellingGeneralAdministrative": 607200000, "nonRecurring": {}, "otherOperatingExpenses": 1181600000, "totalOperatingExpenses": 16037700000, "operatingIncome": 3448100000, "totalOtherIncomeExpenseNet": -1321600000, "ebit": 3448100000, "interestExpense": -2610900000, "incomeBeforeTax": 2126500000, "incomeTaxExpense": -1916600000, "minorityInterest": -238400000, "netIncomeFromContinuingOps": 4043100000, "discontinuedOperations": {}, "extraordinaryItems": {}, "effectOfAccountingCharges": {}, "otherItems": {}, "netIncome": 3941200000, "netIncomeApplicableToCommonShares": 3941200000}, {"maxAge": 1, "endDate": "2019-09-30", "totalRevenue": 21185500000, "costOfRevenue": 9912700000, "grossProfit": 11272800000, "researchDevelopment": {}, "sellingGeneralAdministrative": 609900000, "nonRecurring": {}, "otherOperatingExpenses": 1314900000, "totalOperatingExpenses": 14780500000, "operatingIncome": 6405000000, "totalOtherIncomeExpenseNet": -1570100000, "ebit": 6405000000, "interestExpense": -2721700000, "incomeBeforeTax": 4834900000, "incomeTaxExpense": 1337900000, "minorityInterest": -213900000, "netIncomeFromContinuingOps": 3497000000, "discontinuedOperations": {}, "extraordinaryItems": {}, "effectOfAccountingCharges": {}, "otherItems": {}, "netIncome": 3529800000, "netIncomeApplicableToCommonShares": 3529800000}], "maxAge": 86400}, "cashflowStatementHistoryQuarterly": {"cashflowStatements": [{"maxAge": 1, "endDate": "2020-06-30", "netIncome": 2132300000, "changeToLiabilities": 0}, {"maxAge": 1, "endDate": "2020-03-31", "netIncome": 1084400000, "changeToLiabilities": 0}, {"maxAge": 1, "endDate": "2019-12-31", "netIncome": 3941200000, "changeToLiabilities": 0}, {"maxAge": 1, "endDate": "2019-09-30", "netIncome": 3529800000, "changeToLiabilities": 0}], "maxAge": 86400}, "insiderHolders": {"holders": [{"maxAge": 1, "name": "Amba River Coke Ltd", "relation": "Promoter", "url": "", "transactionDescription": "Other", "latestTransDate": "2018-06-01", "positionDirect": 7210640, "positionDirectDate": "2018-06-01"}, {"maxAge": 1, "name": "Indusglobe Multiventures Pvt. Ltd.", "relation": "Promoter", "url": "", "transactionDescription": "Sale", "latestTransDate": "2019-08-13", "positionDirect": 255986044, "positionDirectDate": "2019-08-13"}, {"maxAge": 1, "name": "JSW Cement Ltd.", "relation": "Promoter", "url": "", "transactionDescription": "Acquisition", "latestTransDate": "2019-08-13", "positionDirect": 2629610, "positionDirectDate": "2019-08-13"}, {"maxAge": 1, "name": "JSW Energy Employees Esop Trust", "relation": "Institution- Corporation", "url": "", "transactionDescription": "Other", "latestTransDate": "2020-09-29", "positionDirect": 757684, "positionDirectDate": "2020-09-29"}, {"maxAge": 1, "name": "Jain (Prashant)", "relation": "Chief Executive Officer", "url": "", "transactionDescription": "Acquisition", "latestTransDate": "2017-07-28", "positionDirect": 2500000, "positionDirectDate": "2017-07-28"}, {"maxAge": 1, "name": "Jajodia (Seema)", "relation": "UNREPORTED", "url": "", "transactionDescription": "Gift", "latestTransDate": "2019-02-22", "positionDirect": 7375000, "positionDirectDate": "2019-02-22"}, {"maxAge": 1, "name": "Jindal (Parth)", "relation": "Promoter", "url": "", "transactionDescription": "Gift", "latestTransDate": "2019-02-22", "positionDirect": 17627225, "positionDirectDate": "2019-02-22"}, {"maxAge": 1, "name": "Jindal (Sajjan)", "relation": "Chairman of the Board", "url": "", "transactionDescription": "Sale", "latestTransDate": "2016-12-24", "positionDirect": 100, "positionDirectDate": "2016-12-24"}, {"maxAge": 1, "name": "Jindal (Sangita)", "relation": "Promoter", "url": "", "transactionDescription": "Sale", "latestTransDate": "2016-12-24", "positionDirect": 100, "positionDirectDate": "2016-12-24"}, {"maxAge": 1, "name": "Narmada Fintrade Pvt. Ltd.", "relation": "Promoter", "url": "", "transactionDescription": "Sale", "latestTransDate": "2017-06-19", "positionDirect": 0, "positionDirectDate": "2017-06-19"}], "maxAge": 1}, "earnings": {"maxAge": 86400, "earningsChart": {"quarterly": [{"date": "4Q2017", "actual": 0.29, "estimate": 0.61}, {"date": "1Q2018", "actual": -0.4, "estimate": 0.3}, {"date": "2Q2018", "actual": 1.4, "estimate": 1.42}, {"date": "3Q2018", "actual": 1.93, "estimate": 1.55}], "currentQuarterEstimateDate": "4Q", "currentQuarterEstimateYear": 2018, "earningsDate": []}, "financialsChart": {"yearly": [{"date": 2017, "revenue": 82634300000, "earnings": 6290300000}, {"date": 2018, "revenue": 80489600000, "earnings": 779700000}, {"date": 2019, "revenue": 91375900000, "earnings": 6951300000}, {"date": 2020, "revenue": 82727100000, "earnings": 10999200000}], "quarterly": [{"date": "3Q2019", "revenue": 21185500000, "earnings": 3529800000}, {"date": "4Q2019", "revenue": 19485800000, "earnings": 3941200000}, {"date": "1Q2020", "revenue": 17934100000, "earnings": 1084400000}, {"date": "2Q2020", "revenue": 18051500000, "earnings": 2132300000}]}, "financialCurrency": "INR"}, "calendarEvents": {"maxAge": 1, "earnings": {"earningsDate": [], "revenueAverage": 21090900000, "revenueLow": 19677400000, "revenueHigh": 21904200000}}, "upgradeDowngradeHistory": {"history": [], "maxAge": 86400}, "price": {"maxAge": 1, "regularMarketChangePercent": 0.0027446973, "regularMarketChange": 0.29999542, "regularMarketTime": "2021-04-30 15:46:57", "priceHint": 2, "regularMarketPrice": 109.6, "regularMarketDayHigh": 111.3, "regularMarketDayLow": 107.5, "regularMarketVolume": 1572514, "averageDailyVolume10Day": 226263, "averageDailyVolume3Month": 431921, "regularMarketPreviousClose": 109.3, "regularMarketSource": "FREE_REALTIME", "regularMarketOpen": 109.6, "exchange": "BSE", "exchangeName": "BSE", "exchangeDataDelayedBy": 0, "marketState": "CLOSED", "quoteType": "EQUITY", "symbol": "JSWENERGY.BO", "underlyingSymbol": null, "shortName": "JSW ENERGY LTD", "longName": "JSW Energy Limited", "currency": "INR", "quoteSourceName": "Delayed Quote", "currencySymbol": "\u20b9", "fromCurrency": null, "lastMarket": null, "marketCap": 180624080896}, "balanceSheetHistory": {"balanceSheetStatements": [{"maxAge": 1, "endDate": "2020-03-31", "cash": 1516900000, "shortTermInvestments": 1700000, "netReceivables": 27246100000, "inventory": 6395800000, "otherCurrentAssets": 1589300000, "totalCurrentAssets": 45022000000, "longTermInvestments": 10971500000, "propertyPlantEquipment": 156084300000, "goodWill": 6398200000, "intangibleAssets": 8558200000, "otherAssets": 24084300000, "deferredLongTermAssetCharges": 1805400000, "totalAssets": 251118500000, "accountsPayable": 16028700000, "shortLongTermDebt": 15597400000, "otherCurrentLiab": 12421400000, "longTermDebt": 82807400000, "otherLiab": 6395400000, "minorityInterest": -238400000, "totalCurrentLiabilities": 45432500000, "totalLiab": 134900700000, "commonStock": 16423600000, "retainedEarnings": 66261800000, "treasuryStock": 9864900000, "capitalSurplus": 23905900000, "otherStockholderEquity": 9869500000, "totalStockholderEquity": 116456200000, "netTangibleAssets": 101499800000}, {"maxAge": 1, "endDate": "2019-03-31", "cash": 1321600000, "shortTermInvestments": 301200000, "netReceivables": 19927500000, "inventory": 4547300000, "otherCurrentAssets": 1286700000, "totalCurrentAssets": 31082100000, "longTermInvestments": 20974000000, "propertyPlantEquipment": 166899300000, "goodWill": 6398200000, "intangibleAssets": 8947600000, "otherAssets": 24959600000, "totalAssets": 259260800000, "accountsPayable": 18395200000, "shortLongTermDebt": 13148900000, "otherCurrentLiab": 10760100000, "longTermDebt": 92403500000, "otherLiab": 5139600000, "minorityInterest": -120300000, "totalCurrentLiabilities": 43615600000, "totalLiab": 141158700000, "commonStock": 16410400000, "retainedEarnings": 56669700000, "treasuryStock": 21292700000, "capitalSurplus": 23849600000, "otherStockholderEquity": 21294400000, "totalStockholderEquity": 118222400000, "netTangibleAssets": 102876600000}, {"maxAge": 1, "endDate": "2018-03-31", "cash": 2242700000, "shortTermInvestments": 553500000, "netReceivables": 13882000000, "inventory": 5355400000, "otherCurrentAssets": 1163300000, "totalCurrentAssets": 27105200000, "longTermInvestments": 21255000000, "propertyPlantEquipment": 175905100000, "goodWill": 6398200000, "intangibleAssets": 9405900000, "otherAssets": 27139900000, "totalAssets": 267209300000, "accountsPayable": 23271300000, "shortLongTermDebt": 10557900000, "otherCurrentLiab": 7805700000, "longTermDebt": 108210000000, "otherLiab": 5346800000, "minorityInterest": -39400000, "totalCurrentLiabilities": 42594900000, "totalLiab": 156151700000, "commonStock": 16400500000, "retainedEarnings": 49889400000, "treasuryStock": 20999100000, "capitalSurplus": 23808000000, "otherStockholderEquity": 20999100000, "totalStockholderEquity": 111097000000, "netTangibleAssets": 95292900000}, {"maxAge": 1, "endDate": "2017-03-31", "cash": 5907100000, "shortTermInvestments": 1667600000, "netReceivables": 23200400000, "inventory": 5929000000, "otherCurrentAssets": 1269900000, "totalCurrentAssets": 40753600000, "longTermInvestments": 14087800000, "propertyPlantEquipment": 184072400000, "goodWill": 6448600000, "intangibleAssets": 9692300000, "otherAssets": 28838700000, "totalAssets": 283893400000, "accountsPayable": 21187200000, "shortLongTermDebt": 12146800000, "otherCurrentLiab": 10651400000, "longTermDebt": 131259200000, "otherLiab": 4299600000, "minorityInterest": 23700000, "totalCurrentLiabilities": 44626300000, "totalLiab": 180185100000, "commonStock": 16400500000, "retainedEarnings": 48223000000, "treasuryStock": 15144600000, "capitalSurplus": 23916500000, "otherStockholderEquity": 15265600000, "totalStockholderEquity": 103684600000, "netTangibleAssets": 87543700000}], "maxAge": 86400}, "earningsTrend": {"trend": [{"maxAge": 1, "period": "0q", "endDate": "2018-12-31", "growth": {}, "earningsEstimate": {"avg": 0.0, "low": 0.0, "high": 0.0, "yearAgoEps": 0.29, "numberOfAnalysts": 0, "growth": {}}, "revenueEstimate": {"avg": 21090900000, "low": 19677400000, "high": 21904200000, "numberOfAnalysts": 3, "yearAgoRevenue": 19932000000, "growth": 0.058000002}, "epsTrend": {"current": 0.0, "7daysAgo": 0.87, "30daysAgo": 0.87, "60daysAgo": 0.87, "90daysAgo": 0.87}, "epsRevisions": {"upLast7days": 0, "upLast30days": 0, "downLast30days": 0, "downLast90days": {}}}, {"maxAge": 1, "period": "+1q", "endDate": "2019-03-31", "growth": {}, "earningsEstimate": {"avg": 0.0, "low": 0.0, "high": 0.0, "yearAgoEps": -0.4, "numberOfAnalysts": 0, "growth": {}}, "revenueEstimate": {"avg": 22260000000, "low": 20094000000, "high": 25166600000, "numberOfAnalysts": 3, "yearAgoRevenue": 17750800000, "growth": 0.254}, "epsTrend": {"current": 0.0, "7daysAgo": 1.28, "30daysAgo": 1.28, "60daysAgo": 1.28, "90daysAgo": 1.28}, "epsRevisions": {"upLast7days": 0, "upLast30days": 0, "downLast30days": 0, "downLast90days": {}}}, {"maxAge": 1, "period": "0y", "endDate": "2019-03-31", "growth": {}, "earningsEstimate": {"avg": 0.0, "low": 0.0, "high": 0.0, "yearAgoEps": {}, "numberOfAnalysts": 0, "growth": {}}, "revenueEstimate": {"avg": 92084200000, "low": 82457000000, "high": 106106000000, "numberOfAnalysts": 17, "yearAgoRevenue": 80489600000, "growth": 0.144}, "epsTrend": {"current": 0.0, "7daysAgo": 4.82, "30daysAgo": 4.82, "60daysAgo": 4.82, "90daysAgo": 4.82}, "epsRevisions": {"upLast7days": 0, "upLast30days": 1, "downLast30days": 0, "downLast90days": {}}}, {"maxAge": 1, "period": "+1y", "endDate": "2020-03-31", "growth": {}, "earningsEstimate": {"avg": 0.0, "low": 0.0, "high": 0.0, "yearAgoEps": {}, "numberOfAnalysts": 0, "growth": {}}, "revenueEstimate": {"avg": 94131300000, "low": 85190100000, "high": 103907000000, "numberOfAnalysts": 16, "yearAgoRevenue": 92084200000, "growth": 0.022}, "epsTrend": {"current": 0.0, "7daysAgo": 5.86, "30daysAgo": 5.86, "60daysAgo": 5.86, "90daysAgo": 5.86}, "epsRevisions": {"upLast7days": 0, "upLast30days": 1, "downLast30days": 0, "downLast90days": {}}}, {"maxAge": 1, "period": "+5y", "endDate": null, "growth": 0.438, "earningsEstimate": {"avg": {}, "low": {}, "high": {}, "yearAgoEps": {}, "numberOfAnalysts": {}, "growth": {}}, "revenueEstimate": {"avg": {}, "low": {}, "high": {}, "numberOfAnalysts": {}, "yearAgoRevenue": {}, "growth": {}}, "epsTrend": {"current": {}, "7daysAgo": {}, "30daysAgo": {}, "60daysAgo": {}, "90daysAgo": {}}, "epsRevisions": {"upLast7days": {}, "upLast30days": {}, "downLast30days": {}, "downLast90days": {}}}, {"maxAge": 1, "period": "-5y", "endDate": null, "growth": {}, "earningsEstimate": {"avg": {}, "low": {}, "high": {}, "yearAgoEps": {}, "numberOfAnalysts": {}, "growth": {}}, "revenueEstimate": {"avg": {}, "low": {}, "high": {}, "numberOfAnalysts": {}, "yearAgoRevenue": {}, "growth": {}}, "epsTrend": {"current": {}, "7daysAgo": {}, "30daysAgo": {}, "60daysAgo": {}, "90daysAgo": {}}, "epsRevisions": {"upLast7days": {}, "upLast30days": {}, "downLast30days": {}, "downLast90days": {}}}], "maxAge": 1}, "financialData": {"maxAge": 86400, "currentPrice": 109.6, "targetHighPrice": 95.0, "targetLowPrice": 53.0, "targetMeanPrice": 69.9, "targetMedianPrice": 70.0, "recommendationKey": "none", "numberOfAnalystOpinions": 20, "grossProfits": 36299700000, "financialCurrency": "INR"}}}