{"JSWHL.NS": {"assetProfile": {"address1": "JSW Centre", "address2": "Bandra Kurla Complex Bandra (East)", "city": "Mumbai", "zip": "400051", "country": "India", "phone": "91 22 4286 1000", "fax": "91 22 4286 3000", "website": "http://www.jsw.in/investors/holdings", "industry": "Conglomerates", "sector": "Industrials", "longBusinessSummary": "JSW Holdings Limited, a non-banking financial company, engages in investing and financing activities. The company was formerly known as Jindal South West Holdings Limited and changed its name to JSW Holdings Limited in 2013. JSW Holdings Limited was incorporated in 2001 and is based in Mumbai, India.", "fullTimeEmployees": 2, "companyOfficers": [{"maxAge": 1, "name": "Mr. Kantilal Narandas Patel", "age": 69, "title": "Joint MD, CEO, CFO & Exec. Director", "yearBorn": 1951, "fiscalYear": 2020, "totalPay": 22603000, "exercisedValue": 0, "unexercisedValue": 0}, {"maxAge": 1, "name": "Mr. Sanjay  Gupta", "age": 33, "title": "Company Sec. & Compliance Officer", "yearBorn": 1987, "exercisedValue": 0, "unexercisedValue": 0}], "compensationAsOfEpochDate": "2020-12-31 05:30:00", "maxAge": 86400}, "recommendationTrend": {"trend": [{"period": "0m", "strongBuy": 0, "buy": 0, "hold": 0, "sell": 0, "strongSell": 0}, {"period": "-1m", "strongBuy": 0, "buy": 1, "hold": 0, "sell": 0, "strongSell": 0}, {"period": "-2m", "strongBuy": 0, "buy": 1, "hold": 0, "sell": 0, "strongSell": 0}, {"period": "-3m", "strongBuy": 0, "buy": 1, "hold": 0, "sell": 0, "strongSell": 0}], "maxAge": 86400}, "cashflowStatementHistory": {"cashflowStatements": [{"maxAge": 1, "endDate": "2020-03-31", "netIncome": 1064382000, "depreciation": 253000, "changeToNetincome": -125669000, "changeToAccountReceivables": 11889000, "changeToLiabilities": 668000, "changeToOperatingActivities": 83366000, "totalCashFromOperatingActivities": 1034889000, "investments": -584029000, "totalCashflowsFromInvestingActivities": -1075529000, "changeInCash": -40640000}, {"maxAge": 1, "endDate": "2019-03-31", "netIncome": 1000258000, "depreciation": 381000, "changeToNetincome": -200510000, "changeToAccountReceivables": 14808000, "changeToLiabilities": 547000, "changeToOperatingActivities": 73452000, "totalCashFromOperatingActivities": 888936000, "investments": -556100000, "totalCashflowsFromInvestingActivities": -868789000, "changeInCash": 20147000}, {"maxAge": 1, "endDate": "2018-03-31", "netIncome": 695547000, "depreciation": 300000, "changeToNetincome": -15034000, "changeToAccountReceivables": -14664000, "changeToLiabilities": 0, "changeToOperatingActivities": -4532000, "totalCashFromOperatingActivities": 661617000, "capitalExpenditures": -1389000, "investments": -398058000, "totalCashflowsFromInvestingActivities": -582335000, "changeInCash": 79282000}, {"maxAge": 1, "endDate": "2017-03-31", "netIncome": 482082000, "depreciation": 154000, "changeToNetincome": -139865000, "changeToAccountReceivables": -20901000, "changeToLiabilities": 0, "changeToOperatingActivities": -5246000, "totalCashFromOperatingActivities": 316224000, "capitalExpenditures": -25000, "investments": 391604000, "totalCashflowsFromInvestingActivities": -429271000, "changeInCash": -113047000}], "maxAge": 86400}, "indexTrend": {"maxAge": 1, "symbol": "SP5", "peRatio": 19.7411, "pegRatio": 1.34172, "estimates": [{"period": "0q", "growth": 0.549}, {"period": "+1q", "growth": 0.431}, {"period": "0y", "growth": 0.305}, {"period": "+1y", "growth": 0.109}, {"period": "+5y", "growth": 0.120865}, {"period": "-5y"}]}, "defaultKeyStatistics": {"maxAge": 1, "priceHint": 2, "enterpriseValue": 44555214848, "profitMargins": 0.82263, "floatShares": 4133567, "sharesOutstanding": 11068300, "heldPercentInsiders": 0.80237997, "heldPercentInstitutions": 0.11011, "beta": 1.050251, "impliedSharesOutstanding": 11099600, "category": null, "bookValue": 7251.986, "priceToBook": 0.5556064, "fundFamily": null, "legalType": null, "lastFiscalYearEnd": "2020-03-31 05:30:00", "nextFiscalYearEnd": "2022-03-31 05:30:00", "mostRecentQuarter": "2020-12-31 05:30:00", "earningsQuarterlyGrowth": 0.426, "netIncomeToCommon": 737176000, "trailingEps": 66.604, "lastSplitFactor": null, "enterpriseToRevenue": 49.72, "enterpriseToEbitda": 52.535, "52WeekChange": 1.4989147, "SandP52WeekChange": 0.48148263}, "industryTrend": {"maxAge": 1, "symbol": null, "estimates": []}, "quoteType": {"exchange": "NSI", "quoteType": "EQUITY", "symbol": "JSWHL.NS", "underlyingSymbol": "JSWHL.NS", "shortName": "JSW HOLDINGS LIMIT", "longName": "JSW Holdings Limited", "firstTradeDateEpochUtc": "2005-06-21 09:15:00", "timeZoneFullName": "Asia/Kolkata", "timeZoneShortName": "IST", "uuid": "781b3617-d56f-307d-ad6b-40b292b4e067", "messageBoardId": "finmb_22770029", "gmtOffSetMilliseconds": 19800000, "maxAge": 1}, "incomeStatementHistory": {"incomeStatementHistory": [{"maxAge": 1, "endDate": "2020-03-31", "totalRevenue": 1210145000, "costOfRevenue": 0, "grossProfit": 1210145000, "researchDevelopment": {}, "sellingGeneralAdministrative": 45260000, "nonRecurring": {}, "otherOperatingExpenses": 10073000, "totalOperatingExpenses": 55586000, "operatingIncome": 1154559000, "totalOtherIncomeExpenseNet": 23733000, "ebit": 1154559000, "interestExpense": {}, "incomeBeforeTax": 1178292000, "incomeTaxExpense": 113910000, "minorityInterest": {}, "netIncomeFromContinuingOps": 1064382000, "discontinuedOperations": {}, "extraordinaryItems": {}, "effectOfAccountingCharges": {}, "otherItems": {}, "netIncome": 1064382000, "netIncomeApplicableToCommonShares": 1064382000}, {"maxAge": 1, "endDate": "2019-03-31", "totalRevenue": 1073084000, "costOfRevenue": 0, "grossProfit": 1073084000, "researchDevelopment": {}, "sellingGeneralAdministrative": 45380000, "nonRecurring": {}, "otherOperatingExpenses": 8386000, "totalOperatingExpenses": 54147000, "operatingIncome": 1018937000, "totalOtherIncomeExpenseNet": 122321000, "ebit": 1018937000, "interestExpense": {}, "incomeBeforeTax": 1141258000, "incomeTaxExpense": 141000000, "minorityInterest": {}, "netIncomeFromContinuingOps": 1000258000, "discontinuedOperations": {}, "extraordinaryItems": {}, "effectOfAccountingCharges": {}, "otherItems": {}, "netIncome": 1000258000, "netIncomeApplicableToCommonShares": 1000258000}, {"maxAge": 1, "endDate": "2018-03-31", "totalRevenue": 886511000, "costOfRevenue": 0, "grossProfit": 886511000, "researchDevelopment": {}, "sellingGeneralAdministrative": 41147000, "nonRecurring": {}, "otherOperatingExpenses": 6812000, "totalOperatingExpenses": 48259000, "operatingIncome": 838252000, "totalOtherIncomeExpenseNet": 18360000, "ebit": 838252000, "interestExpense": {}, "incomeBeforeTax": 856612000, "incomeTaxExpense": 161065000, "minorityInterest": {}, "netIncomeFromContinuingOps": 695547000, "discontinuedOperations": {}, "extraordinaryItems": {}, "effectOfAccountingCharges": {}, "otherItems": {}, "netIncome": 695547000, "netIncomeApplicableToCommonShares": 695547000}, {"maxAge": 1, "endDate": "2017-03-31", "totalRevenue": 633516000, "costOfRevenue": 0, "grossProfit": 633516000, "researchDevelopment": {}, "sellingGeneralAdministrative": 31874000, "nonRecurring": {}, "otherOperatingExpenses": 7654000, "totalOperatingExpenses": 39682000, "operatingIncome": 593834000, "totalOtherIncomeExpenseNet": 8248000, "ebit": 593834000, "interestExpense": {}, "incomeBeforeTax": 602082000, "incomeTaxExpense": 120000000, "minorityInterest": {}, "netIncomeFromContinuingOps": 482082000, "discontinuedOperations": {}, "extraordinaryItems": {}, "effectOfAccountingCharges": {}, "otherItems": {}, "netIncome": 482082000, "netIncomeApplicableToCommonShares": 482082000}], "maxAge": 86400}, "fundOwnership": {"maxAge": 1, "ownershipList": []}, "summaryDetail": {"maxAge": 1, "priceHint": 2, "previousClose": 4033.65, "open": 4025.6, "dayLow": 3999.05, "dayHigh": 4087.65, "regularMarketPreviousClose": 4033.65, "regularMarketOpen": 4025.6, "regularMarketDayLow": 3999.05, "regularMarketDayHigh": 4087.65, "payoutRatio": 0.0, "beta": 1.050251, "trailingPE": 60.49562, "volume": 452, "regularMarketVolume": 452, "averageVolume": 5293, "averageVolume10days": 7610, "averageDailyVolume10Day": 7610, "bid": 0.0, "ask": 0.0, "bidSize": 0, "askSize": 0, "marketCap": 44689219584, "fiftyTwoWeekLow": 1505.0, "fiftyTwoWeekHigh": 4303.0, "priceToSalesTrailing12Months": 49.869457, "fiftyDayAverage": 3792.903, "twoHundredDayAverage": 3492.4397, "currency": "INR", "fromCurrency": null, "toCurrency": null, "lastMarket": null, "algorithm": null, "tradeable": false}, "insiderHolders": {"holders": [{"maxAge": 1, "name": "Doshi (Hetal Sanjeev)", "relation": "UNREPORTED", "url": "", "transactionDescription": "Sale", "latestTransDate": "2020-12-31", "positionDirect": 0, "positionDirectDate": "2020-12-31"}, {"maxAge": 1, "name": "Glebe Trading Pvt. Ltd.", "relation": "Institution- Corporation", "url": "", "transactionDescription": "Other", "latestTransDate": "2021-02-10", "positionDirect": 0, "positionDirectDate": "2021-02-10"}, {"maxAge": 1, "name": "Jindal (Parth)", "relation": "Promoter", "url": "", "transactionDescription": "Sale", "latestTransDate": "2016-12-24", "positionDirect": 100, "positionDirectDate": "2016-12-24"}, {"maxAge": 1, "name": "Jindal (Sajjan)", "relation": "Non Executive Chairman", "url": "", "transactionDescription": "Sale", "latestTransDate": "2016-12-24", "positionDirect": 100, "positionDirectDate": "2016-12-24"}, {"maxAge": 1, "name": "Jsw Holdings Employees Welfare Trust", "relation": "Institution- Corporation", "url": "", "transactionDescription": "Acquisition", "latestTransDate": "2018-05-17", "positionDirect": 31338, "positionDirectDate": "2018-05-17"}, {"maxAge": 1, "name": "Sajjan Jindal Family Trust", "relation": "Institution- Corporation", "url": "", "transactionDescription": "Acquisition", "latestTransDate": "2017-04-06", "positionDirect": 10, "positionDirectDate": "2017-04-06"}, {"maxAge": 1, "name": "Shote (Tanvi)", "relation": "Promoter", "url": "", "transactionDescription": "Sale", "latestTransDate": "2016-12-24", "positionDirect": 100, "positionDirectDate": "2016-12-24"}, {"maxAge": 1, "name": "Siddeshwari Tradex Pvt Ltd", "relation": "Institution- Corporation", "url": "", "transactionDescription": "Other", "latestTransDate": "2021-02-10", "positionDirect": 1258183, "positionDirectDate": "2021-02-10"}, {"maxAge": 1, "name": "Strata Multiventure Pvt. Ltd.", "relation": "Institution- Corporation", "url": "", "transactionDescription": "Purchase", "latestTransDate": "2017-03-25", "positionDirect": 1645148, "positionDirectDate": "2017-03-25"}, {"maxAge": 1, "name": "Vinamra Consultancy Pvt. Ltd.", "relation": "Promoter", "url": "", "transactionDescription": "Sale", "latestTransDate": "2016-12-30", "positionDirect": 1056249, "positionDirectDate": "2016-12-30"}], "maxAge": 1}, "calendarEvents": {"maxAge": 1, "earnings": {"earningsDate": []}}, "price": {"maxAge": 1, "regularMarketChangePercent": -0.0010907992, "regularMarketChange": -4.3999023, "regularMarketTime": "2021-04-30 15:29:18", "priceHint": 2, "regularMarketPrice": 4029.25, "regularMarketDayHigh": 4087.65, "regularMarketDayLow": 3999.05, "regularMarketVolume": 452, "averageDailyVolume10Day": 7610, "averageDailyVolume3Month": 5293, "regularMarketPreviousClose": 4033.65, "regularMarketSource": "FREE_REALTIME", "regularMarketOpen": 4025.6, "exchange": "NSI", "exchangeName": "NSE", "exchangeDataDelayedBy": 15, "marketState": "CLOSED", "quoteType": "EQUITY", "symbol": "JSWHL.NS", "underlyingSymbol": null, "shortName": "JSW HOLDINGS LIMIT", "longName": "JSW Holdings Limited", "currency": "INR", "quoteSourceName": "Delayed Quote", "currencySymbol": "\u20b9", "fromCurrency": null, "toCurrency": null, "lastMarket": null, "marketCap": 44689219584}, "balanceSheetHistory": {"balanceSheetStatements": [{"maxAge": 1, "endDate": "2020-03-31", "cash": 59360000, "netReceivables": 4242552000, "otherCurrentAssets": 24950000, "totalCurrentAssets": 75481625000, "longTermInvestments": 1636790000, "propertyPlantEquipment": 556000, "otherAssets": 200000, "totalAssets": 77119171000, "accountsPayable": 1815000, "otherCurrentLiab": 7404000, "otherLiab": 5979683000, "totalCurrentLiabilities": 17261000, "totalLiab": 5996944000, "commonStock": 110683000, "retainedEarnings": 10815670000, "treasuryStock": 60195874000, "otherStockholderEquity": 60195874000, "totalStockholderEquity": 71122227000, "netTangibleAssets": 71122227000}, {"maxAge": 1, "endDate": "2019-03-31", "cash": 100000000, "netReceivables": 3751352000, "otherCurrentAssets": 15009000, "totalCurrentAssets": 87823540000, "longTermInvestments": 2229789000, "propertyPlantEquipment": 809000, "otherAssets": 200000, "totalAssets": 90054338000, "accountsPayable": 1142000, "otherLiab": 7173023000, "totalCurrentLiabilities": 5606000, "totalLiab": 7178629000, "commonStock": 110683000, "retainedEarnings": 10135539000, "treasuryStock": 72629487000, "otherStockholderEquity": 72629487000, "totalStockholderEquity": 82875709000, "netTangibleAssets": 82875709000}, {"maxAge": 1, "endDate": "2018-03-31", "cash": 1853000, "shortTermInvestments": 78000000, "netReceivables": 3461355000, "otherCurrentAssets": 14245000, "totalCurrentAssets": 89978819000, "propertyPlantEquipment": 1373000, "otherAssets": 51000, "totalAssets": 89980243000, "accountsPayable": 595000, "otherLiab": 7432965000, "totalCurrentLiabilities": 595000, "totalLiab": 7433560000, "commonStock": 110773000, "retainedEarnings": 9152784000, "treasuryStock": 73283126000, "otherStockholderEquity": 73283126000, "totalStockholderEquity": 82546683000, "netTangibleAssets": 82546683000}, {"maxAge": 1, "endDate": "2017-03-31", "cash": 533000, "netReceivables": 140618000, "totalCurrentAssets": 141151000, "longTermInvestments": 5297733000, "propertyPlantEquipment": 284000, "otherAssets": 3164042000, "totalAssets": 8603210000, "otherCurrentLiab": 698000, "otherLiab": 8784000, "totalCurrentLiabilities": 11528000, "totalLiab": 20312000, "commonStock": 110996000, "retainedEarnings": 8469532000, "treasuryStock": 2370000, "otherStockholderEquity": 2370000, "totalStockholderEquity": 8582898000, "netTangibleAssets": 8582898000}], "maxAge": 86400}, "earningsTrend": {"trend": [{"maxAge": 1, "period": "0q", "endDate": null, "growth": {}, "earningsEstimate": {"avg": 0.0, "low": 0.0, "high": 0.0, "yearAgoEps": {}, "numberOfAnalysts": 0, "growth": {}}, "revenueEstimate": {"avg": 0, "low": 0, "high": 0, "numberOfAnalysts": 0, "yearAgoRevenue": {}, "growth": {}}, "epsTrend": {"current": 0.0, "7daysAgo": 0.0, "30daysAgo": 0.0, "60daysAgo": 0.0, "90daysAgo": 0.0}, "epsRevisions": {"upLast7days": 0, "upLast30days": 0, "downLast30days": 0, "downLast90days": {}}}, {"maxAge": 1, "period": "+1q", "endDate": null, "growth": {}, "earningsEstimate": {"avg": 0.0, "low": 0.0, "high": 0.0, "yearAgoEps": {}, "numberOfAnalysts": 0, "growth": {}}, "revenueEstimate": {"avg": 0, "low": 0, "high": 0, "numberOfAnalysts": 0, "yearAgoRevenue": {}, "growth": {}}, "epsTrend": {"current": 0.0, "7daysAgo": 0.0, "30daysAgo": 0.0, "60daysAgo": 0.0, "90daysAgo": 0.0}, "epsRevisions": {"upLast7days": 0, "upLast30days": 0, "downLast30days": 0, "downLast90days": {}}}, {"maxAge": 1, "period": "0y", "endDate": null, "growth": {}, "earningsEstimate": {"avg": 0.0, "low": 0.0, "high": 0.0, "yearAgoEps": {}, "numberOfAnalysts": 0, "growth": {}}, "revenueEstimate": {"avg": 0, "low": 0, "high": 0, "numberOfAnalysts": 0, "yearAgoRevenue": {}, "growth": {}}, "epsTrend": {"current": 0.0, "7daysAgo": 0.0, "30daysAgo": 0.0, "60daysAgo": 0.0, "90daysAgo": 0.0}, "epsRevisions": {"upLast7days": 0, "upLast30days": 0, "downLast30days": 0, "downLast90days": {}}}, {"maxAge": 1, "period": "+1y", "endDate": null, "growth": {}, "earningsEstimate": {"avg": 0.0, "low": 0.0, "high": 0.0, "yearAgoEps": {}, "numberOfAnalysts": 0, "growth": {}}, "revenueEstimate": {"avg": 0, "low": 0, "high": 0, "numberOfAnalysts": 0, "yearAgoRevenue": {}, "growth": {}}, "epsTrend": {"current": 0.0, "7daysAgo": 0.0, "30daysAgo": 0.0, "60daysAgo": 0.0, "90daysAgo": 0.0}, "epsRevisions": {"upLast7days": 0, "upLast30days": 0, "downLast30days": 0, "downLast90days": {}}}, {"maxAge": 1, "period": "+5y", "endDate": null, "growth": {}, "earningsEstimate": {"avg": {}, "low": {}, "high": {}, "yearAgoEps": {}, "numberOfAnalysts": {}, "growth": {}}, "revenueEstimate": {"avg": {}, "low": {}, "high": {}, "numberOfAnalysts": {}, "yearAgoRevenue": {}, "growth": {}}, "epsTrend": {"current": {}, "7daysAgo": {}, "30daysAgo": {}, "60daysAgo": {}, "90daysAgo": {}}, "epsRevisions": {"upLast7days": {}, "upLast30days": {}, "downLast30days": {}, "downLast90days": {}}}, {"maxAge": 1, "period": "-5y", "endDate": null, "growth": -0.03918, "earningsEstimate": {"avg": {}, "low": {}, "high": {}, "yearAgoEps": {}, "numberOfAnalysts": {}, "growth": {}}, "revenueEstimate": {"avg": {}, "low": {}, "high": {}, "numberOfAnalysts": {}, "yearAgoRevenue": {}, "growth": {}}, "epsTrend": {"current": {}, "7daysAgo": {}, "30daysAgo": {}, "60daysAgo": {}, "90daysAgo": {}}, "epsRevisions": {"upLast7days": {}, "upLast30days": {}, "downLast30days": {}, "downLast90days": {}}}], "maxAge": 1}, "institutionOwnership": {"maxAge": 1, "ownershipList": []}, "majorHoldersBreakdown": {"maxAge": 1, "insidersPercentHeld": 0.80237997, "institutionsPercentHeld": 0.11011, "institutionsFloatPercentHeld": 0.55719, "institutionsCount": 3}, "balanceSheetHistoryQuarterly": {"balanceSheetStatements": [{"maxAge": 1, "endDate": "2020-12-31", "totalStockholderEquity": 80276252000, "netTangibleAssets": 80276252000}, {"maxAge": 1, "endDate": "2020-09-30", "cash": 83255000, "netReceivables": 4715085000, "otherCurrentAssets": 611000, "totalCurrentAssets": 4798951000, "longTermInvestments": 82200773000, "propertyPlantEquipment": 469000, "otherAssets": 200000, "totalAssets": 87000393000, "accountsPayable": 2715000, "otherCurrentLiab": 26980000, "otherLiab": 6690243000, "totalCurrentLiabilities": 33898000, "totalLiab": 6724141000, "commonStock": 110683000, "treasuryStock": 80165569000, "otherStockholderEquity": 80165569000, "totalStockholderEquity": 80276252000, "netTangibleAssets": 80276252000}, {"maxAge": 1, "endDate": "2020-06-30", "totalStockholderEquity": 71122227000, "netTangibleAssets": 71122227000}, {"maxAge": 1, "endDate": "2020-03-31", "cash": 59360000, "netReceivables": 4242552000, "otherCurrentAssets": 24950000, "totalCurrentAssets": 75481625000, "longTermInvestments": 1636790000, "propertyPlantEquipment": 556000, "otherAssets": 200000, "totalAssets": 77119171000, "accountsPayable": 1815000, "otherCurrentLiab": 7404000, "otherLiab": 5979683000, "totalCurrentLiabilities": 17261000, "totalLiab": 5996944000, "commonStock": 110683000, "retainedEarnings": 10815670000, "treasuryStock": 60195874000, "otherStockholderEquity": 60195874000, "totalStockholderEquity": 71122227000, "netTangibleAssets": 71122227000}], "maxAge": 86400}, "earningsHistory": {"history": [{"maxAge": 1, "epsActual": {}, "epsEstimate": {}, "epsDifference": {}, "surprisePercent": {}, "quarter": {}, "period": "-4q"}, {"maxAge": 1, "epsActual": {}, "epsEstimate": {}, "epsDifference": {}, "surprisePercent": {}, "quarter": {}, "period": "-3q"}, {"maxAge": 1, "epsActual": {}, "epsEstimate": {}, "epsDifference": {}, "surprisePercent": {}, "quarter": {}, "period": "-2q"}, {"maxAge": 1, "epsActual": {}, "epsEstimate": {}, "epsDifference": {}, "surprisePercent": {}, "quarter": {}, "period": "-1q"}], "maxAge": 86400}, "summaryProfile": {"address1": "JSW Centre", "address2": "Bandra Kurla Complex Bandra (East)", "city": "Mumbai", "zip": "400051", "country": "India", "phone": "91 22 4286 1000", "fax": "91 22 4286 3000", "website": "http://www.jsw.in/investors/holdings", "industry": "Conglomerates", "sector": "Industrials", "longBusinessSummary": "JSW Holdings Limited, a non-banking financial company, engages in investing and financing activities. The company was formerly known as Jindal South West Holdings Limited and changed its name to JSW Holdings Limited in 2013. JSW Holdings Limited was incorporated in 2001 and is based in Mumbai, India.", "fullTimeEmployees": 2, "companyOfficers": [], "maxAge": 86400}, "netSharePurchaseActivity": {"maxAge": 1, "period": "6m", "buyInfoCount": 0, "buyInfoShares": 0, "sellInfoCount": 0, "netInfoCount": 0, "netInfoShares": 0, "netPercentInsiderShares": 0.0, "totalInsiderShares": 8879554}, "insiderTransactions": {"transactions": [{"maxAge": 1, "shares": 435511, "filerUrl": "", "transactionText": "", "filerName": "Glebe Trading Pvt. Ltd.", "filerRelation": "Institution- Corporation", "moneyText": "", "startDate": "2021-02-10", "ownership": "D"}, {"maxAge": 1, "shares": 1258183, "filerUrl": "", "transactionText": "Other at price 0.00 per share.", "filerName": "Siddeshwari Tradex Pvt Ltd", "filerRelation": "Institution- Corporation", "moneyText": "", "startDate": "2021-02-10", "ownership": "D"}, {"maxAge": 1, "shares": 350, "value": 18253, "filerUrl": "", "transactionText": "Sale at price 52.15 per share.", "filerName": "Doshi (Hetal Sanjeev)", "filerRelation": "UNREPORTED", "moneyText": "", "startDate": "2020-12-31", "ownership": "D"}, {"maxAge": 1, "shares": 300, "value": 15906, "filerUrl": "", "transactionText": "Sale at price 53.02 per share.", "filerName": "Doshi (Hetal Sanjeev)", "filerRelation": "UNREPORTED", "moneyText": "", "startDate": "2020-12-30", "ownership": "D"}, {"maxAge": 1, "shares": 174, "filerUrl": "", "transactionText": "", "filerName": "Jsw Holdings Employees Welfare Trust", "filerRelation": "Institution- Corporation", "moneyText": "", "startDate": "2018-05-17", "ownership": "D"}, {"maxAge": 1, "shares": 2535, "filerUrl": "", "transactionText": "", "filerName": "Jsw Holdings Employees Welfare Trust", "filerRelation": "Institution- Corporation", "moneyText": "", "startDate": "2018-05-16", "ownership": "D"}, {"maxAge": 1, "shares": 1732, "filerUrl": "", "transactionText": "", "filerName": "Jsw Holdings Employees Welfare Trust", "filerRelation": "Institution- Corporation", "moneyText": "", "startDate": "2018-05-15", "ownership": "D"}, {"maxAge": 1, "shares": 1800, "filerUrl": "", "transactionText": "", "filerName": "Jsw Holdings Employees Welfare Trust", "filerRelation": "UNREPORTED", "moneyText": "", "startDate": "2018-05-14", "ownership": "D"}, {"maxAge": 1, "shares": 2838, "filerUrl": "", "transactionText": "", "filerName": "Jsw Holdings Employees Welfare Trust", "filerRelation": "Institution- Corporation", "moneyText": "", "startDate": "2018-05-07", "ownership": "D"}, {"maxAge": 1, "shares": 10, "filerUrl": "", "transactionText": "", "filerName": "Sajjan Jindal Family Trust", "filerRelation": "Institution- Corporation", "moneyText": "", "startDate": "2017-04-06", "ownership": "D"}, {"maxAge": 1, "shares": 822574, "filerUrl": "", "transactionText": "", "filerName": "Strata Multiventure Pvt. Ltd.", "filerRelation": "Institution- Corporation", "moneyText": "", "startDate": "2017-03-25", "ownership": "D"}, {"maxAge": 1, "shares": 5134, "filerUrl": "", "transactionText": "", "filerName": "Vinamra Consultancy Pvt. Ltd.", "filerRelation": "Promoter", "moneyText": "", "startDate": "2016-12-30", "ownership": "D"}, {"maxAge": 1, "shares": 400, "filerUrl": "", "transactionText": "", "filerName": "Shote (Tanvi)", "filerRelation": "Promoter", "moneyText": "", "startDate": "2016-12-24", "ownership": "D"}, {"maxAge": 1, "shares": 400, "filerUrl": "", "transactionText": "", "filerName": "Jindal (Parth)", "filerRelation": "Promoter", "moneyText": "", "startDate": "2016-12-24", "ownership": "D"}, {"maxAge": 1, "shares": 2097, "filerUrl": "", "transactionText": "", "filerName": "Jindal (Sajjan)", "filerRelation": "Non Executive Chairman", "moneyText": "", "startDate": "2016-12-24", "ownership": "D"}, {"maxAge": 1, "shares": 935822, "filerUrl": "", "transactionText": "", "filerName": "Vinamra Consultancy Pvt. Ltd.", "filerRelation": "Promoter", "moneyText": "", "startDate": "2016-12-24", "ownership": "D"}, {"maxAge": 1, "shares": 4053, "filerUrl": "", "transactionText": "", "filerName": "Jindal (Sangita)", "filerRelation": "Promoter", "moneyText": "", "startDate": "2016-12-24", "ownership": "D"}, {"maxAge": 1, "shares": 1156, "filerUrl": "", "transactionText": "", "filerName": "Handa (Tarini Jindal)", "filerRelation": "Promoter", "moneyText": "", "startDate": "2016-12-24", "ownership": "D"}, {"maxAge": 1, "shares": 320400, "filerUrl": "", "transactionText": "", "filerName": "Reynold Traders Pvt Ltd", "filerRelation": "Promoter", "moneyText": "", "startDate": "2016-12-24", "ownership": "D"}, {"maxAge": 1, "shares": 615422, "filerUrl": "", "transactionText": "", "filerName": "JSW Investments Pvt Ltd", "filerRelation": "Promoter", "moneyText": "", "startDate": "2016-12-24", "ownership": "D"}, {"maxAge": 1, "shares": 3797, "filerUrl": "", "transactionText": "", "filerName": "JSW Investments Pvt Ltd", "filerRelation": "Program Director", "moneyText": "", "startDate": "2015-12-10", "ownership": "D"}, {"maxAge": 1, "shares": 1622, "filerUrl": "", "transactionText": "", "filerName": "JSW Investments Pvt Ltd", "filerRelation": "Promoter", "moneyText": "", "startDate": "2015-12-08", "ownership": "D"}, {"maxAge": 1, "shares": 306, "filerUrl": "", "transactionText": "", "filerName": "JSW Investments Pvt Ltd", "filerRelation": "Promoter", "moneyText": "", "startDate": "2015-11-26", "ownership": "D"}, {"maxAge": 1, "shares": 4000, "filerUrl": "", "transactionText": "", "filerName": "JSW Investments Pvt Ltd", "filerRelation": "Promoter", "moneyText": "", "startDate": "2015-11-23", "ownership": "D"}, {"maxAge": 1, "shares": 639, "filerUrl": "", "transactionText": "", "filerName": "JSW Investments Pvt Ltd", "filerRelation": "Promoter", "moneyText": "", "startDate": "2015-11-18", "ownership": "D"}, {"maxAge": 1, "shares": 42364, "filerUrl": "", "transactionText": "", "filerName": "HSBC Global Investment Funds A/C HSBC Global Investment Fund", "filerRelation": "UNREPORTED", "moneyText": "", "startDate": "2010-09-23", "ownership": "D"}, {"maxAge": 1, "shares": 900336, "filerUrl": "", "transactionText": "", "filerName": "Jindal (Arti)", "filerRelation": "UNREPORTED", "moneyText": "", "startDate": "2010-02-02", "ownership": "D"}, {"maxAge": 1, "shares": 100000, "filerUrl": "", "transactionText": "", "filerName": "Swiss Finance Corporation Mauritius Ltd", "filerRelation": "UNREPORTED", "moneyText": "", "startDate": "2009-11-26", "ownership": "D"}], "maxAge": 1}, "sectorTrend": {"maxAge": 1, "symbol": null, "estimates": []}, "incomeStatementHistoryQuarterly": {"incomeStatementHistory": [{"maxAge": 1, "endDate": "2020-12-31", "totalRevenue": 149725000, "costOfRevenue": 0, "grossProfit": 149725000, "researchDevelopment": {}, "sellingGeneralAdministrative": 10974000, "nonRecurring": {}, "otherOperatingExpenses": 1881000, "totalOperatingExpenses": 12939000, "operatingIncome": 136786000, "totalOtherIncomeExpenseNet": 49394000, "ebit": 136786000, "interestExpense": {}, "incomeBeforeTax": 186180000, "incomeTaxExpense": 34790000, "minorityInterest": {}, "netIncomeFromContinuingOps": 151390000, "discontinuedOperations": {}, "extraordinaryItems": {}, "effectOfAccountingCharges": {}, "otherItems": {}, "netIncome": 151390000, "netIncomeApplicableToCommonShares": 151390000}, {"maxAge": 1, "endDate": "2020-09-30", "totalRevenue": 503274000, "costOfRevenue": 0, "grossProfit": 503274000, "researchDevelopment": {}, "sellingGeneralAdministrative": 7400000, "nonRecurring": {}, "otherOperatingExpenses": 3053000, "totalOperatingExpenses": 10497000, "operatingIncome": 492777000, "totalOtherIncomeExpenseNet": 26805000, "ebit": 492777000, "interestExpense": {}, "incomeBeforeTax": 519582000, "incomeTaxExpense": 124731000, "minorityInterest": {}, "netIncomeFromContinuingOps": 394851000, "discontinuedOperations": {}, "extraordinaryItems": {}, "effectOfAccountingCharges": {}, "otherItems": {}, "netIncome": 394851000, "netIncomeApplicableToCommonShares": 394851000}, {"maxAge": 1, "endDate": "2020-06-30", "totalRevenue": 124804000, "costOfRevenue": 0, "grossProfit": 124804000, "researchDevelopment": {}, "sellingGeneralAdministrative": 7832000, "nonRecurring": {}, "otherOperatingExpenses": 2178000, "totalOperatingExpenses": 10053000, "operatingIncome": 114751000, "totalOtherIncomeExpenseNet": 9464000, "ebit": 114751000, "interestExpense": {}, "incomeBeforeTax": 124215000, "incomeTaxExpense": 29498000, "minorityInterest": {}, "netIncomeFromContinuingOps": 94717000, "discontinuedOperations": {}, "extraordinaryItems": {}, "effectOfAccountingCharges": {}, "otherItems": {}, "netIncome": 94717000, "netIncomeApplicableToCommonShares": 94717000}, {"maxAge": 1, "endDate": "2020-03-31", "totalRevenue": 118321000, "costOfRevenue": 0, "grossProfit": 118321000, "researchDevelopment": {}, "sellingGeneralAdministrative": 12875000, "nonRecurring": {}, "otherOperatingExpenses": 1744000, "totalOperatingExpenses": 14682000, "operatingIncome": 103639000, "totalOtherIncomeExpenseNet": 189000, "ebit": 103639000, "interestExpense": {}, "incomeBeforeTax": 103828000, "incomeTaxExpense": 7610000, "minorityInterest": {}, "netIncomeFromContinuingOps": 96218000, "discontinuedOperations": {}, "extraordinaryItems": {}, "effectOfAccountingCharges": {}, "otherItems": {}, "netIncome": 96218000, "netIncomeApplicableToCommonShares": 96218000}], "maxAge": 86400}, "cashflowStatementHistoryQuarterly": {"cashflowStatements": [{"maxAge": 1, "endDate": "2020-12-31", "netIncome": 151390000, "changeToLiabilities": 0}, {"maxAge": 1, "endDate": "2020-09-30", "netIncome": 394851000, "changeToLiabilities": 0}, {"maxAge": 1, "endDate": "2020-06-30", "netIncome": 94717000, "changeToLiabilities": 0}, {"maxAge": 1, "endDate": "2020-03-31", "netIncome": 96218000, "changeToLiabilities": 0}], "maxAge": 86400}, "earnings": {"maxAge": 86400, "earningsChart": {"quarterly": [], "earningsDate": []}, "financialsChart": {"yearly": [{"date": 2017, "revenue": 633516000, "earnings": 482082000}, {"date": 2018, "revenue": 886511000, "earnings": 695547000}, {"date": 2019, "revenue": 1073084000, "earnings": 1000258000}, {"date": 2020, "revenue": 1210145000, "earnings": 1064382000}], "quarterly": [{"date": "1Q2020", "revenue": 118321000, "earnings": 96218000}, {"date": "2Q2020", "revenue": 124804000, "earnings": 94717000}, {"date": "3Q2020", "revenue": 503274000, "earnings": 394851000}, {"date": "4Q2020", "revenue": 149725000, "earnings": 151390000}]}, "financialCurrency": "INR"}, "financialData": {"maxAge": 86400, "currentPrice": 4029.25, "targetHighPrice": 636.0, "targetLowPrice": 636.0, "targetMeanPrice": 636.0, "targetMedianPrice": 636.0, "recommendationMean": 2.0, "recommendationKey": "buy", "numberOfAnalystOpinions": 1, "totalCash": 83255000, "totalCashPerShare": 7.523, "ebitda": 848110016, "totalDebt": 0, "totalRevenue": 896124032, "revenuePerShare": 80.965, "grossProfits": 1210145000, "earningsGrowth": 0.426, "revenueGrowth": 0.265, "grossMargins": 1.0, "ebitdaMargins": 0.94641995, "operatingMargins": 0.94625, "profitMargins": 0.82263, "financialCurrency": "INR"}}}