{"JTEKTINDIA.NS": {"assetProfile": {"address1": "M3M Cosmopolitan", "address2": "1st Floor, Sector - 66 Ramgarh Road Adjacent to Golf Crse Ext Rd", "city": "Gurugram", "zip": "122002", "country": "India", "phone": "91 12 4478 3100", "fax": "91 12 4478 3199", "website": "http://www.jtekt.co.in", "industry": "Auto Parts", "sector": "Consumer Cyclical", "longBusinessSummary": "JTEKT India Limited manufactures and sells steering systems and other auto components for the passenger car and utility vehicle manufacturers in the automobile sector in India and internationally. The company offers steering gears, columns and RPS assemblies, axle assemblies, and other auto ancillaries. It also exports its products to the United States, Europe, and Japan. The company was formerly known as Sona Koyo Steering Systems Limited and changed its name to JTEKT India Limited in April 2018. The company was founded in 1984 and is headquartered in Gurugram, India. JTEKT India Limited is a subsidiary of JTEKT Corporation.", "fullTimeEmployees": 1847, "companyOfficers": [{"maxAge": 1, "name": "Mr. Sudhir  Chopra", "age": 62, "title": "Pres & Exec. Vice Chairman", "yearBorn": 1958, "fiscalYear": 2020, "totalPay": 18133318, "exercisedValue": 0, "unexercisedValue": 0}, {"maxAge": 1, "name": "Mr. Akihiko  Kawano", "age": 57, "title": "Deputy MD & Additional Director", "yearBorn": 1963, "fiscalYear": 2020, "totalPay": 6819095, "exercisedValue": 0, "unexercisedValue": 0}, {"maxAge": 1, "name": "Mr. Osamu  Miyazaki", "age": 51, "title": "Sr. VP", "yearBorn": 1969, "exercisedValue": 0, "unexercisedValue": 0}, {"maxAge": 1, "name": "Mr. Kenji  Okazaki", "age": 50, "title": "Sr. VP", "yearBorn": 1970, "exercisedValue": 0, "unexercisedValue": 0}, {"maxAge": 1, "name": "Mr. Kazuyuki  Tamenaga", "age": 44, "title": "Sr. VP", "yearBorn": 1976, "exercisedValue": 0, "unexercisedValue": 0}, {"maxAge": 1, "name": "Mr. Yoshitaka  Shirai", "age": 51, "title": "Sr. VP", "yearBorn": 1969, "exercisedValue": 0, "unexercisedValue": 0}, {"maxAge": 1, "name": "Mr. Takashi  Fujise", "age": 54, "title": "Sr. VP", "yearBorn": 1966, "exercisedValue": 0, "unexercisedValue": 0}, {"maxAge": 1, "name": "Mr. Kenichi  Kimihara", "age": 52, "title": "Sr. VP", "yearBorn": 1968, "exercisedValue": 0, "unexercisedValue": 0}, {"maxAge": 1, "name": "Mr. Yuiga  Ino", "age": 38, "title": "Sr. VP", "yearBorn": 1982, "exercisedValue": 0, "unexercisedValue": 0}, {"maxAge": 1, "name": "Mr. Hitoshi  Mogi", "age": 55, "title": "Chairman & MD", "yearBorn": 1965, "exercisedValue": 0, "unexercisedValue": 0}], "compensationAsOfEpochDate": "2020-12-31 05:30:00", "maxAge": 86400}, "cashflowStatementHistory": {"cashflowStatements": [{"maxAge": 1, "endDate": "2020-03-31", "netIncome": 302588000, "depreciation": 736249000, "changeToNetincome": -17317000, "changeToAccountReceivables": 755842000, "changeToLiabilities": -659389000, "changeToInventory": -28553000, "changeToOperatingActivities": -37246000, "totalCashFromOperatingActivities": 1243677000, "capitalExpenditures": -285188000, "investments": 2772000, "otherCashflowsFromInvestingActivities": 51181000, "totalCashflowsFromInvestingActivities": -335787000, "dividendsPaid": -265323000, "netBorrowings": -1159474000, "otherCashflowsFromFinancingActivities": -95093000, "totalCashFromFinancingActivities": -1519890000, "changeInCash": -612000000}, {"maxAge": 1, "endDate": "2019-03-31", "netIncome": 727419000, "depreciation": 790561000, "changeToNetincome": 60194000, "changeToAccountReceivables": -123878000, "changeToLiabilities": 304228000, "changeToInventory": -116440000, "changeToOperatingActivities": 26963000, "totalCashFromOperatingActivities": 1837950000, "capitalExpenditures": -547098000, "investments": 760690000, "otherCashflowsFromInvestingActivities": 77418000, "totalCashflowsFromInvestingActivities": 163986000, "dividendsPaid": -259227000, "netBorrowings": -440000000, "otherCashflowsFromFinancingActivities": -154976000, "totalCashFromFinancingActivities": -854203000, "changeInCash": 1147733000}, {"maxAge": 1, "endDate": "2018-03-31", "netIncome": 637611000, "depreciation": 821603000, "changeToNetincome": 117018000, "changeToAccountReceivables": -649012000, "changeToLiabilities": -283321000, "changeToInventory": 94873000, "changeToOperatingActivities": 897784000, "totalCashFromOperatingActivities": 1775464000, "capitalExpenditures": -471457000, "investments": -762117000, "otherCashflowsFromInvestingActivities": 44845000, "totalCashflowsFromInvestingActivities": -1223237000, "dividendsPaid": -127862000, "netBorrowings": -207631000, "otherCashflowsFromFinancingActivities": -211045000, "totalCashFromFinancingActivities": -546538000, "changeInCash": 47421000}, {"maxAge": 1, "endDate": "2017-03-31", "netIncome": 369744000, "depreciation": 697719000, "changeToNetincome": 69462000, "changeToAccountReceivables": 66379000, "changeToLiabilities": 150313000, "changeToInventory": -65566000, "changeToOperatingActivities": 240759000, "totalCashFromOperatingActivities": 1619438000, "capitalExpenditures": -611862000, "investments": 1781000, "otherCashflowsFromInvestingActivities": 34145000, "totalCashflowsFromInvestingActivities": -637269000, "dividendsPaid": -99370000, "netBorrowings": -596541000, "otherCashflowsFromFinancingActivities": -305917000, "totalCashFromFinancingActivities": -1001828000, "changeInCash": -19659000}], "maxAge": 86400}, "institutionOwnership": {"maxAge": 1, "ownershipList": []}, "majorHoldersBreakdown": {"maxAge": 1, "insidersPercentHeld": 0.79636, "institutionsPercentHeld": 0.030840002, "institutionsFloatPercentHeld": 0.15144, "institutionsCount": 9}, "balanceSheetHistoryQuarterly": {"balanceSheetStatements": [{"maxAge": 1, "endDate": "2020-12-31"}, {"maxAge": 1, "endDate": "2020-06-30", "totalStockholderEquity": 5956313000, "netTangibleAssets": 5429481000}, {"maxAge": 1, "endDate": "2020-03-31", "cash": 609244000, "netReceivables": 1977196000, "inventory": 1145067000, "otherCurrentAssets": 72109000, "totalCurrentAssets": 3872606000, "propertyPlantEquipment": 4368266000, "intangibleAssets": 142166000, "otherAssets": 517086000, "totalAssets": 8900124000, "accountsPayable": 1435758000, "shortLongTermDebt": 246912000, "otherCurrentLiab": 131859000, "longTermDebt": 160906000, "otherLiab": 115571000, "deferredLongTermLiab": 384666000, "minorityInterest": 261946000, "totalCurrentLiabilities": 2367795000, "totalLiab": 2681865000, "commonStock": 244480000, "retainedEarnings": 4661790000, "treasuryStock": 242967000, "capitalSurplus": 807076000, "otherStockholderEquity": 242967000, "totalStockholderEquity": 5956313000, "netTangibleAssets": 5814147000}, {"maxAge": 1, "endDate": "2019-12-31", "totalStockholderEquity": 5821439000, "netTangibleAssets": 5236172000}], "maxAge": 86400}, "indexTrend": {"maxAge": 1, "symbol": "SP5", "peRatio": 19.7411, "pegRatio": 1.34172, "estimates": [{"period": "0q", "growth": 0.549}, {"period": "+1q", "growth": 0.431}, {"period": "0y", "growth": 0.305}, {"period": "+1y", "growth": 0.109}, {"period": "+5y", "growth": 0.120865}, {"period": "-5y"}]}, "defaultKeyStatistics": {"maxAge": 1, "priceHint": 2, "enterpriseValue": 20226105344, "profitMargins": -0.00369, "floatShares": 51723151, "sharesOutstanding": 244480000, "heldPercentInsiders": 0.79636, "heldPercentInstitutions": 0.030840002, "beta": 1.446779, "category": null, "bookValue": 24.363, "priceToBook": 3.4088576, "fundFamily": null, "legalType": null, "lastFiscalYearEnd": "2020-03-31 05:30:00", "nextFiscalYearEnd": "2022-03-31 05:30:00", "mostRecentQuarter": "2020-12-31 05:30:00", "earningsQuarterlyGrowth": 1.925, "netIncomeToCommon": -45362000, "trailingEps": -0.186, "lastSplitFactor": "2:1", "lastSplitDate": "2008-09-02 05:30:00", "enterpriseToRevenue": 1.647, "enterpriseToEbitda": 30.604, "52WeekChange": 0.71060765, "SandP52WeekChange": 0.48148263, "lastDividendValue": 0.35, "lastDividendDate": 1600128000}, "summaryProfile": {"address1": "M3M Cosmopolitan", "address2": "1st Floor, Sector - 66 Ramgarh Road Adjacent to Golf Crse Ext Rd", "city": "Gurugram", "zip": "122002", "country": "India", "phone": "91 12 4478 3100", "fax": "91 12 4478 3199", "website": "http://www.jtekt.co.in", "industry": "Auto Parts", "sector": "Consumer Cyclical", "longBusinessSummary": "JTEKT India Limited manufactures and sells steering systems and other auto components for the passenger car and utility vehicle manufacturers in the automobile sector in India and internationally. The company offers steering gears, columns and RPS assemblies, axle assemblies, and other auto ancillaries. It also exports its products to the United States, Europe, and Japan. The company was formerly known as Sona Koyo Steering Systems Limited and changed its name to JTEKT India Limited in April 2018. The company was founded in 1984 and is headquartered in Gurugram, India. JTEKT India Limited is a subsidiary of JTEKT Corporation.", "fullTimeEmployees": 1847, "companyOfficers": [], "maxAge": 86400}, "netSharePurchaseActivity": {"maxAge": 1, "period": "6m", "buyInfoCount": 0, "buyInfoShares": 0, "sellInfoCount": 0, "netInfoCount": 0, "netInfoShares": 0, "netPercentInsiderShares": 0.0, "totalInsiderShares": 196190752}, "insiderTransactions": {"transactions": [{"maxAge": 1, "shares": 11435000, "filerUrl": "", "transactionText": "", "filerName": "JTEKT Corporation", "filerRelation": "Promoter", "moneyText": "", "startDate": "2018-07-16", "ownership": "D"}, {"maxAge": 1, "shares": 3514879, "filerUrl": "", "transactionText": "", "filerName": "JTEKT Corporation", "filerRelation": "Promoter", "moneyText": "", "startDate": "2018-04-09", "ownership": "D"}, {"maxAge": 1, "shares": 1241488, "filerUrl": "", "transactionText": "", "filerName": "JTEKT Corporation", "filerRelation": "Promoter", "moneyText": "", "startDate": "2018-03-20", "ownership": "D"}, {"maxAge": 1, "shares": 50150969, "filerUrl": "", "transactionText": "", "filerName": "JTEKT Corporation", "filerRelation": "Promoter", "moneyText": "", "startDate": "2017-06-22", "ownership": "D"}, {"maxAge": 1, "shares": 49914664, "filerUrl": "", "transactionText": "", "filerName": "JTEKT Corporation", "filerRelation": "Promoter", "moneyText": "", "startDate": "2017-05-18", "ownership": "D"}, {"maxAge": 1, "shares": 49914664, "filerUrl": "", "transactionText": "", "filerName": "Sona Autocomp Holding Pvt Ltd", "filerRelation": "Promoter", "moneyText": "", "startDate": "2017-05-18", "ownership": "D"}, {"maxAge": 1, "shares": 75000, "filerUrl": "", "transactionText": "", "filerName": "Chopra (Subhash)", "filerRelation": "Promoter", "moneyText": "", "startDate": "2017-05-17", "ownership": "D"}, {"maxAge": 1, "shares": 150000, "filerUrl": "", "transactionText": "", "filerName": "Chopra (Esha)", "filerRelation": "Promoter", "moneyText": "", "startDate": "2017-05-10", "ownership": "D"}, {"maxAge": 1, "shares": 137324, "filerUrl": "", "transactionText": "", "filerName": "Kapur (Jug Mohan) HUF", "filerRelation": "Promoter", "moneyText": "", "startDate": "2016-01-14", "ownership": "D"}, {"maxAge": 1, "shares": 62314, "filerUrl": "", "transactionText": "", "filerName": "Kapur (Jug Mohan) HUF", "filerRelation": "Promoter", "moneyText": "", "startDate": "2015-12-30", "ownership": "D"}, {"maxAge": 1, "shares": 47677, "filerUrl": "", "transactionText": "", "filerName": "Kapur (Jug Mohan) HUF", "filerRelation": "Promoter", "moneyText": "", "startDate": "2015-12-15", "ownership": "D"}, {"maxAge": 1, "shares": 22376, "filerUrl": "", "transactionText": "", "filerName": "Kapur (Jug Mohan) HUF", "filerRelation": "Promoter", "moneyText": "", "startDate": "2015-11-23", "ownership": "D"}, {"maxAge": 1, "shares": 17768, "filerUrl": "", "transactionText": "", "filerName": "Kapur (Jug Mohan) HUF", "filerRelation": "Promoter", "moneyText": "", "startDate": "2015-11-13", "ownership": "D"}, {"maxAge": 1, "shares": 30002, "filerUrl": "", "transactionText": "", "filerName": "Kapur (Jug Mohan) HUF", "filerRelation": "Promoter", "moneyText": "", "startDate": "2015-10-26", "ownership": "D"}, {"maxAge": 1, "shares": 24126, "filerUrl": "", "transactionText": "", "filerName": "Kapur (Jug Mohan) HUF", "filerRelation": "Promoter", "moneyText": "", "startDate": "2015-10-21", "ownership": "D"}, {"maxAge": 1, "shares": 20000, "filerUrl": "", "transactionText": "", "filerName": "Kapur (Jug Mohan) HUF", "filerRelation": "Promoter", "moneyText": "", "startDate": "2015-10-13", "ownership": "D"}, {"maxAge": 1, "shares": 19535, "filerUrl": "", "transactionText": "", "filerName": "Kapur (Jug Mohan) HUF", "filerRelation": "Promoter", "moneyText": "", "startDate": "2015-10-06", "ownership": "D"}, {"maxAge": 1, "shares": 83941, "filerUrl": "", "transactionText": "", "filerName": "Kapur (Jug Mohan) HUF", "filerRelation": "Promoter", "moneyText": "", "startDate": "2015-09-30", "ownership": "D"}, {"maxAge": 1, "shares": 28000, "filerUrl": "", "transactionText": "", "filerName": "Kapur (Jug Mohan) HUF", "filerRelation": "Promoter", "moneyText": "", "startDate": "2015-07-17", "ownership": "D"}], "maxAge": 1}, "quoteType": {"exchange": "NSI", "quoteType": "EQUITY", "symbol": "JTEKTINDIA.NS", "underlyingSymbol": "JTEKTINDIA.NS", "shortName": "JTEKT INDIA LTD", "longName": "JTEKT India Limited", "firstTradeDateEpochUtc": "2004-01-12 09:15:00", "timeZoneFullName": "Asia/Kolkata", "timeZoneShortName": "IST", "uuid": "0512eead-b8ef-3460-8827-453e725cfc14", "messageBoardId": "finmb_8781352", "gmtOffSetMilliseconds": 19800000, "maxAge": 1}, "incomeStatementHistory": {"incomeStatementHistory": [{"maxAge": 1, "endDate": "2020-03-31", "totalRevenue": 15105474000, "costOfRevenue": 10337336000, "grossProfit": 4768138000, "researchDevelopment": {}, "sellingGeneralAdministrative": 2175125000, "nonRecurring": {}, "otherOperatingExpenses": 1203416000, "totalOperatingExpenses": 14643630000, "operatingIncome": 461844000, "totalOtherIncomeExpenseNet": -32228000, "ebit": 461844000, "interestExpense": -96994000, "incomeBeforeTax": 429616000, "incomeTaxExpense": 78400000, "minorityInterest": 261946000, "netIncomeFromContinuingOps": 351216000, "discontinuedOperations": {}, "extraordinaryItems": {}, "effectOfAccountingCharges": {}, "otherItems": {}, "netIncome": 302588000, "netIncomeApplicableToCommonShares": 302588000}, {"maxAge": 1, "endDate": "2019-03-31", "totalRevenue": 17539658000, "costOfRevenue": 11768936000, "grossProfit": 5770722000, "researchDevelopment": {}, "sellingGeneralAdministrative": 1982689000, "nonRecurring": {}, "otherOperatingExpenses": 1571633000, "totalOperatingExpenses": 16282722000, "operatingIncome": 1256936000, "totalOtherIncomeExpenseNet": -39070000, "ebit": 1256936000, "interestExpense": -151944000, "incomeBeforeTax": 1217866000, "incomeTaxExpense": 435250000, "minorityInterest": 243439000, "netIncomeFromContinuingOps": 782616000, "discontinuedOperations": {}, "extraordinaryItems": {}, "effectOfAccountingCharges": {}, "otherItems": {}, "netIncome": 727419000, "netIncomeApplicableToCommonShares": 727419000}, {"maxAge": 1, "endDate": "2018-03-31", "totalRevenue": 15192723000, "costOfRevenue": 9987387000, "grossProfit": 5205336000, "researchDevelopment": {}, "sellingGeneralAdministrative": 1803724000, "nonRecurring": {}, "otherOperatingExpenses": 1269477000, "totalOperatingExpenses": 14021099000, "operatingIncome": 1171624000, "totalOtherIncomeExpenseNet": -128190000, "ebit": 1171624000, "interestExpense": -208158000, "incomeBeforeTax": 1043434000, "incomeTaxExpense": 359339000, "minorityInterest": 205820000, "netIncomeFromContinuingOps": 684095000, "discontinuedOperations": {}, "extraordinaryItems": {}, "effectOfAccountingCharges": {}, "otherItems": {}, "netIncome": 637611000, "netIncomeApplicableToCommonShares": 637611000}, {"maxAge": 1, "endDate": "2017-03-31", "totalRevenue": 12114383000, "costOfRevenue": 8035183000, "grossProfit": 4079200000, "researchDevelopment": {}, "sellingGeneralAdministrative": 1469951000, "nonRecurring": {}, "otherOperatingExpenses": 1097249000, "totalOperatingExpenses": 11390603000, "operatingIncome": 723780000, "totalOtherIncomeExpenseNet": -164646000, "ebit": 723780000, "interestExpense": -244165000, "incomeBeforeTax": 559134000, "incomeTaxExpense": 154455000, "minorityInterest": 163573000, "netIncomeFromContinuingOps": 404679000, "discontinuedOperations": {}, "extraordinaryItems": {}, "effectOfAccountingCharges": {}, "otherItems": {}, "netIncome": 369744000, "netIncomeApplicableToCommonShares": 369744000}], "maxAge": 86400}, "fundOwnership": {"maxAge": 1, "ownershipList": [{"maxAge": 1, "reportDate": "2021-01-31", "organization": "DFA Emerging Markets Core Equity Portfolio", "pctHeld": 0.0007, "position": 171163, "value": 14908297}, {"maxAge": 1, "reportDate": "2021-01-31", "organization": "DFA Emerging Markets Small Cap Series", "pctHeld": 0.00059999997, "position": 143939, "value": 12537086}, {"maxAge": 1, "reportDate": "2021-01-31", "organization": "DFA Investment Dimensions-Emerging Markets Social Core Equity", "pctHeld": 0.0001, "position": 33878, "value": 2950773}, {"maxAge": 1, "reportDate": "2021-01-31", "organization": "DFA Investment Dimensions-World Ex U.S. Core Equity Port", "pctHeld": 0.0001, "position": 27645, "value": 2407879}]}, "summaryDetail": {"maxAge": 1, "priceHint": 2, "previousClose": 82.1, "open": 82.1, "dayLow": 81.2, "dayHigh": 83.6, "regularMarketPreviousClose": 82.1, "regularMarketOpen": 82.1, "regularMarketDayLow": 81.2, "regularMarketDayHigh": 83.6, "dividendRate": 0.35, "dividendYield": 0.0042, "exDividendDate": "2020-09-15 05:30:00", "fiveYearAvgDividendYield": 0.71, "beta": 1.446779, "volume": 1024631, "regularMarketVolume": 1024631, "averageVolume": 340012, "averageVolume10days": 242593, "averageDailyVolume10Day": 242593, "bid": 0.0, "ask": 0.0, "bidSize": 0, "askSize": 0, "marketCap": 20304064512, "fiftyTwoWeekLow": 44.25, "fiftyTwoWeekHigh": 104.8, "priceToSalesTrailing12Months": 1.6535822, "fiftyDayAverage": 84.90429, "twoHundredDayAverage": 85.041664, "trailingAnnualDividendRate": 0.35, "trailingAnnualDividendYield": 0.0042630937, "currency": "INR", "fromCurrency": null, "toCurrency": null, "lastMarket": null, "algorithm": null, "tradeable": false}, "incomeStatementHistoryQuarterly": {"incomeStatementHistory": [{"maxAge": 1, "endDate": "2020-12-31", "totalRevenue": 4318731000, "costOfRevenue": 2997814000, "grossProfit": 1320917000, "researchDevelopment": {}, "sellingGeneralAdministrative": 516159000, "nonRecurring": {}, "otherOperatingExpenses": 365097000, "totalOperatingExpenses": 4085726000, "operatingIncome": 233005000, "totalOtherIncomeExpenseNet": 1292000, "ebit": 233005000, "interestExpense": -11700000, "incomeBeforeTax": 234297000, "incomeTaxExpense": 65678000, "minorityInterest": {}, "netIncomeFromContinuingOps": 168619000, "discontinuedOperations": {}, "extraordinaryItems": {}, "effectOfAccountingCharges": {}, "otherItems": {}, "netIncome": 157670000, "netIncomeApplicableToCommonShares": 157670000}, {"maxAge": 1, "endDate": "2020-06-30", "totalRevenue": 759868000, "costOfRevenue": 496279000, "grossProfit": 263589000, "researchDevelopment": {}, "sellingGeneralAdministrative": 463859000, "nonRecurring": {}, "otherOperatingExpenses": 108402000, "totalOperatingExpenses": 1275145000, "operatingIncome": -515277000, "totalOtherIncomeExpenseNet": 4371000, "ebit": -515277000, "interestExpense": -12737000, "incomeBeforeTax": -510906000, "incomeTaxExpense": -124827000, "minorityInterest": {}, "netIncomeFromContinuingOps": -386079000, "discontinuedOperations": {}, "extraordinaryItems": {}, "effectOfAccountingCharges": {}, "otherItems": {}, "netIncome": -374468000, "netIncomeApplicableToCommonShares": -374468000}, {"maxAge": 1, "endDate": "2020-03-31", "totalRevenue": 3654064000, "costOfRevenue": 2624791000, "grossProfit": 1029273000, "researchDevelopment": {}, "sellingGeneralAdministrative": 588622000, "nonRecurring": {}, "otherOperatingExpenses": 84327000, "totalOperatingExpenses": 3516247000, "operatingIncome": 137817000, "totalOtherIncomeExpenseNet": -21042000, "ebit": 137817000, "interestExpense": -13745000, "incomeBeforeTax": 116775000, "incomeTaxExpense": 10563000, "minorityInterest": 261946000, "netIncomeFromContinuingOps": 106212000, "discontinuedOperations": {}, "extraordinaryItems": {}, "effectOfAccountingCharges": {}, "otherItems": {}, "netIncome": 90489000, "netIncomeApplicableToCommonShares": 90489000}, {"maxAge": 1, "endDate": "2019-12-31", "totalRevenue": 3635162000, "costOfRevenue": 2436896000, "grossProfit": 1198266000, "researchDevelopment": {}, "sellingGeneralAdministrative": 530583000, "nonRecurring": {}, "otherOperatingExpenses": 364456000, "totalOperatingExpenses": 3568853000, "operatingIncome": 66309000, "totalOtherIncomeExpenseNet": 762000, "ebit": 66309000, "interestExpense": -24431000, "incomeBeforeTax": 67071000, "incomeTaxExpense": 3857000, "minorityInterest": 261946000, "netIncomeFromContinuingOps": 63214000, "discontinuedOperations": {}, "extraordinaryItems": {}, "effectOfAccountingCharges": {}, "otherItems": {}, "netIncome": 53897000, "netIncomeApplicableToCommonShares": 53897000}], "maxAge": 86400}, "cashflowStatementHistoryQuarterly": {"cashflowStatements": [{"maxAge": 1, "endDate": "2020-12-31", "netIncome": 157670000, "changeToLiabilities": 0}, {"maxAge": 1, "endDate": "2020-06-30", "netIncome": -374468000, "changeToLiabilities": 0}, {"maxAge": 1, "endDate": "2020-03-31", "netIncome": 90489000, "changeToLiabilities": 0}, {"maxAge": 1, "endDate": "2019-12-31", "netIncome": 53897000, "changeToLiabilities": 0}], "maxAge": 86400}, "insiderHolders": {"holders": [{"maxAge": 1, "name": "Chopra (Esha)", "relation": "Promoter", "url": "", "transactionDescription": "Sale", "latestTransDate": "2017-05-10", "positionDirect": 0, "positionDirectDate": "2017-05-10"}, {"maxAge": 1, "name": "Chopra (Subhash)", "relation": "Promoter", "url": "", "transactionDescription": "Sale", "latestTransDate": "2017-05-17", "positionDirect": 0, "positionDirectDate": "2017-05-17"}, {"maxAge": 1, "name": "JTEKT Corporation", "relation": "Promoter", "url": "", "transactionDescription": "Sale", "latestTransDate": "2018-07-16", "positionDirect": 123821374, "positionDirectDate": "2018-07-16"}, {"maxAge": 1, "name": "Kapur (Jug Mohan) HUF", "relation": "Promoter", "url": "", "transactionDescription": "Sale", "latestTransDate": "2016-01-14", "positionDirect": 14534, "positionDirectDate": "2016-01-14"}, {"maxAge": 1, "name": "Sona Autocomp Holding Pvt Ltd", "relation": "Promoter", "url": "", "transactionDescription": "Sale", "latestTransDate": "2017-05-18", "positionDirect": 0, "positionDirectDate": "2017-05-18"}], "maxAge": 1}, "calendarEvents": {"maxAge": 1, "earnings": {"earningsDate": []}, "exDividendDate": "2020-09-15 05:30:00"}, "price": {"maxAge": 1, "regularMarketChangePercent": 0.01157131, "regularMarketChange": 0.9500046, "regularMarketTime": "2021-04-30 15:30:00", "priceHint": 2, "regularMarketPrice": 83.05, "regularMarketDayHigh": 83.6, "regularMarketDayLow": 81.2, "regularMarketVolume": 1024631, "averageDailyVolume10Day": 242593, "averageDailyVolume3Month": 340012, "regularMarketPreviousClose": 82.1, "regularMarketSource": "FREE_REALTIME", "regularMarketOpen": 82.1, "exchange": "NSI", "exchangeName": "NSE", "exchangeDataDelayedBy": 15, "marketState": "CLOSED", "quoteType": "EQUITY", "symbol": "JTEKTINDIA.NS", "underlyingSymbol": null, "shortName": "JTEKT INDIA LTD", "longName": "JTEKT India Limited", "currency": "INR", "quoteSourceName": "Delayed Quote", "currencySymbol": "\u20b9", "fromCurrency": null, "toCurrency": null, "lastMarket": null, "marketCap": 20304064512}, "balanceSheetHistory": {"balanceSheetStatements": [{"maxAge": 1, "endDate": "2020-03-31", "cash": 609244000, "netReceivables": 1977196000, "inventory": 1145067000, "otherCurrentAssets": 72109000, "totalCurrentAssets": 3872606000, "propertyPlantEquipment": 4368266000, "intangibleAssets": 142166000, "otherAssets": 517086000, "totalAssets": 8900124000, "accountsPayable": 1435758000, "shortLongTermDebt": 246912000, "otherCurrentLiab": 131859000, "longTermDebt": 160906000, "otherLiab": 115571000, "deferredLongTermLiab": 384666000, "minorityInterest": 261946000, "totalCurrentLiabilities": 2367795000, "totalLiab": 2681865000, "commonStock": 244480000, "retainedEarnings": 4661790000, "treasuryStock": 242967000, "capitalSurplus": 807076000, "otherStockholderEquity": 242967000, "totalStockholderEquity": 5956313000, "netTangibleAssets": 5814147000}, {"maxAge": 1, "endDate": "2019-03-31", "cash": 1221244000, "netReceivables": 2800300000, "inventory": 1120512000, "otherCurrentAssets": 90244000, "totalCurrentAssets": 5295300000, "longTermInvestments": 4031000, "propertyPlantEquipment": 4816692000, "intangibleAssets": 132086000, "otherAssets": 580687000, "totalAssets": 10828796000, "accountsPayable": 2077288000, "shortLongTermDebt": 520572000, "otherCurrentLiab": 174928000, "longTermDebt": 474493000, "otherLiab": 202067000, "deferredLongTermLiab": 477828000, "minorityInterest": 243439000, "totalCurrentLiabilities": 3979732000, "totalLiab": 4656292000, "commonStock": 244480000, "retainedEarnings": 4635619000, "treasuryStock": 241890000, "capitalSurplus": 807076000, "otherStockholderEquity": 241890000, "totalStockholderEquity": 5929065000, "netTangibleAssets": 5796979000}, {"maxAge": 1, "endDate": "2018-03-31", "cash": 73511000, "netReceivables": 2660834000, "inventory": 1008044000, "otherCurrentAssets": 811938000, "totalCurrentAssets": 4608158000, "propertyPlantEquipment": 5184202000, "intangibleAssets": 95363000, "otherAssets": 590006000, "totalAssets": 10477729000, "accountsPayable": 1816946000, "shortLongTermDebt": 597273000, "otherCurrentLiab": 189771000, "longTermDebt": 990222000, "otherLiab": 230798000, "deferredLongTermLiab": 464288000, "minorityInterest": 205820000, "totalCurrentLiabilities": 3606685000, "totalLiab": 4827705000, "commonStock": 198742000, "retainedEarnings": 4160261000, "treasuryStock": 278125000, "capitalSurplus": 807076000, "otherStockholderEquity": 278125000, "totalStockholderEquity": 5444204000, "netTangibleAssets": 5348841000}, {"maxAge": 1, "endDate": "2017-03-31", "cash": 26090000, "shortTermInvestments": 7456000, "netReceivables": 1712832000, "inventory": 838273000, "otherCurrentAssets": 77778000, "totalCurrentAssets": 2709746000, "longTermInvestments": 1022606000, "propertyPlantEquipment": 4528638000, "intangibleAssets": 119064000, "otherAssets": 424562000, "totalAssets": 8804616000, "accountsPayable": 1668258000, "shortLongTermDebt": 683774000, "otherCurrentLiab": 165553000, "longTermDebt": 1202886000, "otherLiab": 280472000, "deferredLongTermLiab": 343601000, "minorityInterest": 163573000, "totalCurrentLiabilities": 3327716000, "totalLiab": 4811074000, "commonStock": 198742000, "retainedEarnings": 2824108000, "treasuryStock": 43000, "capitalSurplus": 807076000, "otherStockholderEquity": 43000, "totalStockholderEquity": 3829969000, "netTangibleAssets": 3710905000}], "maxAge": 86400}, "financialData": {"maxAge": 86400, "currentPrice": 83.05, "recommendationKey": "none", "ebitda": 660902528, "totalRevenue": 12278836224, "revenuePerShare": 50.41, "grossProfits": 4768138000, "earningsGrowth": 1.909, "revenueGrowth": 0.188, "grossMargins": 0.30578, "ebitdaMargins": 0.05382, "operatingMargins": -0.00209, "profitMargins": -0.00369, "financialCurrency": "INR"}}}