{"JTLINFRA.BO": {"cashflowStatementHistory": {"cashflowStatements": [{"maxAge": 1, "endDate": "2020-03-31", "netIncome": 100751060, "depreciation": 14832360, "changeToNetincome": 18979093, "changeToAccountReceivables": 49686445, "changeToLiabilities": 51585353, "changeToInventory": -199487033, "changeToOperatingActivities": -241240287, "totalCashFromOperatingActivities": -204893009, "capitalExpenditures": -54733934, "investments": -3716197, "otherCashflowsFromInvestingActivities": 1401680, "totalCashflowsFromInvestingActivities": -57048451, "netBorrowings": 229377614, "otherCashflowsFromFinancingActivities": -34104163, "totalCashFromFinancingActivities": 265573451, "changeInCash": 3631991, "issuanceOfStock": 70300000}, {"maxAge": 1, "endDate": "2019-03-31", "netIncome": 145012741, "depreciation": 7360000, "changeToNetincome": 36302960, "changeToAccountReceivables": -241736353, "changeToLiabilities": -141586585, "changeToInventory": -31751707, "changeToOperatingActivities": 180112641, "totalCashFromOperatingActivities": -46286303, "capitalExpenditures": -123516480, "investments": -7343916, "otherCashflowsFromInvestingActivities": 1081456, "totalCashflowsFromInvestingActivities": -129778940, "netBorrowings": 137904414, "otherCashflowsFromFinancingActivities": 38257806, "totalCashFromFinancingActivities": 176162220, "changeInCash": 96977, "issuanceOfStock": 70300000}, {"maxAge": 1, "endDate": "2018-03-31", "netIncome": 80379941, "depreciation": 4973721, "changeToNetincome": 37255092, "changeToAccountReceivables": -149669259, "changeToLiabilities": 101109962, "changeToInventory": -25709552, "changeToOperatingActivities": -97666765, "totalCashFromOperatingActivities": -49326860, "capitalExpenditures": -39943123, "investments": -5914541, "otherCashflowsFromInvestingActivities": 1841792, "totalCashflowsFromInvestingActivities": -44015872, "netBorrowings": 103372840, "otherCashflowsFromFinancingActivities": -9413356, "totalCashFromFinancingActivities": 93959484, "changeInCash": 616752, "issuanceOfStock": 70300000}, {"maxAge": 1, "endDate": "2017-03-31", "netIncome": 13761028, "depreciation": 4169203, "changeToNetincome": 7621932, "changeToAccountReceivables": -93508076, "changeToLiabilities": 37911068, "changeToInventory": -65157907, "changeToOperatingActivities": 52894358, "totalCashFromOperatingActivities": -42308394, "capitalExpenditures": -13571631, "investments": 1145883, "otherCashflowsFromInvestingActivities": 3322352, "totalCashflowsFromInvestingActivities": -9013396, "netBorrowings": 49458388, "otherCashflowsFromFinancingActivities": -8269880, "totalCashFromFinancingActivities": 41188508, "changeInCash": -10133283, "issuanceOfStock": 70300000}], "maxAge": 86400}, "institutionOwnership": {"maxAge": 1, "ownershipList": []}, "balanceSheetHistoryQuarterly": {"balanceSheetStatements": [{"maxAge": 1, "endDate": "2020-09-30", "cash": 41437000, "netReceivables": 709768000, "inventory": 483106000, "otherCurrentAssets": 246410000, "totalCurrentAssets": 1480721000, "longTermInvestments": 178000, "propertyPlantEquipment": 251001000, "otherAssets": 9999000, "totalAssets": 1741899000, "accountsPayable": 330461000, "otherCurrentLiab": 65555000, "longTermDebt": 20896000, "otherLiab": 22733000, "totalCurrentLiabilities": 1044775000, "totalLiab": 1088404000, "commonStock": 106074000, "treasuryStock": 547421000, "otherStockholderEquity": 547421000, "totalStockholderEquity": 653495000, "netTangibleAssets": 653495000}, {"maxAge": 1, "endDate": "2020-06-30", "totalStockholderEquity": 612254318, "netTangibleAssets": 612254318}, {"maxAge": 1, "endDate": "2020-03-31", "cash": 5392174, "shortTermInvestments": 23288734, "netReceivables": 594019399, "inventory": 420138712, "otherCurrentAssets": 112125059, "totalCurrentAssets": 1155241384, "longTermInvestments": 178416, "propertyPlantEquipment": 236754995, "otherAssets": 9971462, "totalAssets": 1402146257, "accountsPayable": 111732516, "shortLongTermDebt": 1323697, "otherCurrentLiab": 68851855, "longTermDebt": 832602, "otherLiab": 24053728, "totalCurrentLiabilities": 765005609, "totalLiab": 789891939, "commonStock": 106074300, "retainedEarnings": 378531637, "treasuryStock": 29220012, "capitalSurplus": 98428369, "otherStockholderEquity": 29220012, "totalStockholderEquity": 612254318, "netTangibleAssets": 612254318}, {"maxAge": 1, "endDate": "2019-12-31", "totalStockholderEquity": 480409000, "netTangibleAssets": 480409000}], "maxAge": 86400}, "indexTrend": {"maxAge": 1, "symbol": "SP5", "peRatio": 19.7411, "pegRatio": 1.34172, "estimates": [{"period": "0q", "growth": 0.549}, {"period": "+1q", "growth": 0.431}, {"period": "0y", "growth": 0.305}, {"period": "+1y", "growth": 0.109}, {"period": "+5y", "growth": 0.120859005}, {"period": "-5y"}]}, "insiderTransactions": {"transactions": [{"maxAge": 1, "shares": 150000, "filerUrl": "", "transactionText": "", "filerName": "Garg (Rakesh)", "filerRelation": "Non Independent Director", "moneyText": "", "startDate": "2020-01-01", "ownership": "D"}, {"maxAge": 1, "shares": 450000, "filerUrl": "", "transactionText": "", "filerName": "Singla (Dhruv)", "filerRelation": "Promoter", "moneyText": "", "startDate": "2020-01-01", "ownership": "D"}], "maxAge": 1}, "quoteType": {"exchange": "BSE", "quoteType": "EQUITY", "symbol": "JTLINFRA.BO", "underlyingSymbol": "JTLINFRA.BO", "shortName": "JTL INFRA LTD.", "longName": "JTL Infra Limited", "firstTradeDateEpochUtc": "2012-07-31 09:15:00", "timeZoneFullName": "Asia/Kolkata", "timeZoneShortName": "IST", "uuid": "30f4ef4b-99b2-37c9-8f86-3ab8b6bd5db4", "messageBoardId": null, "gmtOffSetMilliseconds": 19800000, "maxAge": 1}, "incomeStatementHistory": {"incomeStatementHistory": [{"maxAge": 1, "endDate": "2020-03-31", "totalRevenue": 2299286813, "costOfRevenue": 2033291332, "grossProfit": 265995481, "researchDevelopment": {}, "sellingGeneralAdministrative": 33416530, "nonRecurring": {}, "otherOperatingExpenses": 68401444, "totalOperatingExpenses": 2149941666, "operatingIncome": 149345147, "totalOtherIncomeExpenseNet": -13012778, "ebit": 149345147, "interestExpense": -32543968, "incomeBeforeTax": 136332369, "incomeTaxExpense": 35581309, "minorityInterest": {}, "netIncomeFromContinuingOps": 100751060, "discontinuedOperations": {}, "extraordinaryItems": {}, "effectOfAccountingCharges": {}, "otherItems": {}, "netIncome": 100751060, "netIncomeApplicableToCommonShares": 100751060}, {"maxAge": 1, "endDate": "2019-03-31", "totalRevenue": 3218616244, "costOfRevenue": 2836685171, "grossProfit": 381931073, "researchDevelopment": {}, "sellingGeneralAdministrative": 20210848, "nonRecurring": {}, "otherOperatingExpenses": 124939034, "totalOperatingExpenses": 2989195053, "operatingIncome": 229421191, "totalOtherIncomeExpenseNet": -23493655, "ebit": 229421191, "interestExpense": -22542194, "incomeBeforeTax": 205927536, "incomeTaxExpense": 60914795, "minorityInterest": {}, "netIncomeFromContinuingOps": 145012741, "discontinuedOperations": {}, "extraordinaryItems": {}, "effectOfAccountingCharges": {}, "otherItems": {}, "netIncome": 145012741, "netIncomeApplicableToCommonShares": 145012741}, {"maxAge": 1, "endDate": "2018-03-31", "totalRevenue": 1697385606, "costOfRevenue": 1470029104, "grossProfit": 227356502, "researchDevelopment": {}, "sellingGeneralAdministrative": 14900230, "nonRecurring": {}, "otherOperatingExpenses": 65292512, "totalOperatingExpenses": 1555195567, "operatingIncome": 142190039, "totalOtherIncomeExpenseNet": -15172638, "ebit": 142190039, "interestExpense": -11549586, "incomeBeforeTax": 127017401, "incomeTaxExpense": 46637460, "minorityInterest": {}, "netIncomeFromContinuingOps": 80379941, "discontinuedOperations": {}, "extraordinaryItems": {}, "effectOfAccountingCharges": {}, "otherItems": {}, "netIncome": 80379941, "netIncomeApplicableToCommonShares": 80379941}, {"maxAge": 1, "endDate": "2017-03-31", "totalRevenue": 1127908850, "costOfRevenue": 1058675953, "grossProfit": 69232897, "researchDevelopment": {}, "sellingGeneralAdministrative": 11706450, "nonRecurring": {}, "otherOperatingExpenses": 33339751, "totalOperatingExpenses": 1107891357, "operatingIncome": 20017493, "totalOtherIncomeExpenseNet": 1670550, "ebit": 20017493, "interestExpense": -8269880, "incomeBeforeTax": 21688043, "incomeTaxExpense": 7927015, "minorityInterest": {}, "netIncomeFromContinuingOps": 13761028, "discontinuedOperations": {}, "extraordinaryItems": {}, "effectOfAccountingCharges": {}, "otherItems": {}, "netIncome": 13761028, "netIncomeApplicableToCommonShares": 13761028}], "maxAge": 86400}, "fundOwnership": {"maxAge": 1, "ownershipList": []}, "summaryDetail": {"maxAge": 1, "priceHint": 2, "previousClose": 515.9, "open": 505.6, "dayLow": 505.6, "dayHigh": 517.0, "regularMarketPreviousClose": 515.9, "regularMarketOpen": 505.6, "regularMarketDayLow": 505.6, "regularMarketDayHigh": 517.0, "trailingPE": 51.434387, "volume": 8464, "regularMarketVolume": 8464, "averageVolume": 33108, "averageVolume10days": 12167, "averageDailyVolume10Day": 12167, "bid": 0.0, "ask": 505.6, "bidSize": 0, "askSize": 0, "marketCap": 5363101696, "fiftyTwoWeekLow": 65.1, "fiftyTwoWeekHigh": 517.0, "fiftyDayAverage": 244.50143, "twoHundredDayAverage": 165.30656, "currency": "INR", "fromCurrency": null, "toCurrency": null, "lastMarket": null, "algorithm": null, "tradeable": false}, "incomeStatementHistoryQuarterly": {"incomeStatementHistory": [{"maxAge": 1, "endDate": "2020-09-30", "totalRevenue": 798796000, "costOfRevenue": 718117000, "grossProfit": 80679000, "researchDevelopment": {}, "sellingGeneralAdministrative": 6879000, "nonRecurring": {}, "otherOperatingExpenses": 20084000, "totalOperatingExpenses": 749326000, "operatingIncome": 49470000, "totalOtherIncomeExpenseNet": -11096000, "ebit": 49470000, "interestExpense": -16181000, "incomeBeforeTax": 38374000, "incomeTaxExpense": 9658000, "minorityInterest": {}, "netIncomeFromContinuingOps": 28716000, "discontinuedOperations": {}, "extraordinaryItems": {}, "effectOfAccountingCharges": {}, "otherItems": {}, "netIncome": 28716000, "netIncomeApplicableToCommonShares": 28716000}, {"maxAge": 1, "endDate": "2020-06-30", "totalRevenue": 653154500, "costOfRevenue": 591720500, "grossProfit": 61434000, "researchDevelopment": {}, "sellingGeneralAdministrative": 5981500, "nonRecurring": {}, "otherOperatingExpenses": 16813000, "totalOperatingExpenses": 618702000, "operatingIncome": 34452500, "totalOtherIncomeExpenseNet": -6895000, "ebit": 34452500, "interestExpense": -14643500, "incomeBeforeTax": 27557500, "incomeTaxExpense": 6937000, "minorityInterest": {}, "netIncomeFromContinuingOps": 20620500, "discontinuedOperations": {}, "extraordinaryItems": {}, "effectOfAccountingCharges": {}, "otherItems": {}, "netIncome": 20620500, "netIncomeApplicableToCommonShares": 20620500}, {"maxAge": 1, "endDate": "2020-03-31", "totalRevenue": 771756813, "costOfRevenue": 701738332, "grossProfit": 70018481, "researchDevelopment": {}, "sellingGeneralAdministrative": 14945530, "nonRecurring": {}, "otherOperatingExpenses": 13771444, "totalOperatingExpenses": 734181666, "operatingIncome": 37575147, "totalOtherIncomeExpenseNet": 6367222, "ebit": 37575147, "interestExpense": -6767968, "incomeBeforeTax": 43942369, "incomeTaxExpense": 12323309, "minorityInterest": {}, "netIncomeFromContinuingOps": 31619060, "discontinuedOperations": {}, "extraordinaryItems": {}, "effectOfAccountingCharges": {}, "otherItems": {}, "netIncome": 31619060, "netIncomeApplicableToCommonShares": 31619060}, {"maxAge": 1, "endDate": "2019-12-31", "totalRevenue": 648869000, "costOfRevenue": 560561000, "grossProfit": 88308000, "researchDevelopment": {}, "sellingGeneralAdministrative": 7228000, "nonRecurring": {}, "otherOperatingExpenses": 28268000, "totalOperatingExpenses": 600126000, "operatingIncome": 48743000, "totalOtherIncomeExpenseNet": -8749000, "ebit": 48743000, "interestExpense": -10956000, "incomeBeforeTax": 39994000, "incomeTaxExpense": 10068000, "minorityInterest": {}, "netIncomeFromContinuingOps": 29926000, "discontinuedOperations": {}, "extraordinaryItems": {}, "effectOfAccountingCharges": {}, "otherItems": {}, "netIncome": 29926000, "netIncomeApplicableToCommonShares": 29926000}], "maxAge": 86400}, "cashflowStatementHistoryQuarterly": {"cashflowStatements": [{"maxAge": 1, "endDate": "2020-09-30", "netIncome": 28716000, "depreciation": 4187000, "changeToNetincome": 6127000, "changeToAccountReceivables": -98966000, "changeToLiabilities": 109364000, "changeToInventory": -31483500, "changeToOperatingActivities": -23289500, "totalCashFromOperatingActivities": -13440500, "capitalExpenditures": -10624000, "investments": -8249500, "otherCashflowsFromInvestingActivities": 234500, "totalCashflowsFromInvestingActivities": -18639000, "netBorrowings": 43946000, "otherCashflowsFromFinancingActivities": -13738000, "totalCashFromFinancingActivities": 30208000, "changeInCash": -1871500}, {"maxAge": 1, "endDate": "2020-06-30", "netIncome": 20620500, "depreciation": 4187000, "changeToNetincome": 6127000, "changeToAccountReceivables": -98966000, "changeToLiabilities": 109364000, "changeToInventory": -31483500, "changeToOperatingActivities": -23289500, "totalCashFromOperatingActivities": -13440500, "capitalExpenditures": -10624000, "investments": -8249500, "otherCashflowsFromInvestingActivities": 234500, "totalCashflowsFromInvestingActivities": -18639000, "netBorrowings": 43946000, "otherCashflowsFromFinancingActivities": -13738000, "totalCashFromFinancingActivities": 30208000, "changeInCash": -1871500}, {"maxAge": 1, "endDate": "2020-03-31", "netIncome": 31619060, "depreciation": 4187000, "changeToNetincome": 6127000, "changeToAccountReceivables": -98966000, "changeToLiabilities": 0, "changeToInventory": -31483500, "changeToOperatingActivities": -23289500, "totalCashFromOperatingActivities": -13440500, "capitalExpenditures": -10624000, "investments": -8249500, "otherCashflowsFromInvestingActivities": 234500, "totalCashflowsFromInvestingActivities": -18639000, "netBorrowings": 43946000, "otherCashflowsFromFinancingActivities": -13738000, "totalCashFromFinancingActivities": 30208000, "changeInCash": -1871500}, {"maxAge": 1, "endDate": "2019-12-31", "netIncome": 29926000, "depreciation": 4187000, "changeToNetincome": 6127000, "changeToAccountReceivables": -98966000, "changeToLiabilities": 0, "changeToInventory": -31483500, "changeToOperatingActivities": -23289500, "totalCashFromOperatingActivities": -13440500, "capitalExpenditures": -10624000, "investments": -8249500, "otherCashflowsFromInvestingActivities": 234500, "totalCashflowsFromInvestingActivities": -18639000, "netBorrowings": 43946000, "otherCashflowsFromFinancingActivities": -13738000, "totalCashFromFinancingActivities": 30208000, "changeInCash": -1871500}], "maxAge": 86400}, "insiderHolders": {"holders": [{"maxAge": 1, "name": "Garg (Rakesh)", "relation": "Non Independent Director", "url": "", "transactionDescription": "Other", "latestTransDate": "2020-01-01", "positionDirect": 1568700, "positionDirectDate": "2020-01-01"}, {"maxAge": 1, "name": "Singla (Dhruv)", "relation": "Promoter", "url": "", "transactionDescription": "Other", "latestTransDate": "2020-01-01", "positionDirect": 484500, "positionDirectDate": "2020-01-01"}], "maxAge": 1}, "calendarEvents": {"maxAge": 1, "earnings": {"earningsDate": []}}, "price": {"maxAge": 1, "regularMarketChangePercent": -0.019965144, "regularMarketChange": -10.300018, "regularMarketTime": "2021-04-30 15:23:28", "priceHint": 2, "regularMarketPrice": 505.6, "regularMarketDayHigh": 517.0, "regularMarketDayLow": 505.6, "regularMarketVolume": 8464, "averageDailyVolume10Day": 12167, "averageDailyVolume3Month": 33108, "regularMarketPreviousClose": 515.9, "regularMarketSource": "FREE_REALTIME", "regularMarketOpen": 505.6, "exchange": "BSE", "exchangeName": "BSE", "exchangeDataDelayedBy": 0, "marketState": "CLOSED", "quoteType": "EQUITY", "symbol": "JTLINFRA.BO", "underlyingSymbol": null, "shortName": "JTL INFRA LTD.", "longName": "JTL Infra Limited", "currency": "INR", "quoteSourceName": "Delayed Quote", "currencySymbol": "\u20b9", "fromCurrency": null, "toCurrency": null, "lastMarket": null, "marketCap": 5363101696}, "balanceSheetHistory": {"balanceSheetStatements": [{"maxAge": 1, "endDate": "2020-03-31", "cash": 5392174, "shortTermInvestments": 23288734, "netReceivables": 594019399, "inventory": 420138712, "otherCurrentAssets": 112125059, "totalCurrentAssets": 1155241384, "longTermInvestments": 178416, "propertyPlantEquipment": 236754995, "otherAssets": 9971462, "totalAssets": 1402146257, "accountsPayable": 111732516, "shortLongTermDebt": 1323697, "otherCurrentLiab": 68851855, "longTermDebt": 832602, "otherLiab": 24053728, "totalCurrentLiabilities": 765005609, "totalLiab": 789891939, "commonStock": 106074300, "retainedEarnings": 378531637, "treasuryStock": 29220012, "capitalSurplus": 98428369, "otherStockholderEquity": 29220012, "totalStockholderEquity": 612254318, "netTangibleAssets": 612254318}, {"maxAge": 1, "endDate": "2019-03-31", "cash": 1760183, "shortTermInvestments": 19572537, "netReceivables": 589118729, "inventory": 220651679, "otherCurrentAssets": 49257326, "totalCurrentAssets": 880631756, "longTermInvestments": 178416, "propertyPlantEquipment": 194828731, "otherAssets": 3237981, "totalAssets": 1078876884, "accountsPayable": 60147163, "shortLongTermDebt": 1200334, "otherCurrentLiab": 193420494, "longTermDebt": 2126397, "otherLiab": 29079065, "totalCurrentLiabilities": 606468164, "totalLiab": 637673626, "commonStock": 100074300, "retainedEarnings": 277780577, "treasuryStock": 62120012, "capitalSurplus": 1228369, "otherStockholderEquity": 62120012, "totalStockholderEquity": 441203258, "netTangibleAssets": 441203258}, {"maxAge": 1, "endDate": "2018-03-31", "cash": 1663206, "shortTermInvestments": 12191242, "netReceivables": 316132651, "inventory": 188899972, "otherCurrentAssets": 123134409, "totalCurrentAssets": 642312022, "longTermInvestments": 209346, "propertyPlantEquipment": 78671888, "otherAssets": 2696048, "totalAssets": 723889304, "accountsPayable": 201733748, "shortLongTermDebt": 841674, "otherCurrentLiab": 35699369, "longTermDebt": 1582811, "otherLiab": 32646533, "totalCurrentLiabilities": 454269442, "totalLiab": 488498786, "commonStock": 100074300, "retainedEarnings": 132767837, "treasuryStock": 1320012, "capitalSurplus": 1228369, "otherStockholderEquity": 1320012, "totalStockholderEquity": 235390518, "netTangibleAssets": 235390518}, {"maxAge": 1, "endDate": "2017-03-31", "cash": 1046454, "shortTermInvestments": 6205117, "netReceivables": 166541711, "inventory": 163190420, "otherCurrentAssets": 100876280, "totalCurrentAssets": 438064521, "longTermInvestments": 141674, "propertyPlantEquipment": 43702485, "otherAssets": 2641047, "totalAssets": 484549727, "accountsPayable": 100623786, "shortLongTermDebt": 929935, "otherCurrentLiab": 4065370, "longTermDebt": 2762831, "otherLiab": 99831367, "totalCurrentLiabilities": 225963282, "totalLiab": 328557480, "commonStock": 100074300, "retainedEarnings": 53369566, "treasuryStock": 1320012, "capitalSurplus": 1228369, "otherStockholderEquity": 1320012, "totalStockholderEquity": 155992247, "netTangibleAssets": 155992247}], "maxAge": 86400}, "financialData": {"maxAge": 86400, "currentPrice": 505.6, "recommendationKey": "none", "grossProfits": 265995481, "financialCurrency": "INR"}}}