{"JUPITERIN.BO": {"cashflowStatementHistory": {"cashflowStatements": [{"maxAge": 1, "endDate": "2020-03-31", "netIncome": -7849950, "depreciation": 354500, "changeToNetincome": 4117070, "changeToAccountReceivables": -277560, "changeToLiabilities": 3260, "changeToInventory": -2281470, "changeToOperatingActivities": 2163690, "totalCashFromOperatingActivities": -2267420, "capitalExpenditures": -1094260, "investments": 19078590, "otherCashflowsFromInvestingActivities": 3682160, "totalCashflowsFromInvestingActivities": 9291490, "netBorrowings": -6076840, "otherCashflowsFromFinancingActivities": -515230, "totalCashFromFinancingActivities": -6592070, "changeInCash": 432000}, {"maxAge": 1, "endDate": "2019-03-31", "netIncome": -228630, "depreciation": 2296990, "changeToNetincome": -4902750, "changeToAccountReceivables": -5680, "changeToLiabilities": 2390, "changeToInventory": -125790, "changeToOperatingActivities": -17384400, "totalCashFromOperatingActivities": -20347870, "capitalExpenditures": -1120060, "investments": 20848850, "otherCashflowsFromInvestingActivities": 2727700, "totalCashflowsFromInvestingActivities": 14819490, "netBorrowings": 6076840, "otherCashflowsFromFinancingActivities": -762650, "totalCashFromFinancingActivities": 5314190, "changeInCash": -214190}, {"maxAge": 1, "endDate": "2018-03-31", "netIncome": -2481980, "depreciation": 2752760, "changeToNetincome": -683900, "changeToAccountReceivables": 26900, "changeToLiabilities": 32900, "changeToInventory": -125790, "changeToOperatingActivities": 6119990, "totalCashFromOperatingActivities": 5766670, "capitalExpenditures": -1416780, "investments": 5697430, "otherCashflowsFromInvestingActivities": 446490, "totalCashflowsFromInvestingActivities": -4385860, "dividendsPaid": -1002000, "netBorrowings": 6076840, "otherCashflowsFromFinancingActivities": -204000, "totalCashFromFinancingActivities": -1206000, "changeInCash": 174810}, {"maxAge": 1, "endDate": "2017-03-31", "netIncome": 14420950, "depreciation": 600930, "changeToNetincome": -15168450, "changeToAccountReceivables": 22070, "changeToLiabilities": 2520, "changeToInventory": -125790, "changeToOperatingActivities": 12400, "totalCashFromOperatingActivities": 1873150, "capitalExpenditures": -1829450, "investments": -4894850, "otherCashflowsFromInvestingActivities": 161030, "totalCashflowsFromInvestingActivities": -6563270, "dividendsPaid": -1002000, "netBorrowings": 6076840, "otherCashflowsFromFinancingActivities": -204000, "totalCashFromFinancingActivities": -1206000, "changeInCash": -4690130}], "maxAge": 86400}, "institutionOwnership": {"maxAge": 1, "ownershipList": []}, "balanceSheetHistoryQuarterly": {"balanceSheetStatements": [{"maxAge": 1, "endDate": "2020-09-30", "cash": 261000, "netReceivables": 6336000, "inventory": 5287000, "otherCurrentAssets": 6988000, "totalCurrentAssets": 18872000, "longTermInvestments": 376000, "propertyPlantEquipment": 5074000, "intangibleAssets": 1917000, "otherAssets": 77096000, "deferredLongTermAssetCharges": 4271000, "totalAssets": 103335000, "accountsPayable": 68000, "otherCurrentLiab": 1228000, "totalCurrentLiabilities": 1296000, "totalLiab": 1296000, "commonStock": 100200000, "treasuryStock": 1839000, "otherStockholderEquity": 1839000, "totalStockholderEquity": 102039000, "netTangibleAssets": 100122000}, {"maxAge": 1, "endDate": "2020-06-30", "totalStockholderEquity": 98380000, "netTangibleAssets": 95928000}, {"maxAge": 1, "endDate": "2020-03-31", "cash": 844350, "netReceivables": 6212020, "inventory": 31260, "otherCurrentAssets": 2636170, "totalCurrentAssets": 12099800, "longTermInvestments": 297000, "propertyPlantEquipment": 5225560, "intangibleAssets": 2452710, "otherAssets": 78750740, "deferredLongTermAssetCharges": 4925740, "totalAssets": 98825810, "accountsPayable": 54390, "otherCurrentLiab": 315560, "totalCurrentLiabilities": 443590, "totalLiab": 443590, "commonStock": 100200000, "retainedEarnings": -5575780, "treasuryStock": 4000, "capitalSurplus": 3754000, "otherStockholderEquity": 4000, "totalStockholderEquity": 98382220, "netTangibleAssets": 95929510}, {"maxAge": 1, "endDate": "2019-12-31", "totalStockholderEquity": 100972000, "netTangibleAssets": 98215000}], "maxAge": 86400}, "indexTrend": {"maxAge": 1, "symbol": "SP5", "peRatio": 19.7411, "pegRatio": 1.34172, "estimates": [{"period": "0q", "growth": 0.549}, {"period": "+1q", "growth": 0.431}, {"period": "0y", "growth": 0.305}, {"period": "+1y", "growth": 0.109}, {"period": "+5y", "growth": 0.120859005}, {"period": "-5y"}]}, "insiderTransactions": {"transactions": [{"maxAge": 1, "shares": 10500, "filerUrl": "", "transactionText": "", "filerName": "Modi (Umesh Vasantlal)", "filerRelation": "Chairman of the Board", "moneyText": "", "startDate": "2020-03-26", "ownership": "D"}, {"maxAge": 1, "shares": 10650, "filerUrl": "", "transactionText": "", "filerName": "Modi (Umesh Vasantlal)", "filerRelation": "Chairman of the Board", "moneyText": "", "startDate": "2019-12-31", "ownership": "D"}, {"maxAge": 1, "shares": 2350, "filerUrl": "", "transactionText": "", "filerName": "Modi (Umesh Vasantlal)", "filerRelation": "Chairman of the Board", "moneyText": "", "startDate": "2019-12-26", "ownership": "D"}, {"maxAge": 1, "shares": 2000, "filerUrl": "", "transactionText": "", "filerName": "Modi (Umesh Vasantlal)", "filerRelation": "Chairman of the Board", "moneyText": "", "startDate": "2019-12-20", "ownership": "D"}, {"maxAge": 1, "shares": 9000, "filerUrl": "", "transactionText": "", "filerName": "Modi (Umesh Vasantlal)", "filerRelation": "Chairman of the Board", "moneyText": "", "startDate": "2019-06-13", "ownership": "D"}, {"maxAge": 1, "shares": 14750, "filerUrl": "", "transactionText": "", "filerName": "Modi (Umesh Vasantlal)", "filerRelation": "Chairman of the Board", "moneyText": "", "startDate": "2019-05-29", "ownership": "D"}, {"maxAge": 1, "shares": 6250, "filerUrl": "", "transactionText": "", "filerName": "Modi (Umesh Vasantlal)", "filerRelation": "Chairman of the Board", "moneyText": "", "startDate": "2019-01-29", "ownership": "D"}, {"maxAge": 1, "shares": 12500, "filerUrl": "", "transactionText": "", "filerName": "Modi (Umesh Vasantlal)", "filerRelation": "Chairman of the Board", "moneyText": "", "startDate": "2019-01-29", "ownership": "D"}, {"maxAge": 1, "shares": 11500, "filerUrl": "", "transactionText": "", "filerName": "Modi (Umesh Vasantlal)", "filerRelation": "Chairman of the Board", "moneyText": "", "startDate": "2018-10-29", "ownership": "D"}], "maxAge": 1}, "quoteType": {"exchange": "BSE", "quoteType": "EQUITY", "symbol": "JUPITERIN.BO", "underlyingSymbol": "JUPITERIN.BO", "shortName": "JUPITER INFOMEDIA LTD.", "longName": "Jupiter Infomedia Limited", "firstTradeDateEpochUtc": "2012-08-16 09:15:00", "timeZoneFullName": "Asia/Kolkata", "timeZoneShortName": "IST", "uuid": "e86c9971-5803-378f-bf69-6ab016aee4a8", "messageBoardId": null, "gmtOffSetMilliseconds": 19800000, "maxAge": 1}, "incomeStatementHistory": {"incomeStatementHistory": [{"maxAge": 1, "endDate": "2020-03-31", "totalRevenue": 15044250, "costOfRevenue": 22852830, "grossProfit": -7808580, "researchDevelopment": {}, "sellingGeneralAdministrative": 100090, "nonRecurring": {}, "otherOperatingExpenses": 1217970, "totalOperatingExpenses": 26028430, "operatingIncome": -10984180, "totalOtherIncomeExpenseNet": 790450, "ebit": -10984180, "interestExpense": -515230, "incomeBeforeTax": -10193730, "incomeTaxExpense": -2343780, "minorityInterest": {}, "netIncomeFromContinuingOps": -7849950, "discontinuedOperations": {}, "extraordinaryItems": {}, "effectOfAccountingCharges": {}, "otherItems": {}, "netIncome": -7849950, "netIncomeApplicableToCommonShares": -7849950}, {"maxAge": 1, "endDate": "2019-03-31", "totalRevenue": 4150680, "costOfRevenue": 3374010, "grossProfit": 776670, "researchDevelopment": {}, "sellingGeneralAdministrative": 76280, "nonRecurring": {}, "otherOperatingExpenses": 1258390, "totalOperatingExpenses": 7005670, "operatingIncome": -2854990, "totalOtherIncomeExpenseNet": 2074020, "ebit": -2854990, "interestExpense": -762660, "incomeBeforeTax": -780970, "incomeTaxExpense": -552340, "minorityInterest": {}, "netIncomeFromContinuingOps": -228630, "discontinuedOperations": {}, "extraordinaryItems": {}, "effectOfAccountingCharges": {}, "otherItems": {}, "netIncome": -228630, "netIncomeApplicableToCommonShares": -228630}, {"maxAge": 1, "endDate": "2018-03-31", "totalRevenue": 4617470, "costOfRevenue": 2448100, "grossProfit": 2169370, "researchDevelopment": {}, "sellingGeneralAdministrative": 526200, "nonRecurring": {}, "otherOperatingExpenses": 1442780, "totalOperatingExpenses": 7169840, "operatingIncome": -2552370, "totalOtherIncomeExpenseNet": -1308610, "ebit": -2552370, "interestExpense": -49270, "incomeBeforeTax": -3860980, "incomeTaxExpense": -1379000, "minorityInterest": {}, "netIncomeFromContinuingOps": -2481980, "discontinuedOperations": {}, "extraordinaryItems": {}, "effectOfAccountingCharges": {}, "otherItems": {}, "netIncome": -2481980, "netIncomeApplicableToCommonShares": -2481980}, {"maxAge": 1, "endDate": "2017-03-31", "totalRevenue": 6336020, "costOfRevenue": 2442650, "grossProfit": 3893370, "researchDevelopment": {}, "sellingGeneralAdministrative": 74710, "nonRecurring": {}, "otherOperatingExpenses": 2115190, "totalOperatingExpenses": 7216210, "operatingIncome": -880190, "totalOtherIncomeExpenseNet": 16414140, "ebit": -880190, "interestExpense": -49270, "incomeBeforeTax": 15533950, "incomeTaxExpense": 1113000, "minorityInterest": {}, "netIncomeFromContinuingOps": 14420950, "discontinuedOperations": {}, "extraordinaryItems": {}, "effectOfAccountingCharges": {}, "otherItems": {}, "netIncome": 14420950, "netIncomeApplicableToCommonShares": 14420950}], "maxAge": 86400}, "fundOwnership": {"maxAge": 1, "ownershipList": []}, "summaryDetail": {"maxAge": 1, "priceHint": 2, "previousClose": 28.35, "open": 29.6, "dayLow": 27.65, "dayHigh": 29.6, "regularMarketPreviousClose": 28.35, "regularMarketOpen": 29.6, "regularMarketDayLow": 27.65, "regularMarketDayHigh": 29.6, "trailingPE": 260.28036, "volume": 92889, "regularMarketVolume": 92889, "averageVolume": 486, "averageVolume10days": 775, "averageDailyVolume10Day": 775, "bid": 27.75, "ask": 27.85, "bidSize": 0, "askSize": 0, "marketCap": 279056992, "fiftyTwoWeekLow": 19.5, "fiftyTwoWeekHigh": 47.75, "fiftyDayAverage": 29.714285, "twoHundredDayAverage": 30.168613, "currency": "INR", "fromCurrency": null, "toCurrency": null, "lastMarket": null, "algorithm": null, "tradeable": false}, "incomeStatementHistoryQuarterly": {"incomeStatementHistory": [{"maxAge": 1, "endDate": "2020-09-30", "totalRevenue": 3217000, "costOfRevenue": 365000, "grossProfit": 2852000, "researchDevelopment": {}, "sellingGeneralAdministrative": {}, "nonRecurring": {}, "otherOperatingExpenses": 277000, "totalOperatingExpenses": 986000, "operatingIncome": 2231000, "totalOtherIncomeExpenseNet": 1233000, "ebit": 2231000, "interestExpense": {}, "incomeBeforeTax": 3464000, "incomeTaxExpense": 876000, "minorityInterest": {}, "netIncomeFromContinuingOps": 2588000, "discontinuedOperations": {}, "extraordinaryItems": {}, "effectOfAccountingCharges": {}, "otherItems": {}, "netIncome": 2588000, "netIncomeApplicableToCommonShares": 2588000}, {"maxAge": 1, "endDate": "2020-06-30", "totalRevenue": 1142000, "costOfRevenue": 404000, "grossProfit": 738000, "researchDevelopment": {}, "sellingGeneralAdministrative": {}, "nonRecurring": {}, "otherOperatingExpenses": 356000, "totalOperatingExpenses": 1104000, "operatingIncome": 38000, "totalOtherIncomeExpenseNet": 1110000, "ebit": 38000, "interestExpense": {}, "incomeBeforeTax": 1148000, "incomeTaxExpense": 77000, "minorityInterest": {}, "netIncomeFromContinuingOps": 1071000, "discontinuedOperations": {}, "extraordinaryItems": {}, "effectOfAccountingCharges": {}, "otherItems": {}, "netIncome": 1071000, "netIncomeApplicableToCommonShares": 1071000}, {"maxAge": 1, "endDate": "2020-03-31", "totalRevenue": 12683250, "costOfRevenue": 19993830, "grossProfit": -7310580, "researchDevelopment": {}, "sellingGeneralAdministrative": 100090, "nonRecurring": {}, "otherOperatingExpenses": 123970, "totalOperatingExpenses": 20656430, "operatingIncome": -7973180, "totalOtherIncomeExpenseNet": 1790450, "ebit": -7973180, "interestExpense": -97230, "incomeBeforeTax": -6182730, "incomeTaxExpense": -1874780, "minorityInterest": {}, "netIncomeFromContinuingOps": -4307950, "discontinuedOperations": {}, "extraordinaryItems": {}, "effectOfAccountingCharges": {}, "otherItems": {}, "netIncome": -4307950, "netIncomeApplicableToCommonShares": -4307950}, {"maxAge": 1, "endDate": "2019-12-31", "totalRevenue": 655000, "costOfRevenue": 909000, "grossProfit": -254000, "researchDevelopment": {}, "sellingGeneralAdministrative": 100090, "nonRecurring": {}, "otherOperatingExpenses": 370000, "totalOperatingExpenses": 1743000, "operatingIncome": -1088000, "totalOtherIncomeExpenseNet": 2985000, "ebit": -1088000, "interestExpense": -128000, "incomeBeforeTax": 1897000, "incomeTaxExpense": 178000, "minorityInterest": {}, "netIncomeFromContinuingOps": 1719000, "discontinuedOperations": {}, "extraordinaryItems": {}, "effectOfAccountingCharges": {}, "otherItems": {}, "netIncome": 1719000, "netIncomeApplicableToCommonShares": 1719000}], "maxAge": 86400}, "cashflowStatementHistoryQuarterly": {"cashflowStatements": [{"maxAge": 1, "endDate": "2020-09-30", "netIncome": 2588000, "changeToLiabilities": 0}, {"maxAge": 1, "endDate": "2020-06-30", "netIncome": 1071000, "changeToLiabilities": 0}, {"maxAge": 1, "endDate": "2020-03-31", "netIncome": -4307950, "changeToLiabilities": 0}, {"maxAge": 1, "endDate": "2019-12-31", "netIncome": 1719000, "changeToLiabilities": 0}], "maxAge": 86400}, "insiderHolders": {"holders": [{"maxAge": 1, "name": "Modi (Umesh Vasantlal)", "relation": "Chairman of the Board", "url": "", "transactionDescription": "Acquisition", "latestTransDate": "2020-03-26", "positionDirect": 3050500, "positionDirectDate": "2020-03-26"}], "maxAge": 1}, "calendarEvents": {"maxAge": 1, "earnings": {"earningsDate": []}}, "price": {"maxAge": 1, "regularMarketChangePercent": -0.017636685, "regularMarketChange": -0.5, "regularMarketTime": "2021-04-30 15:29:57", "priceHint": 2, "regularMarketPrice": 27.85, "regularMarketDayHigh": 29.6, "regularMarketDayLow": 27.65, "regularMarketVolume": 92889, "averageDailyVolume10Day": 775, "averageDailyVolume3Month": 486, "regularMarketPreviousClose": 28.35, "regularMarketSource": "FREE_REALTIME", "regularMarketOpen": 29.6, "exchange": "BSE", "exchangeName": "BSE", "exchangeDataDelayedBy": 0, "marketState": "CLOSED", "quoteType": "EQUITY", "symbol": "JUPITERIN.BO", "underlyingSymbol": null, "shortName": "JUPITER INFOMEDIA LTD.", "longName": "Jupiter Infomedia Limited", "currency": "INR", "quoteSourceName": "Delayed Quote", "currencySymbol": "\u20b9", "fromCurrency": null, "toCurrency": null, "lastMarket": null, "marketCap": 279056992}, "balanceSheetHistory": {"balanceSheetStatements": [{"maxAge": 1, "endDate": "2020-03-31", "cash": 844350, "netReceivables": 6212020, "inventory": 31260, "otherCurrentAssets": 2636170, "totalCurrentAssets": 12099800, "longTermInvestments": 297000, "propertyPlantEquipment": 5225560, "intangibleAssets": 2452710, "otherAssets": 78750740, "deferredLongTermAssetCharges": 4925740, "totalAssets": 98825810, "accountsPayable": 54390, "otherCurrentLiab": 315560, "totalCurrentLiabilities": 443590, "totalLiab": 443590, "commonStock": 100200000, "retainedEarnings": -5575780, "treasuryStock": 4000, "capitalSurplus": 3754000, "otherStockholderEquity": 4000, "totalStockholderEquity": 98382220, "netTangibleAssets": 95929510}, {"maxAge": 1, "endDate": "2019-03-31", "cash": 412500, "netReceivables": 2399870, "inventory": 125790, "otherCurrentAssets": 2184250, "totalCurrentAssets": 5122410, "longTermInvestments": 29426590, "propertyPlantEquipment": 5580700, "intangibleAssets": 2861490, "otherAssets": 69831180, "deferredLongTermAssetCharges": 2581180, "totalAssets": 112822370, "accountsPayable": 51130, "otherCurrentLiab": 385300, "totalCurrentLiabilities": 6590200, "totalLiab": 6590200, "commonStock": 100200000, "retainedEarnings": 2274170, "treasuryStock": 4000, "capitalSurplus": 3754000, "otherStockholderEquity": 4000, "totalStockholderEquity": 106232170, "netTangibleAssets": 103370680}, {"maxAge": 1, "endDate": "2018-03-31", "cash": 626690, "netReceivables": 11800, "otherCurrentAssets": 907630, "totalCurrentAssets": 1546120, "longTermInvestments": 49260680, "propertyPlantEquipment": 5991600, "intangibleAssets": 3626530, "otherAssets": 46606330, "deferredLongTermAssetCharges": 1993340, "totalAssets": 107031260, "accountsPayable": 48740, "otherCurrentLiab": 231620, "otherLiab": -10, "totalCurrentLiabilities": 570460, "totalLiab": 570450, "commonStock": 100200000, "retainedEarnings": 2502810, "treasuryStock": 4000, "capitalSurplus": 3754000, "otherStockholderEquity": 4000, "totalStockholderEquity": 106460810, "netTangibleAssets": 102834280}, {"maxAge": 1, "endDate": "2017-03-31", "cash": 451890, "netReceivables": 38700, "otherCurrentAssets": 882650, "totalCurrentAssets": 1373240, "longTermInvestments": 56864740, "propertyPlantEquipment": 6453200, "intangibleAssets": 4499950, "otherAssets": 41949700, "deferredLongTermAssetCharges": 449700, "totalAssets": 111140830, "accountsPayable": 15840, "otherCurrentLiab": 640990, "totalCurrentLiabilities": 992040, "totalLiab": 992040, "commonStock": 100200000, "retainedEarnings": 6190790, "treasuryStock": 4000, "capitalSurplus": 3754000, "otherStockholderEquity": 4000, "totalStockholderEquity": 110148790, "netTangibleAssets": 105648840}], "maxAge": 86400}, "financialData": {"maxAge": 86400, "currentPrice": 27.85, "recommendationKey": "none", "grossProfits": -7808580, "financialCurrency": "INR"}}}