{"KAJARIR.BO": {"recommendationTrend": {"trend": [{"period": "0m", "strongBuy": 0, "buy": 0, "hold": 0, "sell": 0, "strongSell": 0}, {"period": "-1m", "strongBuy": 0, "buy": 0, "hold": 0, "sell": 0, "strongSell": 0}, {"period": "-2m", "strongBuy": 0, "buy": 0, "hold": 0, "sell": 0, "strongSell": 0}, {"period": "-3m", "strongBuy": 0, "buy": 0, "hold": 0, "sell": 0, "strongSell": 0}], "maxAge": 86400}, "cashflowStatementHistory": {"cashflowStatements": [{"maxAge": 1, "endDate": "2020-03-31", "netIncome": 82286000, "depreciation": 75485000, "changeToNetincome": 61248000, "changeToAccountReceivables": 391111000, "changeToLiabilities": -86330000, "changeToInventory": -539210000, "changeToOperatingActivities": 105952000, "totalCashFromOperatingActivities": 90542000, "capitalExpenditures": -163030000, "otherCashflowsFromInvestingActivities": 48328000, "totalCashflowsFromInvestingActivities": -114702000, "netBorrowings": 109865000, "otherCashflowsFromFinancingActivities": -69917000, "totalCashFromFinancingActivities": 39948000, "changeInCash": 15788000}, {"maxAge": 1, "endDate": "2019-03-31", "netIncome": 317382000, "depreciation": 77100000, "changeToNetincome": 63514000, "changeToAccountReceivables": -186188000, "changeToLiabilities": 167891000, "changeToInventory": -219338000, "changeToOperatingActivities": 200931000, "totalCashFromOperatingActivities": 421292000, "capitalExpenditures": -562341000, "otherCashflowsFromInvestingActivities": 36837000, "totalCashflowsFromInvestingActivities": -525384000, "netBorrowings": 154512000, "otherCashflowsFromFinancingActivities": -50436000, "totalCashFromFinancingActivities": 104076000, "changeInCash": -16000}, {"maxAge": 1, "endDate": "2018-03-31", "netIncome": 110309000, "depreciation": 81635000, "changeToNetincome": 85509000, "changeToAccountReceivables": 20210000, "changeToLiabilities": 66125000, "changeToInventory": 189882000, "changeToOperatingActivities": -263227000, "totalCashFromOperatingActivities": 290443000, "capitalExpenditures": -193452000, "otherCashflowsFromInvestingActivities": 10831000, "totalCashflowsFromInvestingActivities": -182519000, "netBorrowings": -66771000, "otherCashflowsFromFinancingActivities": -41591000, "totalCashFromFinancingActivities": -108362000, "changeInCash": -438000}, {"maxAge": 1, "endDate": "2017-03-31", "netIncome": 25916000, "depreciation": 85140000, "changeToNetincome": 53825000, "changeToAccountReceivables": 48591000, "changeToLiabilities": -126017000, "changeToInventory": 88733000, "changeToOperatingActivities": -263494000, "totalCashFromOperatingActivities": -87203000, "capitalExpenditures": -3764000, "otherCashflowsFromInvestingActivities": 20821000, "totalCashflowsFromInvestingActivities": 17233000, "netBorrowings": -57624000, "otherCashflowsFromFinancingActivities": -60989000, "totalCashFromFinancingActivities": -118613000, "changeInCash": -188583000}], "maxAge": 86400}, "institutionOwnership": {"ownershipList": [], "maxAge": 1}, "balanceSheetHistoryQuarterly": {"balanceSheetStatements": [{"maxAge": 1, "endDate": "2020-06-30", "totalStockholderEquity": 1100995000, "netTangibleAssets": 1100995000}, {"maxAge": 1, "endDate": "2020-03-31", "cash": 46494000, "shortTermInvestments": 20748000, "netReceivables": 79079000, "inventory": 1784757000, "otherCurrentAssets": 133364000, "totalCurrentAssets": 2066301000, "propertyPlantEquipment": 1927384000, "otherAssets": 3829000, "totalAssets": 3997514000, "accountsPayable": 1184384000, "shortLongTermDebt": 66830000, "otherCurrentLiab": 327244000, "longTermDebt": 716433000, "otherLiab": 162066000, "totalCurrentLiabilities": 2018020000, "totalLiab": 2896519000, "commonStock": 70992000, "retainedEarnings": 679600000, "treasuryStock": 30000000, "capitalSurplus": 197388000, "otherStockholderEquity": 30000000, "totalStockholderEquity": 977980000, "netTangibleAssets": 977980000}, {"maxAge": 1, "endDate": "2019-12-31", "totalStockholderEquity": 1107803000, "netTangibleAssets": 1107803000}, {"maxAge": 1, "endDate": "2019-09-30", "cash": 57512000, "netReceivables": 386861000, "inventory": 1072251000, "otherCurrentAssets": 636254000, "totalCurrentAssets": 2152878000, "propertyPlantEquipment": 1913476000, "otherAssets": 4063000, "totalAssets": 4070417000, "accountsPayable": 1476886000, "shortLongTermDebt": 2399000, "otherCurrentLiab": 394696000, "longTermDebt": 686640000, "otherLiab": 152529000, "totalCurrentLiabilities": 2123445000, "totalLiab": 2962614000, "commonStock": 70992000, "treasuryStock": 1036811000, "otherStockholderEquity": 1036811000, "totalStockholderEquity": 1107803000, "netTangibleAssets": 1107803000}], "maxAge": 86400}, "earningsHistory": {"history": [{"maxAge": 1, "epsActual": {}, "epsEstimate": {}, "epsDifference": {}, "surprisePercent": {}, "quarter": {}, "period": "-4q"}, {"maxAge": 1, "epsActual": {}, "epsEstimate": {}, "epsDifference": {}, "surprisePercent": {}, "quarter": {}, "period": "-3q"}, {"maxAge": 1, "epsActual": {}, "epsEstimate": {}, "epsDifference": {}, "surprisePercent": {}, "quarter": {}, "period": "-2q"}, {"maxAge": 1, "epsActual": 0.71, "epsEstimate": 2.83, "epsDifference": -2.12, "surprisePercent": -0.749, "quarter": "2017-09-30", "period": "-1q"}], "maxAge": 86400}, "indexTrend": {"maxAge": 1, "symbol": "SP5", "peRatio": 19.7411, "pegRatio": 1.34172, "estimates": [{"period": "0q", "growth": 0.549}, {"period": "+1q", "growth": 0.431}, {"period": "0y", "growth": 0.305}, {"period": "+1y", "growth": 0.109}, {"period": "+5y", "growth": 0.120859005}, {"period": "-5y"}]}, "industryTrend": {"maxAge": 1, "symbol": null, "estimates": []}, "insiderTransactions": {"transactions": [{"maxAge": 1, "shares": 24990, "value": 9333, "filerUrl": "", "transactionText": "Acquisition at price 0.37 per share.", "filerName": "Karni Syntex Pvt Ltd", "filerRelation": "Institution- Corporation", "moneyText": "", "startDate": "2020-11-10", "ownership": "D"}, {"maxAge": 1, "shares": 25001, "value": 9282, "filerUrl": "", "transactionText": "Acquisition at price 0.37 per share.", "filerName": "Karni Syntex Pvt Ltd", "filerRelation": "Institution- Corporation", "moneyText": "", "startDate": "2020-11-09", "ownership": "D"}, {"maxAge": 1, "shares": 13060, "value": 4858, "filerUrl": "", "transactionText": "Acquisition at price 0.37 per share.", "filerName": "Karni Syntex Pvt Ltd", "filerRelation": "Institution- Corporation", "moneyText": "", "startDate": "2020-11-05", "ownership": "D"}, {"maxAge": 1, "shares": 27674, "value": 10231, "filerUrl": "", "transactionText": "Acquisition at price 0.37 per share.", "filerName": "Karni Syntex Pvt Ltd", "filerRelation": "Institution- Corporation", "moneyText": "", "startDate": "2020-11-04", "ownership": "D"}, {"maxAge": 1, "shares": 27537, "value": 8495, "filerUrl": "", "transactionText": "Acquisition at price 0.31 per share.", "filerName": "Karni Syntex Pvt Ltd", "filerRelation": "Institution- Corporation", "moneyText": "", "startDate": "2020-10-30", "ownership": "D"}, {"maxAge": 1, "shares": 41028, "value": 12464, "filerUrl": "", "transactionText": "Acquisition at price 0.30 per share.", "filerName": "Karni Syntex Pvt Ltd", "filerRelation": "Institution- Corporation", "moneyText": "", "startDate": "2020-10-29", "ownership": "D"}, {"maxAge": 1, "shares": 16658115, "value": 5094051, "filerUrl": "", "transactionText": "Acquisition at price 0.31 per share.", "filerName": "Karni Syntex Pvt Ltd", "filerRelation": "Promoter", "moneyText": "", "startDate": "2020-10-28", "ownership": "D"}, {"maxAge": 1, "shares": 200000, "filerUrl": "", "transactionText": "", "filerName": "Jalan (Radhey Shyam)", "filerRelation": "UNREPORTED", "moneyText": "", "startDate": "2019-12-13", "ownership": "D"}, {"maxAge": 1, "shares": 184983, "filerUrl": "", "transactionText": "", "filerName": "Jalan (Radhey Shyam)", "filerRelation": "UNREPORTED", "moneyText": "", "startDate": "2019-12-12", "ownership": "D"}, {"maxAge": 1, "shares": 10211, "filerUrl": "", "transactionText": "", "filerName": "Karni Syntex Pvt Ltd", "filerRelation": "Promoter", "moneyText": "", "startDate": "2017-01-13", "ownership": "D"}, {"maxAge": 1, "shares": 50000, "filerUrl": "", "transactionText": "", "filerName": "Karni Syntex Pvt Ltd", "filerRelation": "Promoter", "moneyText": "", "startDate": "2015-04-22", "ownership": "D"}, {"maxAge": 1, "shares": 50000, "filerUrl": "", "transactionText": "", "filerName": "Karni Syntex Pvt Ltd", "filerRelation": "Promoter", "moneyText": "", "startDate": "2015-04-17", "ownership": "D"}, {"maxAge": 1, "shares": 45972, "filerUrl": "", "transactionText": "", "filerName": "Karni Syntex Pvt Ltd", "filerRelation": "Promoter", "moneyText": "", "startDate": "2015-04-15", "ownership": "D"}, {"maxAge": 1, "shares": 79116, "filerUrl": "", "transactionText": "", "filerName": "Karni Syntex Pvt Ltd", "filerRelation": "Promoter", "moneyText": "", "startDate": "2015-01-22", "ownership": "D"}, {"maxAge": 1, "shares": 35000, "filerUrl": "", "transactionText": "", "filerName": "Karni Syntex Pvt Ltd", "filerRelation": "Promoter", "moneyText": "", "startDate": "2014-04-16", "ownership": "D"}, {"maxAge": 1, "shares": 25000, "filerUrl": "", "transactionText": "", "filerName": "Karni Syntex Pvt Ltd", "filerRelation": "Promoter", "moneyText": "", "startDate": "2014-04-15", "ownership": "D"}, {"maxAge": 1, "shares": 26752, "filerUrl": "", "transactionText": "", "filerName": "Karni Syntex Pvt Ltd", "filerRelation": "Promoter", "moneyText": "", "startDate": "2014-04-11", "ownership": "D"}, {"maxAge": 1, "shares": 23200, "filerUrl": "", "transactionText": "", "filerName": "Karni Syntex Pvt Ltd", "filerRelation": "Promoter", "moneyText": "", "startDate": "2014-04-10", "ownership": "D"}, {"maxAge": 1, "shares": 24116, "filerUrl": "", "transactionText": "", "filerName": "Karni Syntex Pvt Ltd", "filerRelation": "Promoter", "moneyText": "", "startDate": "2014-04-09", "ownership": "D"}, {"maxAge": 1, "shares": 49758, "filerUrl": "", "transactionText": "", "filerName": "Karni Syntex Pvt Ltd", "filerRelation": "Promoter", "moneyText": "", "startDate": "2014-04-07", "ownership": "D"}, {"maxAge": 1, "shares": 23500, "filerUrl": "", "transactionText": "", "filerName": "Karni Syntex Pvt Ltd", "filerRelation": "Promoter", "moneyText": "", "startDate": "2013-06-07", "ownership": "D"}, {"maxAge": 1, "shares": 20000, "filerUrl": "", "transactionText": "", "filerName": "Karni Syntex Pvt Ltd", "filerRelation": "Promoter", "moneyText": "", "startDate": "2013-06-06", "ownership": "D"}, {"maxAge": 1, "shares": 65350, "filerUrl": "", "transactionText": "", "filerName": "Karni Syntex Pvt Ltd", "filerRelation": "Promoter", "moneyText": "", "startDate": "2013-06-05", "ownership": "D"}, {"maxAge": 1, "shares": 17998, "filerUrl": "", "transactionText": "", "filerName": "Karni Syntex Pvt Ltd", "filerRelation": "Promoter", "moneyText": "", "startDate": "2013-06-04", "ownership": "D"}, {"maxAge": 1, "shares": 40425, "filerUrl": "", "transactionText": "", "filerName": "Karni Syntex Pvt Ltd", "filerRelation": "Promoter", "moneyText": "", "startDate": "2013-04-12", "ownership": "D"}, {"maxAge": 1, "shares": 45000, "filerUrl": "", "transactionText": "", "filerName": "Karni Syntex Pvt Ltd", "filerRelation": "Promoter", "moneyText": "", "startDate": "2013-04-11", "ownership": "D"}, {"maxAge": 1, "shares": 19997, "filerUrl": "", "transactionText": "", "filerName": "Karni Syntex Pvt Ltd", "filerRelation": "Promoter", "moneyText": "", "startDate": "2013-04-10", "ownership": "D"}, {"maxAge": 1, "shares": 5420, "filerUrl": "", "transactionText": "", "filerName": "Karni Syntex Pvt Ltd", "filerRelation": "Promoter", "moneyText": "", "startDate": "2013-04-09", "ownership": "D"}, {"maxAge": 1, "shares": 28800, "filerUrl": "", "transactionText": "", "filerName": "Karni Syntex Pvt Ltd", "filerRelation": "Promoter", "moneyText": "", "startDate": "2013-04-08", "ownership": "D"}, {"maxAge": 1, "shares": 29769, "filerUrl": "", "transactionText": "", "filerName": "Karni Syntex Pvt Ltd", "filerRelation": "Promoter", "moneyText": "", "startDate": "2013-04-05", "ownership": "D"}, {"maxAge": 1, "shares": 100000, "filerUrl": "", "transactionText": "", "filerName": "Sanjoyog Trade Link Pvt. Ltd.", "filerRelation": "Institution- Corporation", "moneyText": "", "startDate": "2013-04-05", "ownership": "D"}], "maxAge": 1}, "quoteType": {"exchange": "BSE", "quoteType": "EQUITY", "symbol": "KAJARIR.BO", "underlyingSymbol": "KAJARIR.BO", "shortName": "KIC METALIKS LTD.", "longName": "K I C Metaliks Limited", "firstTradeDateEpochUtc": "2002-05-07 09:15:00", "timeZoneFullName": "Asia/Kolkata", "timeZoneShortName": "IST", "uuid": "197f7890-6f7f-3dbd-826e-bc2faef9a3a8", "gmtOffSetMilliseconds": 19800000, "maxAge": 1}, "incomeStatementHistory": {"incomeStatementHistory": [{"maxAge": 1, "endDate": "2020-03-31", "totalRevenue": 4960677000, "costOfRevenue": 4255077000, "grossProfit": 705600000, "researchDevelopment": {}, "sellingGeneralAdministrative": 158101000, "nonRecurring": {}, "otherOperatingExpenses": 245725000, "totalOperatingExpenses": 4734388000, "operatingIncome": 226289000, "totalOtherIncomeExpenseNet": -70809000, "ebit": 226289000, "interestExpense": -78572000, "incomeBeforeTax": 155480000, "incomeTaxExpense": 73194000, "minorityInterest": {}, "netIncomeFromContinuingOps": 82286000, "discontinuedOperations": {}, "extraordinaryItems": {}, "effectOfAccountingCharges": {}, "otherItems": {}, "netIncome": 82286000, "netIncomeApplicableToCommonShares": 82286000}, {"maxAge": 1, "endDate": "2019-03-31", "totalRevenue": 8488420000, "costOfRevenue": 7498896000, "grossProfit": 989524000, "researchDevelopment": {}, "sellingGeneralAdministrative": 149637000, "nonRecurring": {}, "otherOperatingExpenses": 256716000, "totalOperatingExpenses": 7981975000, "operatingIncome": 506445000, "totalOtherIncomeExpenseNet": -40966000, "ebit": 506445000, "interestExpense": -63089000, "incomeBeforeTax": 465479000, "incomeTaxExpense": 148097000, "minorityInterest": {}, "netIncomeFromContinuingOps": 317382000, "discontinuedOperations": {}, "extraordinaryItems": {}, "effectOfAccountingCharges": {}, "otherItems": {}, "netIncome": 317382000, "netIncomeApplicableToCommonShares": 317382000}, {"maxAge": 1, "endDate": "2018-03-31", "totalRevenue": 5656003000, "costOfRevenue": 5012582000, "grossProfit": 643421000, "researchDevelopment": {}, "sellingGeneralAdministrative": 127428000, "nonRecurring": {}, "otherOperatingExpenses": 197641000, "totalOperatingExpenses": 5418911000, "operatingIncome": 237092000, "totalOtherIncomeExpenseNet": -35679000, "ebit": 237092000, "interestExpense": -56227000, "incomeBeforeTax": 201413000, "incomeTaxExpense": 91104000, "minorityInterest": {}, "netIncomeFromContinuingOps": 110309000, "discontinuedOperations": {}, "extraordinaryItems": {}, "effectOfAccountingCharges": {}, "otherItems": {}, "netIncome": 110309000, "netIncomeApplicableToCommonShares": 110309000}, {"maxAge": 1, "endDate": "2017-03-31", "totalRevenue": 2885551000, "costOfRevenue": 2442071000, "grossProfit": 443480000, "researchDevelopment": {}, "sellingGeneralAdministrative": 105424000, "nonRecurring": {}, "otherOperatingExpenses": 192598000, "totalOperatingExpenses": 2824962000, "operatingIncome": 60589000, "totalOtherIncomeExpenseNet": -26767000, "ebit": 60589000, "interestExpense": -70345000, "incomeBeforeTax": 33822000, "incomeTaxExpense": 7906000, "minorityInterest": {}, "netIncomeFromContinuingOps": 25916000, "discontinuedOperations": {}, "extraordinaryItems": {}, "effectOfAccountingCharges": {}, "otherItems": {}, "netIncome": 25916000, "netIncomeApplicableToCommonShares": 25916000}], "maxAge": 86400}, "fundOwnership": {"ownershipList": [], "maxAge": 1}, "summaryDetail": {"maxAge": 1, "priceHint": 2, "previousClose": 33.5, "open": 33.9, "dayLow": 33.9, "dayHigh": 40.2, "regularMarketPreviousClose": 33.5, "regularMarketOpen": 33.9, "regularMarketDayLow": 33.9, "regularMarketDayHigh": 40.2, "forwardPE": 2.7309783, "volume": 88152, "regularMarketVolume": 88152, "averageVolume": 13711, "averageVolume10days": 2154, "averageDailyVolume10Day": 2154, "bid": 40.2, "ask": 0.0, "bidSize": 0, "askSize": 0, "marketCap": 1426939264, "fiftyTwoWeekLow": 21.55, "fiftyTwoWeekHigh": 51.0, "fiftyDayAverage": 36.219696, "twoHundredDayAverage": 30.21397, "currency": "INR", "fromCurrency": null, "lastMarket": null, "algorithm": null, "tradeable": false}, "sectorTrend": {"maxAge": 1, "symbol": null, "estimates": []}, "incomeStatementHistoryQuarterly": {"incomeStatementHistory": [{"maxAge": 1, "endDate": "2020-06-30", "totalRevenue": 605485000, "costOfRevenue": 585794000, "grossProfit": 19691000, "researchDevelopment": {}, "sellingGeneralAdministrative": 26629000, "nonRecurring": {}, "otherOperatingExpenses": 30350000, "totalOperatingExpenses": 661398000, "operatingIncome": -55913000, "totalOtherIncomeExpenseNet": -6574000, "ebit": -55913000, "interestExpense": -19354000, "incomeBeforeTax": -62487000, "incomeTaxExpense": -21780000, "minorityInterest": {}, "netIncomeFromContinuingOps": -40707000, "discontinuedOperations": {}, "extraordinaryItems": {}, "effectOfAccountingCharges": {}, "otherItems": {}, "netIncome": -40707000, "netIncomeApplicableToCommonShares": -40707000}, {"maxAge": 1, "endDate": "2020-03-31", "totalRevenue": 1102544000, "costOfRevenue": 1009841000, "grossProfit": 92703000, "researchDevelopment": {}, "sellingGeneralAdministrative": 42651000, "nonRecurring": {}, "otherOperatingExpenses": 50796000, "totalOperatingExpenses": 1122039000, "operatingIncome": -19495000, "totalOtherIncomeExpenseNet": -47404000, "ebit": -19495000, "interestExpense": -14881000, "incomeBeforeTax": -66899000, "incomeTaxExpense": -33135000, "minorityInterest": {}, "netIncomeFromContinuingOps": -33764000, "discontinuedOperations": {}, "extraordinaryItems": {}, "effectOfAccountingCharges": {}, "otherItems": {}, "netIncome": -33764000, "netIncomeApplicableToCommonShares": -33764000}, {"maxAge": 1, "endDate": "2019-12-31", "totalRevenue": 1490409000, "costOfRevenue": 1245845000, "grossProfit": 244564000, "researchDevelopment": {}, "sellingGeneralAdministrative": 38056000, "nonRecurring": {}, "otherOperatingExpenses": 85225000, "totalOperatingExpenses": 1388017000, "operatingIncome": 102392000, "totalOtherIncomeExpenseNet": -27963000, "ebit": 102392000, "interestExpense": -29834000, "incomeBeforeTax": 74429000, "incomeTaxExpense": 46788000, "minorityInterest": {}, "netIncomeFromContinuingOps": 27641000, "discontinuedOperations": {}, "extraordinaryItems": {}, "effectOfAccountingCharges": {}, "otherItems": {}, "netIncome": 27641000, "netIncomeApplicableToCommonShares": 27641000}, {"maxAge": 1, "endDate": "2019-09-30", "totalRevenue": 1192169000, "costOfRevenue": 1013034000, "grossProfit": 179135000, "researchDevelopment": {}, "sellingGeneralAdministrative": 44482000, "nonRecurring": {}, "otherOperatingExpenses": 59365000, "totalOperatingExpenses": 1135771000, "operatingIncome": 56398000, "totalOtherIncomeExpenseNet": 15151000, "ebit": 56398000, "interestExpense": -20385000, "incomeBeforeTax": 71549000, "incomeTaxExpense": 31341000, "minorityInterest": {}, "netIncomeFromContinuingOps": 40208000, "discontinuedOperations": {}, "extraordinaryItems": {}, "effectOfAccountingCharges": {}, "otherItems": {}, "netIncome": 40208000, "netIncomeApplicableToCommonShares": 40208000}], "maxAge": 86400}, "cashflowStatementHistoryQuarterly": {"cashflowStatements": [{"maxAge": 1, "endDate": "2020-06-30", "netIncome": -40707000, "changeToLiabilities": 0}, {"maxAge": 1, "endDate": "2020-03-31", "netIncome": -33764000, "changeToLiabilities": 0}, {"maxAge": 1, "endDate": "2019-12-31", "netIncome": 27641000, "changeToLiabilities": 0}, {"maxAge": 1, "endDate": "2019-09-30", "netIncome": 40208000, "changeToLiabilities": 0}], "maxAge": 86400}, "insiderHolders": {"holders": [{"maxAge": 1, "name": "Jalan (Radhey Shyam)", "relation": "UNREPORTED", "url": "", "transactionDescription": "Acquisition", "latestTransDate": "2019-12-13", "positionDirect": 384983, "positionDirectDate": "2019-12-13"}, {"maxAge": 1, "name": "Karni Syntex Pvt Ltd", "relation": "Institution- Corporation", "url": "", "transactionDescription": "Acquisition", "latestTransDate": "2020-11-10", "positionDirect": 20954501, "positionDirectDate": "2020-11-10"}, {"maxAge": 1, "name": "Sanjoyog Trade Link Pvt. Ltd.", "relation": "Institution- Corporation", "url": "", "transactionDescription": "Acquisition", "latestTransDate": "2013-04-05", "positionDirect": 496000, "positionDirectDate": "2013-04-05"}], "maxAge": 1}, "earnings": {"maxAge": 86400, "earningsChart": {"quarterly": [{"date": "3Q2017", "actual": 0.71, "estimate": 2.83}], "currentQuarterEstimateDate": "4Q", "currentQuarterEstimateYear": 2017, "earningsDate": ["2020-07-30 05:30:S"]}, "financialsChart": {"yearly": [{"date": 2017, "revenue": 2885551000, "earnings": 25916000}, {"date": 2018, "revenue": 5656003000, "earnings": 110309000}, {"date": 2019, "revenue": 8488420000, "earnings": 317382000}, {"date": 2020, "revenue": 4960677000, "earnings": 82286000}], "quarterly": [{"date": "3Q2019", "revenue": 1192169000, "earnings": 40208000}, {"date": "4Q2019", "revenue": 1490409000, "earnings": 27641000}, {"date": "1Q2020", "revenue": 1102544000, "earnings": -33764000}, {"date": "2Q2020", "revenue": 605485000, "earnings": -40707000}]}, "financialCurrency": "INR"}, "calendarEvents": {"maxAge": 1, "earnings": {"earningsDate": ["2020-07-30 05:30:S"], "revenueAverage": 1120120000}}, "upgradeDowngradeHistory": {"history": [], "maxAge": 86400}, "price": {"maxAge": 1, "regularMarketChangePercent": 0.20000002, "regularMarketChange": 6.700001, "regularMarketTime": "2021-04-30 15:24:13", "priceHint": 2, "regularMarketPrice": 40.2, "regularMarketDayHigh": 40.2, "regularMarketDayLow": 33.9, "regularMarketVolume": 88152, "averageDailyVolume10Day": 2154, "averageDailyVolume3Month": 13711, "regularMarketPreviousClose": 33.5, "regularMarketSource": "FREE_REALTIME", "regularMarketOpen": 33.9, "exchange": "BSE", "exchangeName": "BSE", "exchangeDataDelayedBy": 0, "marketState": "CLOSED", "quoteType": "EQUITY", "symbol": "KAJARIR.BO", "underlyingSymbol": null, "shortName": "KIC METALIKS LTD.", "longName": "K I C Metaliks Limited", "currency": "INR", "quoteSourceName": "Delayed Quote", "currencySymbol": "\u20b9", "fromCurrency": null, "lastMarket": null, "marketCap": 1426939264}, "balanceSheetHistory": {"balanceSheetStatements": [{"maxAge": 1, "endDate": "2020-03-31", "cash": 46494000, "shortTermInvestments": 20748000, "netReceivables": 79079000, "inventory": 1784757000, "otherCurrentAssets": 133364000, "totalCurrentAssets": 2066301000, "propertyPlantEquipment": 1927384000, "otherAssets": 3829000, "totalAssets": 3997514000, "accountsPayable": 1184384000, "shortLongTermDebt": 66830000, "otherCurrentLiab": 327244000, "longTermDebt": 716433000, "otherLiab": 162066000, "totalCurrentLiabilities": 2018020000, "totalLiab": 2896519000, "commonStock": 70992000, "retainedEarnings": 679600000, "treasuryStock": 30000000, "capitalSurplus": 197388000, "otherStockholderEquity": 30000000, "totalStockholderEquity": 977980000, "netTangibleAssets": 977980000}, {"maxAge": 1, "endDate": "2019-03-31", "cash": 320000, "shortTermInvestments": 75848000, "netReceivables": 474162000, "inventory": 1178143000, "otherCurrentAssets": 160712000, "totalCurrentAssets": 1891509000, "propertyPlantEquipment": 1842174000, "otherAssets": 1494000, "totalAssets": 3735177000, "accountsPayable": 1274785000, "shortLongTermDebt": 1726000, "otherCurrentLiab": 251114000, "longTermDebt": 681588000, "otherLiab": 142124000, "totalCurrentLiabilities": 1891971000, "totalLiab": 2715683000, "commonStock": 70992000, "retainedEarnings": 598099000, "treasuryStock": 30000000, "capitalSurplus": 197388000, "otherStockholderEquity": 30000000, "totalStockholderEquity": 896479000, "netTangibleAssets": 896479000}, {"maxAge": 1, "endDate": "2018-03-31", "cash": 336000, "shortTermInvestments": 72559000, "netReceivables": 287961000, "inventory": 1141101000, "otherCurrentAssets": 65162000, "totalCurrentAssets": 1568163000, "propertyPlantEquipment": 1289295000, "otherAssets": 69194000, "totalAssets": 2926652000, "accountsPayable": 1114385000, "shortLongTermDebt": 1834000, "otherCurrentLiab": 167559000, "longTermDebt": 568330000, "otherLiab": 105160000, "totalCurrentLiabilities": 1550599000, "totalLiab": 2224089000, "commonStock": 70992000, "retainedEarnings": 281168000, "treasuryStock": 30000000, "capitalSurplus": 197388000, "otherStockholderEquity": 30000000, "totalStockholderEquity": 579548000, "netTangibleAssets": 579548000}, {"maxAge": 1, "endDate": "2017-03-31", "cash": 774000, "shortTermInvestments": 53379000, "netReceivables": 302548000, "inventory": 1203230000, "otherCurrentAssets": 45757000, "totalCurrentAssets": 1606416000, "propertyPlantEquipment": 1246941000, "totalAssets": 2853357000, "accountsPayable": 1052324000, "shortLongTermDebt": 1519000, "otherCurrentLiab": 288568000, "longTermDebt": 643637000, "otherLiab": 55938000, "totalCurrentLiabilities": 1559509000, "totalLiab": 2259084000, "commonStock": 70992000, "retainedEarnings": 172878000, "treasuryStock": 30000000, "capitalSurplus": 197388000, "otherStockholderEquity": 30000000, "totalStockholderEquity": 471258000, "netTangibleAssets": 471258000}], "maxAge": 86400}, "earningsTrend": {"trend": [{"maxAge": 1, "period": "0q", "endDate": "2017-12-31", "growth": {}, "earningsEstimate": {"avg": 0.0, "low": 0.0, "high": 0.0, "yearAgoEps": {}, "numberOfAnalysts": 0, "growth": {}}, "revenueEstimate": {"avg": 1120120000, "low": 0, "high": 0, "numberOfAnalysts": 0, "yearAgoRevenue": {}, "growth": {}}, "epsTrend": {"current": 0.0, "7daysAgo": 0.0, "30daysAgo": 0.0, "60daysAgo": 0.0, "90daysAgo": 0.0}, "epsRevisions": {"upLast7days": 0, "upLast30days": 0, "downLast30days": 0, "downLast90days": {}}}, {"maxAge": 1, "period": "+1q", "endDate": "2018-03-31", "growth": {}, "earningsEstimate": {"avg": 0.0, "low": 0.0, "high": 0.0, "yearAgoEps": {}, "numberOfAnalysts": 0, "growth": {}}, "revenueEstimate": {"avg": 1954700000, "low": 0, "high": 0, "numberOfAnalysts": 0, "yearAgoRevenue": {}, "growth": {}}, "epsTrend": {"current": 0.0, "7daysAgo": 0.0, "30daysAgo": 0.0, "60daysAgo": 0.0, "90daysAgo": 0.0}, "epsRevisions": {"upLast7days": 0, "upLast30days": 0, "downLast30days": 0, "downLast90days": {}}}, {"maxAge": 1, "period": "0y", "endDate": "2018-03-31", "growth": {}, "earningsEstimate": {"avg": 0.0, "low": 0.0, "high": 0.0, "yearAgoEps": {}, "numberOfAnalysts": 0, "growth": {}}, "revenueEstimate": {"avg": 5788300000, "low": 4328330000, "high": 4328330000, "numberOfAnalysts": 1, "yearAgoRevenue": {}, "growth": {}}, "epsTrend": {"current": 0.0, "7daysAgo": 11.27, "30daysAgo": 11.27, "60daysAgo": 11.27, "90daysAgo": 11.27}, "epsRevisions": {"upLast7days": 0, "upLast30days": 0, "downLast30days": 0, "downLast90days": {}}}, {"maxAge": 1, "period": "+1y", "endDate": "2019-03-31", "growth": {}, "earningsEstimate": {"avg": 0.0, "low": 0.0, "high": 0.0, "yearAgoEps": {}, "numberOfAnalysts": 0, "growth": {}}, "revenueEstimate": {"avg": 5193990000, "low": 5193990000, "high": 5193990000, "numberOfAnalysts": 1, "yearAgoRevenue": 5788300000, "growth": -0.103}, "epsTrend": {"current": 0.0, "7daysAgo": 14.72, "30daysAgo": 14.72, "60daysAgo": 14.72, "90daysAgo": 14.72}, "epsRevisions": {"upLast7days": 0, "upLast30days": 0, "downLast30days": 0, "downLast90days": {}}}, {"maxAge": 1, "period": "+5y", "endDate": null, "growth": {}, "earningsEstimate": {"avg": {}, "low": {}, "high": {}, "yearAgoEps": {}, "numberOfAnalysts": {}, "growth": {}}, "revenueEstimate": {"avg": {}, "low": {}, "high": {}, "numberOfAnalysts": {}, "yearAgoRevenue": {}, "growth": {}}, "epsTrend": {"current": {}, "7daysAgo": {}, "30daysAgo": {}, "60daysAgo": {}, "90daysAgo": {}}, "epsRevisions": {"upLast7days": {}, "upLast30days": {}, "downLast30days": {}, "downLast90days": {}}}, {"maxAge": 1, "period": "-5y", "endDate": null, "growth": {}, "earningsEstimate": {"avg": {}, "low": {}, "high": {}, "yearAgoEps": {}, "numberOfAnalysts": {}, "growth": {}}, "revenueEstimate": {"avg": {}, "low": {}, "high": {}, "numberOfAnalysts": {}, "yearAgoRevenue": {}, "growth": {}}, "epsTrend": {"current": {}, "7daysAgo": {}, "30daysAgo": {}, "60daysAgo": {}, "90daysAgo": {}}, "epsRevisions": {"upLast7days": {}, "upLast30days": {}, "downLast30days": {}, "downLast90days": {}}}], "maxAge": 1}, "financialData": {"maxAge": 86400, "currentPrice": 40.2, "recommendationKey": "none", "grossProfits": 705600000, "financialCurrency": "INR"}}}