{"KAKATCEM.NS": {"assetProfile": {"address1": "1-10-140/1, Gurukrupa", "address2": "Ashok Nagar", "city": "Hyderabad", "zip": "500020", "country": "India", "phone": "91 40 2763 7717", "fax": "91 40 2763 0172", "website": "http://www.kakatiyacements.com", "industry": "Building Materials", "sector": "Basic Materials", "longBusinessSummary": "Kakatiya Cement Sugar and Industries Limited manufactures and sells Portland cement in India. The company operates through three segments: Cement, Sugar, and Power. It also produces and sells sugar; and owns and operates a 17 megawatt cogeneration power plant. The company was formerly known as Kakatiya Cements Limited. Kakatiya Cement Sugar and Industries Limited was incorporated in 1979 and is based in Hyderabad, India.", "fullTimeEmployees": 536, "companyOfficers": [{"maxAge": 1, "name": "Mr. Pothana  Veeraiah", "age": 50, "title": "Chairman & MD", "yearBorn": 1970, "exercisedValue": 0, "unexercisedValue": 0}, {"maxAge": 1, "name": "Dr. P.  Anuradha", "age": 42, "title": "Chief Exec. Officer", "yearBorn": 1978, "exercisedValue": 0, "unexercisedValue": 0}, {"maxAge": 1, "name": "Mr. M. Bhavani Dattu", "age": 66, "title": "Chief Financial Officer", "yearBorn": 1954, "exercisedValue": 0, "unexercisedValue": 0}, {"maxAge": 1, "name": "Mr. B. Kameswara Prasad", "age": 69, "title": "GM, Compliance Officer & Company Sec.", "yearBorn": 1951, "exercisedValue": 0, "unexercisedValue": 0}, {"maxAge": 1, "name": "Mr. D. Gopala Krishnam Raju", "age": 55, "title": "Pres of Cement Works", "yearBorn": 1965, "exercisedValue": 0, "unexercisedValue": 0}, {"maxAge": 1, "name": "Mr. C.Pavan  Kumar", "title": "Pres of Sugar", "exercisedValue": 0, "unexercisedValue": 0}, {"maxAge": 1, "name": "Mr. J. S. Chakravarthi", "age": 47, "title": "Chief Chemist", "yearBorn": 1973, "fiscalYear": 2019, "totalPay": 0, "exercisedValue": 0, "unexercisedValue": 0}], "compensationAsOfEpochDate": "2019-12-31 05:30:00", "maxAge": 86400}, "recommendationTrend": {"trend": [{"period": "0m", "strongBuy": 0, "buy": 0, "hold": 0, "sell": 0, "strongSell": 0}, {"period": "-1m", "strongBuy": 0, "buy": 0, "hold": 0, "sell": 0, "strongSell": 0}, {"period": "-2m", "strongBuy": 0, "buy": 0, "hold": 0, "sell": 0, "strongSell": 0}, {"period": "-3m", "strongBuy": 0, "buy": 0, "hold": 0, "sell": 0, "strongSell": 0}], "maxAge": 86400}, "cashflowStatementHistory": {"cashflowStatements": [{"maxAge": 1, "endDate": "2020-03-31", "netIncome": -7260000, "depreciation": 24294000, "changeToNetincome": -155028000, "changeToAccountReceivables": -17470000, "changeToLiabilities": 40938000, "changeToInventory": 251129000, "changeToOperatingActivities": 143061000, "totalCashFromOperatingActivities": 270136000, "capitalExpenditures": -4008000, "investments": -41477000, "otherCashflowsFromInvestingActivities": 115078000, "totalCashflowsFromInvestingActivities": 69593000, "dividendsPaid": -28116000, "netBorrowings": -319819000, "totalCashFromFinancingActivities": -347935000, "changeInCash": -8206000}, {"maxAge": 1, "endDate": "2019-03-31", "netIncome": 51574000, "depreciation": 24227000, "changeToNetincome": -123258000, "changeToAccountReceivables": 14126000, "changeToLiabilities": 930000, "changeToInventory": -194773000, "changeToOperatingActivities": 23933000, "totalCashFromOperatingActivities": -264674000, "capitalExpenditures": -10745000, "investments": 31880000, "otherCashflowsFromInvestingActivities": 128329000, "totalCashflowsFromInvestingActivities": 149464000, "dividendsPaid": -28115000, "netBorrowings": 139727000, "totalCashFromFinancingActivities": 111612000, "changeInCash": -3600000}, {"maxAge": 1, "endDate": "2018-03-31", "netIncome": 104798000, "depreciation": 21811000, "changeToNetincome": -103458000, "changeToAccountReceivables": -5876000, "changeToLiabilities": -29838000, "changeToInventory": 285261000, "changeToOperatingActivities": -97792000, "totalCashFromOperatingActivities": 149298000, "capitalExpenditures": -10479000, "investments": -472256000, "otherCashflowsFromInvestingActivities": 105520000, "totalCashflowsFromInvestingActivities": -377162000, "dividendsPaid": -25062000, "netBorrowings": 242236000, "totalCashFromFinancingActivities": 217174000, "changeInCash": -10691000}, {"maxAge": 1, "endDate": "2017-03-31", "netIncome": 288320000, "depreciation": 23612000, "changeToNetincome": 12462000, "changeToAccountReceivables": -38444000, "changeToLiabilities": -170147000, "changeToInventory": 216485000, "changeToOperatingActivities": -21989000, "totalCashFromOperatingActivities": 285751000, "capitalExpenditures": -5045000, "investments": -472256000, "otherCashflowsFromInvestingActivities": 68975000, "totalCashflowsFromInvestingActivities": 64002000, "dividendsPaid": -25262000, "netBorrowings": 144637000, "totalCashFromFinancingActivities": 119375000, "changeInCash": 469128000}], "maxAge": 86400}, "indexTrend": {"maxAge": 1, "symbol": "SP5", "peRatio": 19.7411, "pegRatio": 1.34172, "estimates": [{"period": "0q", "growth": 0.549}, {"period": "+1q", "growth": 0.431}, {"period": "0y", "growth": 0.305}, {"period": "+1y", "growth": 0.109}, {"period": "+5y", "growth": 0.120865}, {"period": "-5y"}]}, "defaultKeyStatistics": {"maxAge": 1, "priceHint": 2, "enterpriseValue": -38724008, "profitMargins": -0.01983, "floatShares": 3152946, "sharesOutstanding": 7773860, "heldPercentInsiders": 0.56646, "heldPercentInstitutions": 0.0, "beta": 0.803563, "category": null, "bookValue": 287.721, "priceToBook": 0.6554961, "fundFamily": null, "legalType": null, "lastFiscalYearEnd": "2020-03-31 05:30:00", "nextFiscalYearEnd": "2022-03-31 05:30:00", "mostRecentQuarter": "2020-12-31 05:30:00", "netIncomeToCommon": -23887000, "trailingEps": -3.073, "forwardEps": 48.96, "lastSplitFactor": null, "enterpriseToRevenue": -0.032, "enterpriseToEbitda": -1.175, "52WeekChange": 0.515468, "SandP52WeekChange": 0.48148263, "lastDividendValue": 3.0, "lastDividendDate": 1599004800}, "industryTrend": {"maxAge": 1, "symbol": null, "estimates": []}, "quoteType": {"exchange": "NSI", "quoteType": "EQUITY", "symbol": "KAKATCEM.NS", "underlyingSymbol": "KAKATCEM.NS", "shortName": "KAKATIYA CEM SUGAR", "longName": "Kakatiya Cement Sugar and Industries Limited", "firstTradeDateEpochUtc": "2002-07-01 09:15:00", "timeZoneFullName": "Asia/Kolkata", "timeZoneShortName": "IST", "uuid": "7dbb466e-47bd-3ba7-b310-3a28c0fcd56e", "messageBoardId": "finmb_20346320", "gmtOffSetMilliseconds": 19800000, "maxAge": 1}, "incomeStatementHistory": {"incomeStatementHistory": [{"maxAge": 1, "endDate": "2020-03-31", "totalRevenue": 1564680000, "costOfRevenue": 674223000, "grossProfit": 890457000, "researchDevelopment": {}, "sellingGeneralAdministrative": 191677000, "nonRecurring": {}, "otherOperatingExpenses": 694941000, "totalOperatingExpenses": 1585135000, "operatingIncome": -20455000, "totalOtherIncomeExpenseNet": 18829000, "ebit": -20455000, "interestExpense": -31265000, "incomeBeforeTax": -1626000, "incomeTaxExpense": 5634000, "minorityInterest": {}, "netIncomeFromContinuingOps": -7260000, "discontinuedOperations": {}, "extraordinaryItems": {}, "effectOfAccountingCharges": {}, "otherItems": {}, "netIncome": -7260000, "netIncomeApplicableToCommonShares": -7260000}, {"maxAge": 1, "endDate": "2019-03-31", "totalRevenue": 1106143000, "costOfRevenue": 423349000, "grossProfit": 682794000, "researchDevelopment": {}, "sellingGeneralAdministrative": 186410000, "nonRecurring": {}, "otherOperatingExpenses": 506958000, "totalOperatingExpenses": 1140943000, "operatingIncome": -34800000, "totalOtherIncomeExpenseNet": 71820000, "ebit": -34800000, "interestExpense": -56508000, "incomeBeforeTax": 37020000, "incomeTaxExpense": -14554000, "minorityInterest": {}, "netIncomeFromContinuingOps": 51574000, "discontinuedOperations": {}, "extraordinaryItems": {}, "effectOfAccountingCharges": {}, "otherItems": {}, "netIncome": 51574000, "netIncomeApplicableToCommonShares": 51574000}, {"maxAge": 1, "endDate": "2018-03-31", "totalRevenue": 1567973000, "costOfRevenue": 933382000, "grossProfit": 634591000, "researchDevelopment": {}, "sellingGeneralAdministrative": 178330000, "nonRecurring": {}, "otherOperatingExpenses": 383766000, "totalOperatingExpenses": 1517289000, "operatingIncome": 50684000, "totalOtherIncomeExpenseNet": 97521000, "ebit": 50684000, "interestExpense": -25044000, "incomeBeforeTax": 148205000, "incomeTaxExpense": 43407000, "minorityInterest": {}, "netIncomeFromContinuingOps": 104798000, "discontinuedOperations": {}, "extraordinaryItems": {}, "effectOfAccountingCharges": {}, "otherItems": {}, "netIncome": 104798000, "netIncomeApplicableToCommonShares": 104798000}, {"maxAge": 1, "endDate": "2017-03-31", "totalRevenue": 2201204000, "costOfRevenue": 947611000, "grossProfit": 1253593000, "researchDevelopment": {}, "sellingGeneralAdministrative": 184818000, "nonRecurring": {}, "otherOperatingExpenses": 656192000, "totalOperatingExpenses": 1812233000, "operatingIncome": 388971000, "totalOtherIncomeExpenseNet": 63575000, "ebit": 388971000, "interestExpense": -17115000, "incomeBeforeTax": 452546000, "incomeTaxExpense": 164226000, "minorityInterest": {}, "netIncomeFromContinuingOps": 288320000, "discontinuedOperations": {}, "extraordinaryItems": {}, "effectOfAccountingCharges": {}, "otherItems": {}, "netIncome": 288320000, "netIncomeApplicableToCommonShares": 288320000}], "maxAge": 86400}, "fundOwnership": {"maxAge": 1, "ownershipList": []}, "summaryDetail": {"maxAge": 1, "priceHint": 2, "previousClose": 182.35, "open": 182.75, "dayLow": 182.15, "dayHigh": 196.0, "regularMarketPreviousClose": 182.35, "regularMarketOpen": 182.75, "regularMarketDayLow": 182.15, "regularMarketDayHigh": 196.0, "dividendRate": 3.0, "dividendYield": 0.0163, "exDividendDate": "2020-09-02 05:30:00", "beta": 0.803563, "forwardPE": 3.8521245, "volume": 82311, "regularMarketVolume": 82311, "averageVolume": 31813, "averageVolume10days": 32150, "averageDailyVolume10Day": 32150, "bid": 0.0, "ask": 0.0, "bidSize": 0, "askSize": 0, "marketCap": 1464139520, "fiftyTwoWeekLow": 113.45, "fiftyTwoWeekHigh": 213.0, "priceToSalesTrailing12Months": 1.2154338, "fiftyDayAverage": 177.06323, "twoHundredDayAverage": 174.6655, "trailingAnnualDividendRate": 3.0, "trailingAnnualDividendYield": 0.016451878, "currency": "INR", "fromCurrency": null, "toCurrency": null, "lastMarket": null, "algorithm": null, "tradeable": false}, "insiderHolders": {"holders": [{"maxAge": 1, "name": "Pallempati (Samrajyam)", "relation": "Promoter", "url": "", "transactionDescription": "Other", "latestTransDate": "2016-04-27", "positionDirect": 323277, "positionDirectDate": "2016-04-27"}, {"maxAge": 1, "name": "Pallempati (Venkateswarlu)", "relation": "Executive Chairman", "url": "", "transactionDescription": "Sale", "latestTransDate": "2013-03-22", "positionDirect": 344200, "positionDirectDate": "2013-03-22"}, {"maxAge": 1, "name": "Veeraiah (P)", "relation": "Promoter", "url": "", "transactionDescription": "Acquisition", "latestTransDate": "2021-03-22", "positionDirect": 3579975, "positionDirectDate": "2021-03-22"}], "maxAge": 1}, "calendarEvents": {"maxAge": 1, "earnings": {"earningsDate": [], "revenueAverage": 407435000}, "exDividendDate": "2020-09-02 05:30:00"}, "price": {"maxAge": 1, "regularMarketChangePercent": 0.034274746, "regularMarketChange": 6.25, "regularMarketTime": "2021-04-30 15:29:43", "priceHint": 2, "regularMarketPrice": 188.6, "regularMarketDayHigh": 196.0, "regularMarketDayLow": 182.15, "regularMarketVolume": 82311, "averageDailyVolume10Day": 32150, "averageDailyVolume3Month": 31813, "regularMarketPreviousClose": 182.35, "regularMarketSource": "FREE_REALTIME", "regularMarketOpen": 182.75, "exchange": "NSI", "exchangeName": "NSE", "exchangeDataDelayedBy": 15, "marketState": "CLOSED", "quoteType": "EQUITY", "symbol": "KAKATCEM.NS", "underlyingSymbol": null, "shortName": "KAKATIYA CEM SUGAR", "longName": "Kakatiya Cement Sugar and Industries Limited", "currency": "INR", "quoteSourceName": "Delayed Quote", "currencySymbol": "\u20b9", "fromCurrency": null, "toCurrency": null, "lastMarket": null, "marketCap": 1464139520}, "balanceSheetHistory": {"balanceSheetStatements": [{"maxAge": 1, "endDate": "2020-03-31", "cash": 7766000, "shortTermInvestments": 378552000, "netReceivables": 326262000, "inventory": 568255000, "otherCurrentAssets": 1333533000, "totalCurrentAssets": 2615834000, "longTermInvestments": 51000, "propertyPlantEquipment": 509577000, "otherAssets": 19400000, "totalAssets": 3144862000, "accountsPayable": 68932000, "otherCurrentLiab": 37991000, "otherLiab": 98837000, "totalCurrentLiabilities": 849763000, "totalLiab": 948600000, "commonStock": 77739000, "retainedEarnings": 1871772000, "treasuryStock": 107589000, "capitalSurplus": 139162000, "otherStockholderEquity": 107589000, "totalStockholderEquity": 2196262000, "netTangibleAssets": 2196262000}, {"maxAge": 1, "endDate": "2019-03-31", "cash": 15972000, "shortTermInvestments": 281792000, "netReceivables": 251184000, "inventory": 819384000, "otherCurrentAssets": 1408284000, "totalCurrentAssets": 2778475000, "longTermInvestments": 150000, "propertyPlantEquipment": 529862000, "otherAssets": 19386000, "totalAssets": 3327873000, "accountsPayable": 27994000, "shortLongTermDebt": 5784000, "otherCurrentLiab": 26332000, "otherLiab": 111741000, "totalCurrentLiabilities": 999494000, "totalLiab": 1111235000, "commonStock": 77739000, "retainedEarnings": 1892148000, "treasuryStock": 107589000, "capitalSurplus": 139162000, "otherStockholderEquity": 107589000, "totalStockholderEquity": 2216638000, "netTangibleAssets": 2216638000}, {"maxAge": 1, "endDate": "2018-03-31", "cash": 19572000, "shortTermInvestments": 774591000, "netReceivables": 231656000, "inventory": 624611000, "otherCurrentAssets": 933907000, "totalCurrentAssets": 2586316000, "longTermInvestments": 234000, "propertyPlantEquipment": 549197000, "otherAssets": 19376000, "totalAssets": 3155123000, "accountsPayable": 27064000, "shortLongTermDebt": 26500000, "otherCurrentLiab": 9795000, "longTermDebt": 638000, "otherLiab": 134453000, "totalCurrentLiabilities": 817632000, "totalLiab": 952723000, "commonStock": 77739000, "retainedEarnings": 1877910000, "treasuryStock": 107589000, "capitalSurplus": 139162000, "otherStockholderEquity": 107589000, "totalStockholderEquity": 2202400000, "netTangibleAssets": 2202400000}, {"maxAge": 1, "endDate": "2017-03-31", "cash": 30263000, "shortTermInvestments": 541801000, "netReceivables": 202717000, "inventory": 914648000, "otherCurrentAssets": 701974000, "totalCurrentAssets": 2394296000, "longTermInvestments": 326000, "propertyPlantEquipment": 560630000, "otherAssets": 16168000, "totalAssets": 2971420000, "accountsPayable": 56902000, "shortLongTermDebt": 27213000, "otherCurrentLiab": 6205000, "longTermDebt": 21804000, "otherLiab": 132155000, "totalCurrentLiabilities": 659124000, "totalLiab": 813083000, "commonStock": 77739000, "retainedEarnings": 1833847000, "treasuryStock": 107589000, "capitalSurplus": 139162000, "otherStockholderEquity": 107589000, "totalStockholderEquity": 2158337000, "netTangibleAssets": 2158337000}], "maxAge": 86400}, "earningsTrend": {"trend": [{"maxAge": 1, "period": "0q", "endDate": "2017-12-31", "growth": {}, "earningsEstimate": {"avg": 0.0, "low": 0.0, "high": 0.0, "yearAgoEps": {}, "numberOfAnalysts": 0, "growth": {}}, "revenueEstimate": {"avg": 407435000, "low": 0, "high": 0, "numberOfAnalysts": 0, "yearAgoRevenue": {}, "growth": {}}, "epsTrend": {"current": 0.0, "7daysAgo": 0.0, "30daysAgo": 0.0, "60daysAgo": 0.0, "90daysAgo": 0.0}, "epsRevisions": {"upLast7days": 0, "upLast30days": 0, "downLast30days": 0, "downLast90days": {}}}, {"maxAge": 1, "period": "+1q", "endDate": "2018-03-31", "growth": {}, "earningsEstimate": {"avg": 0.0, "low": 0.0, "high": 0.0, "yearAgoEps": {}, "numberOfAnalysts": 0, "growth": {}}, "revenueEstimate": {"avg": 139654000, "low": 0, "high": 0, "numberOfAnalysts": 0, "yearAgoRevenue": 470407000, "growth": -0.703}, "epsTrend": {"current": 0.0, "7daysAgo": 0.0, "30daysAgo": 0.0, "60daysAgo": 0.0, "90daysAgo": 0.0}, "epsRevisions": {"upLast7days": 0, "upLast30days": 0, "downLast30days": 0, "downLast90days": {}}}, {"maxAge": 1, "period": "0y", "endDate": "2018-03-31", "growth": {}, "earningsEstimate": {"avg": 0.0, "low": 0.0, "high": 0.0, "yearAgoEps": {}, "numberOfAnalysts": 0, "growth": {}}, "revenueEstimate": {"avg": 1728010000, "low": 2496170000, "high": 2496170000, "numberOfAnalysts": 1, "yearAgoRevenue": 2201200000, "growth": -0.215}, "epsTrend": {"current": 0.0, "7daysAgo": 43.12, "30daysAgo": 43.12, "60daysAgo": 43.12, "90daysAgo": 43.12}, "epsRevisions": {"upLast7days": 0, "upLast30days": 0, "downLast30days": 0, "downLast90days": {}}}, {"maxAge": 1, "period": "+1y", "endDate": "2019-03-31", "growth": {}, "earningsEstimate": {"avg": 0.0, "low": 0.0, "high": 0.0, "yearAgoEps": {}, "numberOfAnalysts": 0, "growth": {}}, "revenueEstimate": {"avg": 2780730000, "low": 2780730000, "high": 2780730000, "numberOfAnalysts": 1, "yearAgoRevenue": 1728010000, "growth": 0.609}, "epsTrend": {"current": 0.0, "7daysAgo": 48.96, "30daysAgo": 48.96, "60daysAgo": 48.96, "90daysAgo": 48.96}, "epsRevisions": {"upLast7days": 0, "upLast30days": 0, "downLast30days": 0, "downLast90days": {}}}, {"maxAge": 1, "period": "+5y", "endDate": null, "growth": {}, "earningsEstimate": {"avg": {}, "low": {}, "high": {}, "yearAgoEps": {}, "numberOfAnalysts": {}, "growth": {}}, "revenueEstimate": {"avg": {}, "low": {}, "high": {}, "numberOfAnalysts": {}, "yearAgoRevenue": {}, "growth": {}}, "epsTrend": {"current": {}, "7daysAgo": {}, "30daysAgo": {}, "60daysAgo": {}, "90daysAgo": {}}, "epsRevisions": {"upLast7days": {}, "upLast30days": {}, "downLast30days": {}, "downLast90days": {}}}, {"maxAge": 1, "period": "-5y", "endDate": null, "growth": {}, "earningsEstimate": {"avg": {}, "low": {}, "high": {}, "yearAgoEps": {}, "numberOfAnalysts": {}, "growth": {}}, "revenueEstimate": {"avg": {}, "low": {}, "high": {}, "numberOfAnalysts": {}, "yearAgoRevenue": {}, "growth": {}}, "epsTrend": {"current": {}, "7daysAgo": {}, "30daysAgo": {}, "60daysAgo": {}, "90daysAgo": {}}, "epsRevisions": {"upLast7days": {}, "upLast30days": {}, "downLast30days": {}, "downLast90days": {}}}], "maxAge": 1}, "institutionOwnership": {"maxAge": 1, "ownershipList": []}, "majorHoldersBreakdown": {"maxAge": 1, "insidersPercentHeld": 0.56646, "institutionsPercentHeld": 0.0, "institutionsFloatPercentHeld": 0.0, "institutionsCount": 0}, "balanceSheetHistoryQuarterly": {"balanceSheetStatements": [{"maxAge": 1, "endDate": "2020-12-31", "totalStockholderEquity": 2236277000, "netTangibleAssets": 2236277000}, {"maxAge": 1, "endDate": "2020-09-30", "cash": 1679486000, "shortTermInvestments": 66179000, "netReceivables": 214865000, "inventory": 458057000, "otherCurrentAssets": 111849000, "totalCurrentAssets": 2530436000, "longTermInvestments": 45000, "propertyPlantEquipment": 498298000, "otherAssets": 19403000, "totalAssets": 3048182000, "accountsPayable": 69753000, "otherCurrentLiab": 353872000, "otherLiab": 99053000, "totalCurrentLiabilities": 712852000, "totalLiab": 811905000, "commonStock": 77739000, "treasuryStock": 2158538000, "otherStockholderEquity": 2158538000, "totalStockholderEquity": 2236277000, "netTangibleAssets": 2236277000}, {"maxAge": 1, "endDate": "2020-06-30", "totalStockholderEquity": 2196262000, "netTangibleAssets": 2196262000}, {"maxAge": 1, "endDate": "2020-03-31", "cash": 7766000, "shortTermInvestments": 378552000, "netReceivables": 326262000, "inventory": 568255000, "otherCurrentAssets": 1333533000, "totalCurrentAssets": 2615834000, "longTermInvestments": 51000, "propertyPlantEquipment": 509577000, "otherAssets": 19400000, "totalAssets": 3144862000, "accountsPayable": 68932000, "otherCurrentLiab": 37991000, "otherLiab": 98837000, "totalCurrentLiabilities": 849763000, "totalLiab": 948600000, "commonStock": 77739000, "retainedEarnings": 1871772000, "treasuryStock": 107589000, "capitalSurplus": 139162000, "otherStockholderEquity": 107589000, "totalStockholderEquity": 2196262000, "netTangibleAssets": 2196262000}], "maxAge": 86400}, "earningsHistory": {"history": [{"maxAge": 1, "epsActual": {}, "epsEstimate": {}, "epsDifference": {}, "surprisePercent": {}, "quarter": {}, "period": "-4q"}, {"maxAge": 1, "epsActual": {}, "epsEstimate": {}, "epsDifference": {}, "surprisePercent": {}, "quarter": {}, "period": "-3q"}, {"maxAge": 1, "epsActual": 11.7, "epsEstimate": 11.59, "epsDifference": 0.11, "surprisePercent": 0.009, "quarter": "2016-03-31", "period": "-2q"}, {"maxAge": 1, "epsActual": 10.61, "epsEstimate": 6.47, "epsDifference": 4.14, "surprisePercent": 0.64, "quarter": "2017-09-30", "period": "-1q"}], "maxAge": 86400}, "summaryProfile": {"address1": "1-10-140/1, Gurukrupa", "address2": "Ashok Nagar", "city": "Hyderabad", "zip": "500020", "country": "India", "phone": "91 40 2763 7717", "fax": "91 40 2763 0172", "website": "http://www.kakatiyacements.com", "industry": "Building Materials", "sector": "Basic Materials", "longBusinessSummary": "Kakatiya Cement Sugar and Industries Limited manufactures and sells Portland cement in India. The company operates through three segments: Cement, Sugar, and Power. It also produces and sells sugar; and owns and operates a 17 megawatt cogeneration power plant. The company was formerly known as Kakatiya Cements Limited. Kakatiya Cement Sugar and Industries Limited was incorporated in 1979 and is based in Hyderabad, India.", "fullTimeEmployees": 536, "companyOfficers": [], "maxAge": 86400}, "netSharePurchaseActivity": {"maxAge": 1, "period": "6m", "buyInfoCount": 0, "buyInfoShares": 0, "sellInfoCount": 0, "netInfoCount": 0, "netInfoShares": 0, "netPercentInsiderShares": 0.0, "totalInsiderShares": 4404048}, "insiderTransactions": {"transactions": [{"maxAge": 1, "shares": 2616, "value": 6307, "filerUrl": "", "transactionText": "Acquisition at price 2.41 per share.", "filerName": "Veeraiah (P)", "filerRelation": "Promoter", "moneyText": "", "startDate": "2021-03-22", "ownership": "D"}, {"maxAge": 1, "shares": 3064, "value": 7320, "filerUrl": "", "transactionText": "Acquisition at price 2.39 per share.", "filerName": "Veeraiah (P)", "filerRelation": "Chairman of the Board", "moneyText": "", "startDate": "2021-02-25", "ownership": "D"}, {"maxAge": 1, "shares": 6422, "value": 14969, "filerUrl": "", "transactionText": "Acquisition at price 2.33 per share.", "filerName": "Veeraiah (P)", "filerRelation": "Promoter", "moneyText": "", "startDate": "2021-02-19", "ownership": "D"}, {"maxAge": 1, "shares": 4003, "filerUrl": "", "transactionText": "", "filerName": "Veeraiah (P)", "filerRelation": "Promoter", "moneyText": "", "startDate": "2019-12-30", "ownership": "D"}, {"maxAge": 1, "shares": 1000, "filerUrl": "", "transactionText": "", "filerName": "Veeraiah (P)", "filerRelation": "Promoter", "moneyText": "", "startDate": "2019-12-27", "ownership": "D"}, {"maxAge": 1, "shares": 2000, "filerUrl": "", "transactionText": "", "filerName": "Veeraiah (P)", "filerRelation": "Promoter", "moneyText": "", "startDate": "2019-12-26", "ownership": "D"}, {"maxAge": 1, "shares": 960, "filerUrl": "", "transactionText": "", "filerName": "Veeraiah (P)", "filerRelation": "Promoter", "moneyText": "", "startDate": "2019-12-24", "ownership": "D"}, {"maxAge": 1, "shares": 6493, "filerUrl": "", "transactionText": "", "filerName": "Veeraiah (P)", "filerRelation": "Promoter", "moneyText": "", "startDate": "2019-12-20", "ownership": "D"}, {"maxAge": 1, "shares": 7182, "filerUrl": "", "transactionText": "", "filerName": "Veeraiah (P)", "filerRelation": "Promoter", "moneyText": "", "startDate": "2019-12-18", "ownership": "D"}, {"maxAge": 1, "shares": 3421, "filerUrl": "", "transactionText": "", "filerName": "Veeraiah (P)", "filerRelation": "Promoter", "moneyText": "", "startDate": "2019-12-17", "ownership": "D"}, {"maxAge": 1, "shares": 4458, "filerUrl": "", "transactionText": "", "filerName": "Veeraiah (P)", "filerRelation": "Promoter", "moneyText": "", "startDate": "2019-12-16", "ownership": "D"}, {"maxAge": 1, "shares": 2623, "filerUrl": "", "transactionText": "", "filerName": "Veeraiah (P)", "filerRelation": "Chairman of the Board", "moneyText": "", "startDate": "2019-09-11", "ownership": "D"}, {"maxAge": 1, "shares": 1669, "filerUrl": "", "transactionText": "", "filerName": "Veeraiah (P)", "filerRelation": "Chairman of the Board", "moneyText": "", "startDate": "2019-09-09", "ownership": "D"}, {"maxAge": 1, "shares": 10270, "filerUrl": "", "transactionText": "", "filerName": "Veeraiah (P)", "filerRelation": "Chairman of the Board", "moneyText": "", "startDate": "2019-09-06", "ownership": "D"}, {"maxAge": 1, "shares": 1863, "filerUrl": "", "transactionText": "", "filerName": "Veeraiah (P)", "filerRelation": "Chairman of the Board", "moneyText": "", "startDate": "2019-09-04", "ownership": "D"}, {"maxAge": 1, "shares": 3759, "filerUrl": "", "transactionText": "", "filerName": "Veeraiah (P)", "filerRelation": "Chairman of the Board", "moneyText": "", "startDate": "2019-09-03", "ownership": "D"}, {"maxAge": 1, "shares": 2883, "filerUrl": "", "transactionText": "", "filerName": "Veeraiah (P)", "filerRelation": "Chairman of the Board", "moneyText": "", "startDate": "2019-08-30", "ownership": "D"}, {"maxAge": 1, "shares": 6796, "filerUrl": "", "transactionText": "", "filerName": "Veeraiah (P)", "filerRelation": "Chairman of the Board", "moneyText": "", "startDate": "2019-08-29", "ownership": "D"}, {"maxAge": 1, "shares": 6644, "filerUrl": "", "transactionText": "", "filerName": "Veeraiah (P)", "filerRelation": "Chairman of the Board", "moneyText": "", "startDate": "2019-08-28", "ownership": "D"}, {"maxAge": 1, "shares": 2000, "filerUrl": "", "transactionText": "", "filerName": "Veeraiah (P)", "filerRelation": "Chairman of the Board", "moneyText": "", "startDate": "2019-06-27", "ownership": "D"}, {"maxAge": 1, "shares": 1816, "filerUrl": "", "transactionText": "", "filerName": "Veeraiah (P)", "filerRelation": "Chairman of the Board", "moneyText": "", "startDate": "2019-06-26", "ownership": "D"}, {"maxAge": 1, "shares": 1105, "filerUrl": "", "transactionText": "", "filerName": "Veeraiah (P)", "filerRelation": "Chairman of the Board", "moneyText": "", "startDate": "2019-06-25", "ownership": "D"}, {"maxAge": 1, "shares": 3290, "filerUrl": "", "transactionText": "", "filerName": "Veeraiah (P)", "filerRelation": "Chairman of the Board", "moneyText": "", "startDate": "2019-06-24", "ownership": "D"}, {"maxAge": 1, "shares": 2340836, "filerUrl": "", "transactionText": "", "filerName": "Pallempati (Samrajyam)", "filerRelation": "Promoter", "moneyText": "", "startDate": "2016-04-27", "ownership": "D"}, {"maxAge": 1, "shares": 2340905, "filerUrl": "", "transactionText": "", "filerName": "Veeraiah (P)", "filerRelation": "Chairman of the Board", "moneyText": "", "startDate": "2016-04-27", "ownership": "D"}, {"maxAge": 1, "shares": 2340836, "filerUrl": "", "transactionText": "", "filerName": "Pallempati (Samrajyam)", "filerRelation": "Promoter", "moneyText": "", "startDate": "2016-04-04", "ownership": "D"}, {"maxAge": 1, "shares": 236950, "filerUrl": "", "transactionText": "", "filerName": "Veeraiah (P)", "filerRelation": "Chairman of the Board", "moneyText": "", "startDate": "2016-03-23", "ownership": "D"}, {"maxAge": 1, "shares": 1652436, "filerUrl": "", "transactionText": "", "filerName": "Pallempati (Venkateswarlu)", "filerRelation": "Executive Chairman", "moneyText": "", "startDate": "2013-03-22", "ownership": "D"}], "maxAge": 1}, "sectorTrend": {"maxAge": 1, "symbol": null, "estimates": []}, "incomeStatementHistoryQuarterly": {"incomeStatementHistory": [{"maxAge": 1, "endDate": "2020-12-31", "totalRevenue": 339416000, "costOfRevenue": 179016000, "grossProfit": 160400000, "researchDevelopment": {}, "sellingGeneralAdministrative": 47944000, "nonRecurring": {}, "otherOperatingExpenses": 160581000, "totalOperatingExpenses": 393925000, "operatingIncome": -54509000, "totalOtherIncomeExpenseNet": 22959000, "ebit": -54509000, "interestExpense": -3845000, "incomeBeforeTax": -31550000, "incomeTaxExpense": -529000, "minorityInterest": {}, "netIncomeFromContinuingOps": -31021000, "discontinuedOperations": {}, "extraordinaryItems": {}, "effectOfAccountingCharges": {}, "otherItems": {}, "netIncome": -31021000, "netIncomeApplicableToCommonShares": -31021000}, {"maxAge": 1, "endDate": "2020-09-30", "totalRevenue": 329846000, "costOfRevenue": 24836000, "grossProfit": 305010000, "researchDevelopment": {}, "sellingGeneralAdministrative": 47017000, "nonRecurring": {}, "otherOperatingExpenses": 186339000, "totalOperatingExpenses": 264527000, "operatingIncome": 65319000, "totalOtherIncomeExpenseNet": 15368000, "ebit": 65319000, "interestExpense": -4323000, "incomeBeforeTax": 80687000, "incomeTaxExpense": 18508000, "minorityInterest": {}, "netIncomeFromContinuingOps": 62179000, "discontinuedOperations": {}, "extraordinaryItems": {}, "effectOfAccountingCharges": {}, "otherItems": {}, "netIncome": 62179000, "netIncomeApplicableToCommonShares": 62179000}, {"maxAge": 1, "endDate": "2020-06-30", "totalRevenue": 288183000, "costOfRevenue": 102633000, "grossProfit": 185550000, "researchDevelopment": {}, "sellingGeneralAdministrative": 46552000, "nonRecurring": {}, "otherOperatingExpenses": 108471000, "totalOperatingExpenses": 263854000, "operatingIncome": 24329000, "totalOtherIncomeExpenseNet": -19123000, "ebit": 24329000, "interestExpense": -7895000, "incomeBeforeTax": 5206000, "incomeTaxExpense": 4048000, "minorityInterest": {}, "netIncomeFromContinuingOps": 1158000, "discontinuedOperations": {}, "extraordinaryItems": {}, "effectOfAccountingCharges": {}, "otherItems": {}, "netIncome": 1158000, "netIncomeApplicableToCommonShares": 1158000}, {"maxAge": 1, "endDate": "2020-03-31", "totalRevenue": 247179000, "costOfRevenue": 4207000, "grossProfit": 242972000, "researchDevelopment": {}, "sellingGeneralAdministrative": 56061000, "nonRecurring": {}, "otherOperatingExpenses": 208022000, "totalOperatingExpenses": 274406000, "operatingIncome": -27227000, "totalOtherIncomeExpenseNet": -45759000, "ebit": -27227000, "interestExpense": -8761000, "incomeBeforeTax": -72986000, "incomeTaxExpense": -16783000, "minorityInterest": {}, "netIncomeFromContinuingOps": -56203000, "discontinuedOperations": {}, "extraordinaryItems": {}, "effectOfAccountingCharges": {}, "otherItems": {}, "netIncome": -56203000, "netIncomeApplicableToCommonShares": -56203000}], "maxAge": 86400}, "cashflowStatementHistoryQuarterly": {"cashflowStatements": [{"maxAge": 1, "endDate": "2020-12-31", "netIncome": -31021000, "depreciation": 6384000, "changeToNetincome": -43502000, "changeToAccountReceivables": -2829000, "changeToLiabilities": 11884000, "changeToInventory": -26781000, "changeToOperatingActivities": 62600000, "totalCashFromOperatingActivities": -23278000, "capitalExpenditures": -6153000, "investments": 67311000, "otherCashflowsFromInvestingActivities": 26715000, "totalCashflowsFromInvestingActivities": 88015000, "dividendsPaid": -23321000, "netBorrowings": 10069000, "totalCashFromFinancingActivities": -13252000, "changeInCash": 51485000}, {"maxAge": 1, "endDate": "2020-09-30", "netIncome": 62179000, "depreciation": 6384000, "changeToNetincome": -43502000, "changeToAccountReceivables": -2829000, "changeToLiabilities": 0, "changeToInventory": -26781000, "changeToOperatingActivities": 62600000, "totalCashFromOperatingActivities": -23278000, "capitalExpenditures": -6153000, "investments": 67311000, "otherCashflowsFromInvestingActivities": 26715000, "totalCashflowsFromInvestingActivities": 88015000, "dividendsPaid": -23321000, "netBorrowings": 10069000, "totalCashFromFinancingActivities": -13252000, "changeInCash": 51485000}, {"maxAge": 1, "endDate": "2020-06-30", "netIncome": 1158000, "depreciation": 6384000, "changeToNetincome": -43502000, "changeToAccountReceivables": -2829000, "changeToLiabilities": 0, "changeToInventory": -26781000, "changeToOperatingActivities": 62600000, "totalCashFromOperatingActivities": -23278000, "capitalExpenditures": -6153000, "investments": 67311000, "otherCashflowsFromInvestingActivities": 26715000, "totalCashflowsFromInvestingActivities": 88015000, "dividendsPaid": -23321000, "netBorrowings": 10069000, "totalCashFromFinancingActivities": -13252000, "changeInCash": 51485000}, {"maxAge": 1, "endDate": "2020-03-31", "netIncome": -56203000, "depreciation": 6384000, "changeToNetincome": -43502000, "changeToAccountReceivables": -2829000, "changeToLiabilities": 0, "changeToInventory": -26781000, "changeToOperatingActivities": 62600000, "totalCashFromOperatingActivities": -23278000, "capitalExpenditures": -6153000, "investments": 67311000, "otherCashflowsFromInvestingActivities": 26715000, "totalCashflowsFromInvestingActivities": 88015000, "dividendsPaid": -23321000, "netBorrowings": 10069000, "totalCashFromFinancingActivities": -13252000, "changeInCash": 51485000}], "maxAge": 86400}, "earnings": {"maxAge": 86400, "earningsChart": {"quarterly": [{"date": "1Q2016", "actual": 11.7, "estimate": 11.59}, {"date": "3Q2017", "actual": 10.61, "estimate": 6.47}], "currentQuarterEstimateDate": "4Q", "currentQuarterEstimateYear": 2017, "earningsDate": []}, "financialsChart": {"yearly": [{"date": 2017, "revenue": 2201204000, "earnings": 288320000}, {"date": 2018, "revenue": 1567973000, "earnings": 104798000}, {"date": 2019, "revenue": 1106143000, "earnings": 51574000}, {"date": 2020, "revenue": 1564680000, "earnings": -7260000}], "quarterly": [{"date": "1Q2020", "revenue": 247179000, "earnings": -56203000}, {"date": "2Q2020", "revenue": 288183000, "earnings": 1158000}, {"date": "3Q2020", "revenue": 329846000, "earnings": 62179000}, {"date": "4Q2020", "revenue": 339416000, "earnings": -31021000}]}, "financialCurrency": "INR"}, "financialData": {"maxAge": 86400, "currentPrice": 188.6, "recommendationKey": "none", "totalCash": 1745665024, "totalCashPerShare": 224.532, "ebitda": 32949750, "totalDebt": 289227008, "totalRevenue": 1204622976, "debtToEquity": 12.933, "revenuePerShare": 154.982, "grossProfits": 890457000, "revenueGrowth": 0.188, "grossMargins": 0.74208, "ebitdaMargins": 0.02735, "operatingMargins": 0.00657, "profitMargins": -0.01983, "financialCurrency": "INR"}}}