{"KAKTEX.BO": {"cashflowStatementHistory": {"cashflowStatements": [{"maxAge": 1, "endDate": "2020-03-31", "netIncome": -25252000, "depreciation": 5401000, "changeToNetincome": -359000, "changeToAccountReceivables": 10834000, "changeToLiabilities": -26644000, "changeToInventory": 6031000, "changeToOperatingActivities": 40172000, "totalCashFromOperatingActivities": 10183000, "capitalExpenditures": -3434000, "otherCashflowsFromInvestingActivities": -403000, "totalCashflowsFromInvestingActivities": -2582000, "netBorrowings": -6985000, "otherCashflowsFromFinancingActivities": -34000, "totalCashFromFinancingActivities": -7019000, "changeInCash": 582000}, {"maxAge": 1, "endDate": "2019-03-31", "netIncome": -4724000, "depreciation": 5488000, "changeToNetincome": -1774000, "changeToAccountReceivables": -10787000, "changeToLiabilities": 18751000, "changeToInventory": -14672000, "changeToOperatingActivities": -2306000, "totalCashFromOperatingActivities": -10024000, "capitalExpenditures": -3754000, "otherCashflowsFromInvestingActivities": 829000, "totalCashflowsFromInvestingActivities": -1725000, "netBorrowings": 11682000, "otherCashflowsFromFinancingActivities": -103000, "totalCashFromFinancingActivities": 11579000, "changeInCash": -170000}, {"maxAge": 1, "endDate": "2018-03-31", "netIncome": -16614000, "depreciation": 5112000, "changeToNetincome": -790000, "changeToAccountReceivables": 3142000, "changeToLiabilities": -2136000, "changeToInventory": 3779000, "changeToOperatingActivities": 44787000, "totalCashFromOperatingActivities": 37280000, "capitalExpenditures": -4014000, "otherCashflowsFromInvestingActivities": -949000, "totalCashflowsFromInvestingActivities": -4563000, "netBorrowings": -32740000, "otherCashflowsFromFinancingActivities": -179000, "totalCashFromFinancingActivities": -32919000, "changeInCash": -202000}, {"maxAge": 1, "endDate": "2017-03-31", "netIncome": -37498000, "depreciation": 5695000, "changeToNetincome": -715000, "changeToAccountReceivables": 7645000, "changeToLiabilities": -2680000, "changeToInventory": 11456000, "changeToOperatingActivities": -4437000, "totalCashFromOperatingActivities": -20534000, "capitalExpenditures": -33462000, "investments": -65000, "otherCashflowsFromInvestingActivities": -1510000, "totalCashflowsFromInvestingActivities": -34637000, "netBorrowings": 53652000, "otherCashflowsFromFinancingActivities": -212000, "totalCashFromFinancingActivities": 53440000, "changeInCash": -1731000}], "maxAge": 86400}, "institutionOwnership": {"ownershipList": [], "maxAge": 1}, "balanceSheetHistoryQuarterly": {"balanceSheetStatements": [{"maxAge": 1, "endDate": "2020-03-31", "cash": 845000, "netReceivables": 19385000, "inventory": 32795000, "otherCurrentAssets": 5067000, "totalCurrentAssets": 58330000, "propertyPlantEquipment": 116361000, "otherAssets": 40981000, "deferredLongTermAssetCharges": 29795000, "totalAssets": 215672000, "accountsPayable": 2612000, "shortLongTermDebt": 35000, "otherCurrentLiab": 90318000, "longTermDebt": 260500000, "totalCurrentLiabilities": 115516000, "totalLiab": 376016000, "commonStock": 57854000, "retainedEarnings": -218198000, "totalStockholderEquity": -160344000, "netTangibleAssets": -160344000}, {"maxAge": 1, "endDate": "2019-12-31"}, {"maxAge": 1, "endDate": "2019-09-30"}, {"maxAge": 1, "endDate": "2019-06-30", "totalStockholderEquity": -135000000, "netTangibleAssets": -135000000}], "maxAge": 86400}, "indexTrend": {"maxAge": 1, "symbol": "SP5", "peRatio": 19.7411, "pegRatio": 1.34172, "estimates": [{"period": "0q", "growth": 0.549}, {"period": "+1q", "growth": 0.431}, {"period": "0y", "growth": 0.305}, {"period": "+1y", "growth": 0.109}, {"period": "+5y", "growth": 0.120859005}, {"period": "-5y"}]}, "insiderTransactions": {"transactions": [{"maxAge": 1, "shares": 125000, "filerUrl": "", "transactionText": "", "filerName": "Kumari (Vanka Raja)", "filerRelation": "Additonal Director", "moneyText": "", "startDate": "2015-11-04", "ownership": "D"}, {"maxAge": 1, "shares": 124500, "filerUrl": "", "transactionText": "", "filerName": "Nath (Vanka Ravindra)", "filerRelation": "Additonal Director", "moneyText": "", "startDate": "2015-11-04", "ownership": "D"}, {"maxAge": 1, "shares": 125000, "filerUrl": "", "transactionText": "", "filerName": "Raghuveer (Vanka)", "filerRelation": "UNREPORTED", "moneyText": "", "startDate": "2015-11-04", "ownership": "D"}, {"maxAge": 1, "shares": 125000, "filerUrl": "", "transactionText": "", "filerName": "Ravali (Vanka)", "filerRelation": "UNREPORTED", "moneyText": "", "startDate": "2015-11-04", "ownership": "D"}, {"maxAge": 1, "shares": 733203, "filerUrl": "", "transactionText": "", "filerName": "Kumari (Vanka Raja)", "filerRelation": "Additonal Director", "moneyText": "", "startDate": "2015-10-31", "ownership": "D"}, {"maxAge": 1, "shares": 733203, "filerUrl": "", "transactionText": "", "filerName": "Raghuveer (Vanka)", "filerRelation": "UNREPORTED", "moneyText": "", "startDate": "2015-10-31", "ownership": "D"}, {"maxAge": 1, "shares": 733203, "filerUrl": "", "transactionText": "", "filerName": "Ravali (Vanka)", "filerRelation": "UNREPORTED", "moneyText": "", "startDate": "2015-10-31", "ownership": "D"}, {"maxAge": 1, "shares": 733703, "filerUrl": "", "transactionText": "", "filerName": "Nath (Vanka Ravindra)", "filerRelation": "Additonal Director", "moneyText": "", "startDate": "2015-10-30", "ownership": "D"}], "maxAge": 1}, "quoteType": {"exchange": "BSE", "quoteType": "EQUITY", "symbol": "KAKTEX.BO", "underlyingSymbol": "KAKTEX.BO", "shortName": "KAKATIYA TEXTILES LTD.", "longName": "Kakatiya Textiles Limited", "firstTradeDateEpochUtc": "1998-12-30 09:15:00", "timeZoneFullName": "Asia/Kolkata", "timeZoneShortName": "IST", "uuid": "01cc876b-b4fd-38a2-bdce-cbf5f2ce3335", "gmtOffSetMilliseconds": 19800000, "maxAge": 1}, "incomeStatementHistory": {"incomeStatementHistory": [{"maxAge": 1, "endDate": "2020-03-31", "totalRevenue": 241977000, "costOfRevenue": 185823000, "grossProfit": 56154000, "researchDevelopment": {}, "sellingGeneralAdministrative": 23184000, "nonRecurring": {}, "otherOperatingExpenses": 53209000, "totalOperatingExpenses": 267617000, "operatingIncome": -25640000, "totalOtherIncomeExpenseNet": 388000, "ebit": -25640000, "interestExpense": -34000, "incomeBeforeTax": -25252000, "incomeTaxExpense": 0, "minorityInterest": {}, "netIncomeFromContinuingOps": -25252000, "discontinuedOperations": {}, "extraordinaryItems": {}, "effectOfAccountingCharges": {}, "otherItems": {}, "netIncome": -25252000, "netIncomeApplicableToCommonShares": -25252000}, {"maxAge": 1, "endDate": "2019-03-31", "totalRevenue": 403978000, "costOfRevenue": 317736000, "grossProfit": 86242000, "researchDevelopment": {}, "sellingGeneralAdministrative": 26619000, "nonRecurring": {}, "otherOperatingExpenses": 61635000, "totalOperatingExpenses": 411478000, "operatingIncome": -7500000, "totalOtherIncomeExpenseNet": 2776000, "ebit": -7500000, "interestExpense": -103000, "incomeBeforeTax": -4724000, "incomeTaxExpense": 0, "minorityInterest": {}, "netIncomeFromContinuingOps": -4724000, "discontinuedOperations": {}, "extraordinaryItems": {}, "effectOfAccountingCharges": {}, "otherItems": {}, "netIncome": -4724000, "netIncomeApplicableToCommonShares": -4724000}, {"maxAge": 1, "endDate": "2018-03-31", "totalRevenue": 367503000, "costOfRevenue": 288095000, "grossProfit": 79408000, "researchDevelopment": {}, "sellingGeneralAdministrative": 31070000, "nonRecurring": {}, "otherOperatingExpenses": 60791000, "totalOperatingExpenses": 385068000, "operatingIncome": -17565000, "totalOtherIncomeExpenseNet": 951000, "ebit": -17565000, "interestExpense": -179000, "incomeBeforeTax": -16614000, "incomeTaxExpense": 0, "minorityInterest": {}, "netIncomeFromContinuingOps": -16614000, "discontinuedOperations": {}, "extraordinaryItems": {}, "effectOfAccountingCharges": {}, "otherItems": {}, "netIncome": -16614000, "netIncomeApplicableToCommonShares": -16614000}, {"maxAge": 1, "endDate": "2017-03-31", "totalRevenue": 295173000, "costOfRevenue": 228568000, "grossProfit": 66605000, "researchDevelopment": {}, "sellingGeneralAdministrative": 32618000, "nonRecurring": {}, "otherOperatingExpenses": 66512000, "totalOperatingExpenses": 333393000, "operatingIncome": -38220000, "totalOtherIncomeExpenseNet": 722000, "ebit": -38220000, "interestExpense": -212000, "incomeBeforeTax": -37498000, "incomeTaxExpense": 0, "minorityInterest": {}, "netIncomeFromContinuingOps": -37498000, "discontinuedOperations": {}, "extraordinaryItems": {}, "effectOfAccountingCharges": {}, "otherItems": {}, "netIncome": -37498000, "netIncomeApplicableToCommonShares": -37498000}], "maxAge": 86400}, "fundOwnership": {"ownershipList": [], "maxAge": 1}, "summaryDetail": {"maxAge": 1, "priceHint": 4, "previousClose": 0.6, "open": 0.6, "dayLow": 0.6, "dayHigh": 0.6, "regularMarketPreviousClose": 0.6, "regularMarketOpen": 0.6, "regularMarketDayLow": 0.6, "regularMarketDayHigh": 0.6, "volume": 5, "regularMarketVolume": 5, "averageVolume": 246, "averageVolume10days": 20, "averageDailyVolume10Day": 20, "bid": 0.6, "ask": 0.57, "bidSize": 0, "askSize": 0, "marketCap": 3486360, "fiftyTwoWeekLow": 0.6, "fiftyTwoWeekHigh": 3.33, "fiftyDayAverage": 0.94878787, "twoHundredDayAverage": 1.4221015, "currency": "INR", "fromCurrency": null, "lastMarket": null, "algorithm": null, "tradeable": false}, "incomeStatementHistoryQuarterly": {"incomeStatementHistory": [{"maxAge": 1, "endDate": "2020-03-31", "totalRevenue": 34277000, "costOfRevenue": -6577000, "grossProfit": 40854000, "researchDevelopment": {}, "sellingGeneralAdministrative": 4984000, "nonRecurring": {}, "otherOperatingExpenses": 31509000, "totalOperatingExpenses": 31217000, "operatingIncome": 3060000, "totalOtherIncomeExpenseNet": -12000, "ebit": 3060000, "interestExpense": -34000, "incomeBeforeTax": 3048000, "incomeTaxExpense": 0, "minorityInterest": {}, "netIncomeFromContinuingOps": 3048000, "discontinuedOperations": {}, "extraordinaryItems": {}, "effectOfAccountingCharges": {}, "otherItems": {}, "netIncome": 3048000, "netIncomeApplicableToCommonShares": 3048000}, {"maxAge": 1, "endDate": "2019-12-31", "totalRevenue": 66100000, "costOfRevenue": 60700000, "grossProfit": 5400000, "researchDevelopment": {}, "sellingGeneralAdministrative": 5800000, "nonRecurring": {}, "otherOperatingExpenses": 6800000, "totalOperatingExpenses": 74700000, "operatingIncome": -8600000, "totalOtherIncomeExpenseNet": 100000, "ebit": -8600000, "interestExpense": -34000, "incomeBeforeTax": -8500000, "incomeTaxExpense": 0, "minorityInterest": {}, "netIncomeFromContinuingOps": -8500000, "discontinuedOperations": {}, "extraordinaryItems": {}, "effectOfAccountingCharges": {}, "otherItems": {}, "netIncome": -8500000, "netIncomeApplicableToCommonShares": -8500000}, {"maxAge": 1, "endDate": "2019-09-30", "totalRevenue": 72300000, "costOfRevenue": 68300000, "grossProfit": 4000000, "researchDevelopment": {}, "sellingGeneralAdministrative": 6100000, "nonRecurring": {}, "otherOperatingExpenses": 7700000, "totalOperatingExpenses": 83500000, "operatingIncome": -11200000, "totalOtherIncomeExpenseNet": 200000, "ebit": -11200000, "interestExpense": -34000, "incomeBeforeTax": -11000000, "incomeTaxExpense": 0, "minorityInterest": {}, "netIncomeFromContinuingOps": -11000000, "discontinuedOperations": {}, "extraordinaryItems": {}, "effectOfAccountingCharges": {}, "otherItems": {}, "netIncome": -11000000, "netIncomeApplicableToCommonShares": -11000000}, {"maxAge": 1, "endDate": "2019-06-30", "totalRevenue": 69300000, "costOfRevenue": 63400000, "grossProfit": 5900000, "researchDevelopment": {}, "sellingGeneralAdministrative": 6300000, "nonRecurring": {}, "otherOperatingExpenses": 7200000, "totalOperatingExpenses": 78200000, "operatingIncome": -8900000, "totalOtherIncomeExpenseNet": 100000, "ebit": -8900000, "interestExpense": -34000, "incomeBeforeTax": -8800000, "incomeTaxExpense": 0, "minorityInterest": {}, "netIncomeFromContinuingOps": -8800000, "discontinuedOperations": {}, "extraordinaryItems": {}, "effectOfAccountingCharges": {}, "otherItems": {}, "netIncome": -8800000, "netIncomeApplicableToCommonShares": -8800000}], "maxAge": 86400}, "cashflowStatementHistoryQuarterly": {"cashflowStatements": [{"maxAge": 1, "endDate": "2020-03-31", "netIncome": 3048000, "changeToLiabilities": 0}, {"maxAge": 1, "endDate": "2019-12-31", "netIncome": -8500000, "changeToLiabilities": 0}, {"maxAge": 1, "endDate": "2019-09-30", "netIncome": -11000000, "changeToLiabilities": 0}, {"maxAge": 1, "endDate": "2019-06-30", "netIncome": -8800000, "changeToLiabilities": 0}], "maxAge": 86400}, "insiderHolders": {"holders": [{"maxAge": 1, "name": "Kumari (Vanka Raja)", "relation": "Additonal Director", "url": "", "transactionDescription": "Purchase", "latestTransDate": "2015-11-04", "positionDirect": 858203, "positionDirectDate": "2015-11-04"}, {"maxAge": 1, "name": "Nath (Vanka Ravindra)", "relation": "Additonal Director", "url": "", "transactionDescription": "Purchase", "latestTransDate": "2015-11-04", "positionDirect": 858703, "positionDirectDate": "2015-11-04"}, {"maxAge": 1, "name": "Raghuveer (Vanka)", "relation": "UNREPORTED", "url": "", "transactionDescription": "Purchase", "latestTransDate": "2015-11-04", "positionDirect": 858203, "positionDirectDate": "2015-11-04"}, {"maxAge": 1, "name": "Ravali (Vanka)", "relation": "UNREPORTED", "url": "", "transactionDescription": "Purchase", "latestTransDate": "2015-11-04", "positionDirect": 858203, "positionDirectDate": "2015-11-04"}], "maxAge": 1}, "calendarEvents": {"maxAge": 1, "earnings": {"earningsDate": []}}, "upgradeDowngradeHistory": {"history": [], "maxAge": 86400}, "price": {"maxAge": 1, "regularMarketChangePercent": 0.0, "regularMarketChange": 0.0, "regularMarketTime": "2021-04-23 09:07:15", "priceHint": 4, "regularMarketPrice": 0.6, "regularMarketDayHigh": 0.6, "regularMarketDayLow": 0.6, "regularMarketVolume": 5, "averageDailyVolume10Day": 20, "averageDailyVolume3Month": 246, "regularMarketPreviousClose": 0.6, "regularMarketSource": "FREE_REALTIME", "regularMarketOpen": 0.6, "exchange": "BSE", "exchangeName": "BSE", "exchangeDataDelayedBy": 0, "marketState": "CLOSED", "quoteType": "EQUITY", "symbol": "KAKTEX.BO", "underlyingSymbol": null, "shortName": "KAKATIYA TEXTILES LTD.", "longName": "Kakatiya Textiles Limited", "currency": "INR", "quoteSourceName": "Delayed Quote", "currencySymbol": "\u20b9", "fromCurrency": null, "lastMarket": null, "marketCap": 3486360}, "balanceSheetHistory": {"balanceSheetStatements": [{"maxAge": 1, "endDate": "2020-03-31", "cash": 845000, "netReceivables": 19385000, "inventory": 32795000, "otherCurrentAssets": 5067000, "totalCurrentAssets": 58330000, "propertyPlantEquipment": 116361000, "otherAssets": 40981000, "deferredLongTermAssetCharges": 29795000, "totalAssets": 215672000, "accountsPayable": 2612000, "shortLongTermDebt": 35000, "otherCurrentLiab": 90318000, "longTermDebt": 260500000, "totalCurrentLiabilities": 115516000, "totalLiab": 376016000, "commonStock": 57854000, "retainedEarnings": -218198000, "totalStockholderEquity": -160344000, "netTangibleAssets": -160344000}, {"maxAge": 1, "endDate": "2019-03-31", "cash": 263000, "netReceivables": 30173000, "inventory": 37093000, "otherCurrentAssets": 1403000, "totalCurrentAssets": 69179000, "propertyPlantEquipment": 119795000, "otherAssets": 39973000, "deferredLongTermAssetCharges": 29795000, "totalAssets": 228947000, "accountsPayable": 29256000, "shortLongTermDebt": 568000, "otherCurrentLiab": 42184000, "longTermDebt": 267485000, "totalCurrentLiabilities": 96554000, "totalLiab": 364039000, "commonStock": 57854000, "retainedEarnings": -192946000, "totalStockholderEquity": -135092000, "netTangibleAssets": -135092000}, {"maxAge": 1, "endDate": "2018-03-31", "cash": 433000, "netReceivables": 19337000, "inventory": 22540000, "otherCurrentAssets": 1467000, "totalCurrentAssets": 44050000, "propertyPlantEquipment": 121529000, "otherAssets": 40125000, "deferredLongTermAssetCharges": 29795000, "totalAssets": 205704000, "accountsPayable": 10505000, "shortLongTermDebt": 740000, "otherCurrentLiab": 44793000, "longTermDebt": 255803000, "totalCurrentLiabilities": 80269000, "totalLiab": 336072000, "commonStock": 57854000, "retainedEarnings": -188222000, "totalStockholderEquity": -130368000, "netTangibleAssets": -130368000}, {"maxAge": 1, "endDate": "2017-03-31", "cash": 635000, "netReceivables": 21140000, "inventory": 26482000, "otherCurrentAssets": 1570000, "totalCurrentAssets": 50096000, "propertyPlantEquipment": 122625000, "otherAssets": 38607000, "deferredLongTermAssetCharges": 29795000, "totalAssets": 211328000, "accountsPayable": 12641000, "shortLongTermDebt": 670000, "otherCurrentLiab": 8753000, "longTermDebt": 288543000, "totalCurrentLiabilities": 36539000, "totalLiab": 325082000, "commonStock": 57854000, "retainedEarnings": -171608000, "totalStockholderEquity": -113754000, "netTangibleAssets": -113754000}], "maxAge": 86400}, "financialData": {"maxAge": 86400, "currentPrice": 0.6, "recommendationKey": "none", "grossProfits": 56154000, "financialCurrency": "INR"}}}