{"KALLAM.BO": {"recommendationTrend": {"trend": [{"period": "0m", "strongBuy": 0, "buy": 0, "hold": 0, "sell": 0, "strongSell": 0}, {"period": "-1m", "strongBuy": 0, "buy": 0, "hold": 0, "sell": 0, "strongSell": 0}, {"period": "-2m", "strongBuy": 0, "buy": 0, "hold": 0, "sell": 0, "strongSell": 0}, {"period": "-3m", "strongBuy": 0, "buy": 0, "hold": 0, "sell": 0, "strongSell": 0}], "maxAge": 86400}, "cashflowStatementHistory": {"cashflowStatements": [{"maxAge": 1, "endDate": "2020-03-31", "netIncome": -120887755, "depreciation": 156289950, "changeToNetincome": 164390771, "changeToAccountReceivables": -59777794, "changeToLiabilities": 64177513, "changeToInventory": 100969635, "totalCashFromOperatingActivities": 305338590, "capitalExpenditures": -106381958, "otherCashflowsFromInvestingActivities": -8023981, "totalCashflowsFromInvestingActivities": -114356832, "dividendsPaid": -10324215, "netBorrowings": -26865436, "otherCashflowsFromFinancingActivities": -242358893, "totalCashFromFinancingActivities": -279548544, "changeInCash": -154323}, {"maxAge": 1, "endDate": "2019-03-31", "netIncome": 66542489, "depreciation": 156829627, "changeToNetincome": 204009811, "changeToAccountReceivables": -68858453, "changeToLiabilities": -29733740, "changeToInventory": -81767714, "totalCashFromOperatingActivities": 247028264, "capitalExpenditures": -50181232, "otherCashflowsFromInvestingActivities": 7289636, "totalCashflowsFromInvestingActivities": -42876346, "dividendsPaid": -10324608, "netBorrowings": 6983431, "otherCashflowsFromFinancingActivities": -204323113, "totalCashFromFinancingActivities": -207664290, "changeInCash": -3512372}, {"maxAge": 1, "endDate": "2018-03-31", "netIncome": 156729554, "depreciation": 141946320, "changeToNetincome": 205449750, "changeToAccountReceivables": -57559729, "changeToLiabilities": 62422697, "changeToInventory": -56527057, "totalCashFromOperatingActivities": 452461535, "capitalExpenditures": -116128193, "otherCashflowsFromInvestingActivities": 4400914, "totalCashflowsFromInvestingActivities": -109100596, "dividendsPaid": -8245823, "netBorrowings": -120496653, "otherCashflowsFromFinancingActivities": -214833106, "totalCashFromFinancingActivities": -343575582, "changeInCash": -214643}, {"maxAge": 1, "endDate": "2017-03-31", "netIncome": 127899685, "depreciation": 136489377, "changeToNetincome": 268588755, "changeToAccountReceivables": -236287289, "changeToLiabilities": -39971955, "changeToInventory": -115105423, "totalCashFromOperatingActivities": 141613150, "capitalExpenditures": -139192436, "otherCashflowsFromInvestingActivities": 656869, "totalCashflowsFromInvestingActivities": -130917797, "dividendsPaid": -6851100, "netBorrowings": 223442238, "otherCashflowsFromFinancingActivities": -221261516, "totalCashFromFinancingActivities": -4670378, "changeInCash": 6024975}], "maxAge": 86400}, "institutionOwnership": {"maxAge": 1, "ownershipList": []}, "balanceSheetHistoryQuarterly": {"balanceSheetStatements": [{"maxAge": 1, "endDate": "2020-06-30", "totalStockholderEquity": 2058600000, "netTangibleAssets": 2057800000}, {"maxAge": 1, "endDate": "2020-03-31", "cash": 3933183, "netReceivables": 796192292, "inventory": 922189755, "otherCurrentAssets": 16018422, "totalCurrentAssets": 1742379213, "propertyPlantEquipment": 4058265773, "intangibleAssets": 812121, "otherAssets": 66435646, "totalAssets": 5867892753, "accountsPayable": 166403054, "shortLongTermDebt": 318517732, "otherCurrentLiab": 102688806, "longTermDebt": 1269123759, "otherLiab": 353634766, "totalCurrentLiabilities": 2186453241, "totalLiab": 3809211766, "commonStock": 85638750, "retainedEarnings": 849925634, "treasuryStock": 1123116603, "otherStockholderEquity": 1123116603, "totalStockholderEquity": 2058680987, "netTangibleAssets": 2057868866}, {"maxAge": 1, "endDate": "2019-12-31", "totalStockholderEquity": 2172500000, "netTangibleAssets": 2171800000}, {"maxAge": 1, "endDate": "2019-09-30", "cash": 14300000, "netReceivables": 162900000, "inventory": 864100000, "otherCurrentAssets": 573000000, "totalCurrentAssets": 1614300000, "propertyPlantEquipment": 4038000000, "intangibleAssets": 700000, "otherAssets": 68200000, "totalAssets": 5721200000, "accountsPayable": 121600000, "shortLongTermDebt": 457800000, "otherCurrentLiab": 28800000, "longTermDebt": 1261700000, "otherLiab": 379400000, "totalCurrentLiabilities": 1907600000, "totalLiab": 3548700000, "commonStock": 85600000, "treasuryStock": 2086900000, "otherStockholderEquity": 2086900000, "totalStockholderEquity": 2172500000, "netTangibleAssets": 2171800000}], "maxAge": 86400}, "earningsHistory": {"history": [{"maxAge": 1, "epsActual": {}, "epsEstimate": {}, "epsDifference": {}, "surprisePercent": {}, "quarter": {}, "period": "-4q"}, {"maxAge": 1, "epsActual": {}, "epsEstimate": {}, "epsDifference": {}, "surprisePercent": {}, "quarter": {}, "period": "-3q"}, {"maxAge": 1, "epsActual": {}, "epsEstimate": {}, "epsDifference": {}, "surprisePercent": {}, "quarter": {}, "period": "-2q"}, {"maxAge": 1, "epsActual": 0.74, "epsEstimate": 0.76, "epsDifference": -0.02, "surprisePercent": -0.025999999, "quarter": "2018-06-30", "period": "-1q"}], "maxAge": 86400}, "indexTrend": {"maxAge": 1, "symbol": "SP5", "peRatio": 19.7411, "pegRatio": 1.34172, "estimates": [{"period": "0q", "growth": 0.549}, {"period": "+1q", "growth": 0.431}, {"period": "0y", "growth": 0.305}, {"period": "+1y", "growth": 0.109}, {"period": "+5y", "growth": 0.120859005}, {"period": "-5y"}]}, "industryTrend": {"maxAge": 1, "symbol": null, "estimates": []}, "insiderTransactions": {"transactions": [{"maxAge": 1, "shares": 337829, "filerUrl": "", "transactionText": "", "filerName": "Kallam (Harinadha Reddy)", "filerRelation": "Promoter", "moneyText": "", "startDate": "2019-12-13", "ownership": "D"}, {"maxAge": 1, "shares": 1692832, "filerUrl": "", "transactionText": "", "filerName": "Kallam (Prathyusha)", "filerRelation": "Promoter", "moneyText": "", "startDate": "2019-12-13", "ownership": "D"}, {"maxAge": 1, "shares": 3426359, "filerUrl": "", "transactionText": "", "filerName": "Kallam Agro Products & Oils Ltd", "filerRelation": "Promoter", "moneyText": "", "startDate": "2019-12-13", "ownership": "D"}, {"maxAge": 1, "shares": 265000, "filerUrl": "", "transactionText": "", "filerName": "Kallam (Mohan Reddy)", "filerRelation": "Promoter", "moneyText": "", "startDate": "2019-12-12", "ownership": "D"}, {"maxAge": 1, "shares": 1130698, "filerUrl": "", "transactionText": "", "filerName": "Poluri (Sivanagendramma)", "filerRelation": "Promoter", "moneyText": "", "startDate": "2019-12-12", "ownership": "D"}, {"maxAge": 1, "shares": 173018, "filerUrl": "", "transactionText": "", "filerName": "Nalli (Prabhakara Rao)", "filerRelation": "Promoter", "moneyText": "", "startDate": "2019-06-04", "ownership": "D"}, {"maxAge": 1, "shares": 173018, "filerUrl": "", "transactionText": "", "filerName": "Prasad (Rajendra N)", "filerRelation": "Promoter", "moneyText": "", "startDate": "2019-06-04", "ownership": "D"}], "maxAge": 1}, "quoteType": {"exchange": "BSE", "quoteType": "EQUITY", "symbol": "KALLAM.BO", "underlyingSymbol": "KALLAM.BO", "shortName": "KALLAM TEXTILES LTD", "longName": "Kallam Textiles Limited", "firstTradeDateEpochUtc": "2000-01-04 09:15:00", "timeZoneFullName": "Asia/Kolkata", "timeZoneShortName": "IST", "uuid": "d192fda6-21ca-343f-9bd2-2529d9a505d5", "messageBoardId": null, "gmtOffSetMilliseconds": 19800000, "maxAge": 1}, "incomeStatementHistory": {"incomeStatementHistory": [{"maxAge": 1, "endDate": "2020-03-31", "totalRevenue": 2916107399, "costOfRevenue": 1892525194, "grossProfit": 1023582205, "researchDevelopment": {}, "sellingGeneralAdministrative": 200942800, "nonRecurring": {}, "otherOperatingExpenses": 612220076, "totalOperatingExpenses": 2862154290, "operatingIncome": 53953109, "totalOtherIncomeExpenseNet": -225118052, "ebit": 53953109, "interestExpense": -313467279, "incomeBeforeTax": -171164943, "incomeTaxExpense": -50277188, "minorityInterest": {}, "netIncomeFromContinuingOps": -120887755, "discontinuedOperations": {}, "extraordinaryItems": {}, "effectOfAccountingCharges": {}, "otherItems": {}, "netIncome": -120887755, "netIncomeApplicableToCommonShares": -120887755}, {"maxAge": 1, "endDate": "2019-03-31", "totalRevenue": 3107359121, "costOfRevenue": 1787856567, "grossProfit": 1319502554, "researchDevelopment": {}, "sellingGeneralAdministrative": 209937245, "nonRecurring": {}, "otherOperatingExpenses": 641246355, "totalOperatingExpenses": 2795876038, "operatingIncome": 311483083, "totalOtherIncomeExpenseNet": -191934984, "ebit": 311483083, "interestExpense": -336030752, "incomeBeforeTax": 119548099, "incomeTaxExpense": 53005610, "minorityInterest": {}, "netIncomeFromContinuingOps": 66542489, "discontinuedOperations": {}, "extraordinaryItems": {}, "effectOfAccountingCharges": {}, "otherItems": {}, "netIncome": 66542489, "netIncomeApplicableToCommonShares": 66542489}, {"maxAge": 1, "endDate": "2018-03-31", "totalRevenue": 3126426542, "costOfRevenue": 1721777670, "grossProfit": 1404648872, "researchDevelopment": {}, "sellingGeneralAdministrative": 208770807, "nonRecurring": {}, "otherOperatingExpenses": 635272929, "totalOperatingExpenses": 2707767726, "operatingIncome": 418658816, "totalOtherIncomeExpenseNet": -207974843, "ebit": 418658816, "interestExpense": -371110499, "incomeBeforeTax": 210683973, "incomeTaxExpense": 53954419, "minorityInterest": {}, "netIncomeFromContinuingOps": 156729554, "discontinuedOperations": {}, "extraordinaryItems": {}, "effectOfAccountingCharges": {}, "otherItems": {}, "netIncome": 156729554, "netIncomeApplicableToCommonShares": 156729554}, {"maxAge": 1, "endDate": "2017-03-31", "totalRevenue": 2886317329, "costOfRevenue": 1532656503, "grossProfit": 1353660826, "researchDevelopment": {}, "sellingGeneralAdministrative": 180543461, "nonRecurring": {}, "otherOperatingExpenses": 614741960, "totalOperatingExpenses": 2464431301, "operatingIncome": 421886028, "totalOtherIncomeExpenseNet": -210085181, "ebit": 421886028, "interestExpense": -377406427, "incomeBeforeTax": 211800847, "incomeTaxExpense": 83901162, "minorityInterest": {}, "netIncomeFromContinuingOps": 127899685, "discontinuedOperations": {}, "extraordinaryItems": {}, "effectOfAccountingCharges": {}, "otherItems": {}, "netIncome": 127899685, "netIncomeApplicableToCommonShares": 127899685}], "maxAge": 86400}, "fundOwnership": {"maxAge": 1, "ownershipList": []}, "summaryDetail": {"maxAge": 1, "priceHint": 2, "previousClose": 9.45, "open": 9.5, "dayLow": 9.15, "dayHigh": 9.75, "regularMarketPreviousClose": 9.45, "regularMarketOpen": 9.5, "regularMarketDayLow": 9.15, "regularMarketDayHigh": 9.75, "forwardPE": 1.7424241, "volume": 902, "regularMarketVolume": 902, "averageVolume": 23596, "averageVolume10days": 5417, "averageDailyVolume10Day": 5417, "bid": 9.25, "ask": 9.7, "bidSize": 0, "askSize": 0, "marketCap": 393592544, "fiftyTwoWeekLow": 3.28, "fiftyTwoWeekHigh": 16.04, "fiftyDayAverage": 13.632059, "twoHundredDayAverage": 8.935809, "trailingAnnualDividendRate": 0.2, "trailingAnnualDividendYield": 0.021164022, "currency": "INR", "fromCurrency": null, "toCurrency": null, "lastMarket": null, "algorithm": null, "tradeable": false}, "sectorTrend": {"maxAge": 1, "symbol": null, "estimates": []}, "incomeStatementHistoryQuarterly": {"incomeStatementHistory": [{"maxAge": 1, "endDate": "2020-06-30", "totalRevenue": 255198000, "costOfRevenue": 254496000, "grossProfit": 702000, "researchDevelopment": {}, "sellingGeneralAdministrative": 18650000, "nonRecurring": {}, "otherOperatingExpenses": 57467000, "totalOperatingExpenses": 368283000, "operatingIncome": -113085000, "totalOtherIncomeExpenseNet": -58316000, "ebit": -113085000, "interestExpense": -60857000, "incomeBeforeTax": -171401000, "incomeTaxExpense": -57081000, "minorityInterest": {}, "netIncomeFromContinuingOps": -114320000, "discontinuedOperations": {}, "extraordinaryItems": {}, "effectOfAccountingCharges": {}, "otherItems": {}, "netIncome": -114320000, "netIncomeApplicableToCommonShares": -114320000}, {"maxAge": 1, "endDate": "2020-03-31", "totalRevenue": 782331399, "costOfRevenue": 618673194, "grossProfit": 163658205, "researchDevelopment": {}, "sellingGeneralAdministrative": 43401800, "nonRecurring": {}, "otherOperatingExpenses": 114923076, "totalOperatingExpenses": 816978290, "operatingIncome": -34646891, "totalOtherIncomeExpenseNet": -55619052, "ebit": -34646891, "interestExpense": -133490279, "incomeBeforeTax": -90265943, "incomeTaxExpense": -6985188, "minorityInterest": {}, "netIncomeFromContinuingOps": -83280755, "discontinuedOperations": {}, "extraordinaryItems": {}, "effectOfAccountingCharges": {}, "otherItems": {}, "netIncome": -83280755, "netIncomeApplicableToCommonShares": -83280755}, {"maxAge": 1, "endDate": "2019-12-31", "totalRevenue": 802093000, "costOfRevenue": 527550000, "grossProfit": 274543000, "researchDevelopment": {}, "sellingGeneralAdministrative": 56719000, "nonRecurring": {}, "otherOperatingExpenses": 169196000, "totalOperatingExpenses": 792144000, "operatingIncome": 9949000, "totalOtherIncomeExpenseNet": -56423000, "ebit": 9949000, "interestExpense": -59183000, "incomeBeforeTax": -46474000, "incomeTaxExpense": -13959000, "minorityInterest": {}, "netIncomeFromContinuingOps": -32515000, "discontinuedOperations": {}, "extraordinaryItems": {}, "effectOfAccountingCharges": {}, "otherItems": {}, "netIncome": -32515000, "netIncomeApplicableToCommonShares": -32515000}, {"maxAge": 1, "endDate": "2019-09-30", "totalRevenue": 596384000, "costOfRevenue": 332730000, "grossProfit": 263654000, "researchDevelopment": {}, "sellingGeneralAdministrative": 53751000, "nonRecurring": {}, "otherOperatingExpenses": 150772000, "totalOperatingExpenses": 577167000, "operatingIncome": 19217000, "totalOtherIncomeExpenseNet": -54915000, "ebit": 19217000, "interestExpense": -59293000, "incomeBeforeTax": -35698000, "incomeTaxExpense": -10111000, "minorityInterest": {}, "netIncomeFromContinuingOps": -25587000, "discontinuedOperations": {}, "extraordinaryItems": {}, "effectOfAccountingCharges": {}, "otherItems": {}, "netIncome": -25587000, "netIncomeApplicableToCommonShares": -25587000}], "maxAge": 86400}, "cashflowStatementHistoryQuarterly": {"cashflowStatements": [{"maxAge": 1, "endDate": "2020-06-30", "netIncome": -114320000, "changeToLiabilities": 0}, {"maxAge": 1, "endDate": "2020-03-31", "netIncome": -83280755, "changeToLiabilities": 0}, {"maxAge": 1, "endDate": "2019-12-31", "netIncome": -32515000, "changeToLiabilities": 0}, {"maxAge": 1, "endDate": "2019-09-30", "netIncome": -25587000, "changeToLiabilities": 0}], "maxAge": 86400}, "insiderHolders": {"holders": [{"maxAge": 1, "name": "Kallam (Harinadha Reddy)", "relation": "Promoter", "url": "", "transactionDescription": "Other", "latestTransDate": "2019-12-13", "positionDirect": 3070329, "positionDirectDate": "2019-12-13"}, {"maxAge": 1, "name": "Kallam (Mohan Reddy)", "relation": "Promoter", "url": "", "transactionDescription": "Other", "latestTransDate": "2019-12-12", "positionDirect": 2944625, "positionDirectDate": "2019-12-12"}, {"maxAge": 1, "name": "Kallam (Prathyusha)", "relation": "Promoter", "url": "", "transactionDescription": "Other", "latestTransDate": "2019-12-13", "positionDirect": 2880957, "positionDirectDate": "2019-12-13"}, {"maxAge": 1, "name": "Kallam Agro Products & Oils Ltd", "relation": "Promoter", "url": "", "transactionDescription": "Other", "latestTransDate": "2019-12-13", "positionDirect": 2038684, "positionDirectDate": "2019-12-13"}, {"maxAge": 1, "name": "Nalli (Prabhakara Rao)", "relation": "Promoter", "url": "", "transactionDescription": "Other", "latestTransDate": "2019-06-04", "positionDirect": 0, "positionDirectDate": "2019-06-04"}, {"maxAge": 1, "name": "Poluri (Sivanagendramma)", "relation": "Promoter", "url": "", "transactionDescription": "Other", "latestTransDate": "2019-12-12", "positionDirect": 1426903, "positionDirectDate": "2019-12-12"}, {"maxAge": 1, "name": "Prasad (Rajendra N)", "relation": "Promoter", "url": "", "transactionDescription": "Other", "latestTransDate": "2019-06-04", "positionDirect": 651768, "positionDirectDate": "2019-06-04"}], "maxAge": 1}, "earnings": {"maxAge": 86400, "earningsChart": {"quarterly": [{"date": "2Q2018", "actual": 0.74, "estimate": 0.76}], "currentQuarterEstimateDate": "3Q", "currentQuarterEstimateYear": 2018, "earningsDate": ["2020-07-31 05:30:S"]}, "financialsChart": {"yearly": [{"date": 2017, "revenue": 2886317329, "earnings": 127899685}, {"date": 2018, "revenue": 3126426542, "earnings": 156729554}, {"date": 2019, "revenue": 3107359121, "earnings": 66542489}, {"date": 2020, "revenue": 2916107399, "earnings": -120887755}], "quarterly": [{"date": "3Q2019", "revenue": 596384000, "earnings": -25587000}, {"date": "4Q2019", "revenue": 802093000, "earnings": -32515000}, {"date": "1Q2020", "revenue": 782331399, "earnings": -83280755}, {"date": "2Q2020", "revenue": 255198000, "earnings": -114320000}]}, "financialCurrency": "INR"}, "calendarEvents": {"maxAge": 1, "earnings": {"earningsDate": ["2020-07-31 05:30:S"], "revenueAverage": 766840000}}, "price": {"maxAge": 1, "regularMarketChangePercent": -0.026455026, "regularMarketChange": -0.25, "regularMarketTime": "2021-04-30 15:29:34", "priceHint": 2, "regularMarketPrice": 9.2, "regularMarketDayHigh": 9.75, "regularMarketDayLow": 9.15, "regularMarketVolume": 902, "averageDailyVolume10Day": 5417, "averageDailyVolume3Month": 23596, "regularMarketPreviousClose": 9.45, "regularMarketSource": "FREE_REALTIME", "regularMarketOpen": 9.5, "exchange": "BSE", "exchangeName": "BSE", "exchangeDataDelayedBy": 0, "marketState": "CLOSED", "quoteType": "EQUITY", "symbol": "KALLAM.BO", "underlyingSymbol": null, "shortName": "KALLAM TEXTILES LTD", "longName": "Kallam Textiles Limited", "currency": "INR", "quoteSourceName": "Delayed Quote", "currencySymbol": "\u20b9", "fromCurrency": null, "toCurrency": null, "lastMarket": null, "marketCap": 393592544}, "balanceSheetHistory": {"balanceSheetStatements": [{"maxAge": 1, "endDate": "2020-03-31", "cash": 3933183, "netReceivables": 796192292, "inventory": 922189755, "otherCurrentAssets": 16018422, "totalCurrentAssets": 1742379213, "propertyPlantEquipment": 4058265773, "intangibleAssets": 812121, "otherAssets": 66435646, "totalAssets": 5867892753, "accountsPayable": 166403054, "shortLongTermDebt": 318517732, "otherCurrentLiab": 102688806, "longTermDebt": 1269123759, "otherLiab": 353634766, "totalCurrentLiabilities": 2186453241, "totalLiab": 3809211766, "commonStock": 85638750, "retainedEarnings": 849925634, "treasuryStock": 1123116603, "otherStockholderEquity": 1123116603, "totalStockholderEquity": 2058680987, "netTangibleAssets": 2057868866}, {"maxAge": 1, "endDate": "2019-03-31", "cash": 4087506, "netReceivables": 732716829, "inventory": 1026716754, "otherCurrentAssets": 4683884, "totalCurrentAssets": 1772644202, "propertyPlantEquipment": 4108440758, "intangibleAssets": 753391, "otherAssets": 66182283, "totalAssets": 5948020634, "accountsPayable": 65126351, "shortLongTermDebt": 320220062, "otherCurrentLiab": 65518450, "longTermDebt": 1464373028, "otherLiab": 412125621, "totalCurrentLiabilities": 1886026734, "totalLiab": 3762525383, "commonStock": 85638750, "retainedEarnings": 981137604, "treasuryStock": 1118718897, "otherStockholderEquity": 1118718897, "totalStockholderEquity": 2185495251, "netTangibleAssets": 2184741860}, {"maxAge": 1, "endDate": "2018-03-31", "cash": 7599878, "netReceivables": 669010565, "inventory": 928711656, "otherCurrentAssets": 17755535, "totalCurrentAssets": 1626452464, "propertyPlantEquipment": 4215881489, "otherAssets": 65970018, "totalAssets": 5908303971, "accountsPayable": 83855898, "shortLongTermDebt": 253666950, "otherCurrentLiab": 95362781, "longTermDebt": 1756068615, "otherLiab": 391968015, "totalCurrentLiabilities": 1637012097, "totalLiab": 3785048727, "commonStock": 85638750, "retainedEarnings": 924919723, "treasuryStock": 1112696771, "otherStockholderEquity": 1112696771, "totalStockholderEquity": 2123255244, "netTangibleAssets": 2123255244}, {"maxAge": 1, "endDate": "2017-03-31", "cash": 7814521, "netReceivables": 591673887, "inventory": 886205029, "otherCurrentAssets": 5546515, "totalCurrentAssets": 1493713978, "propertyPlantEquipment": 3618586504, "otherAssets": 84963810, "totalAssets": 5197264292, "accountsPayable": 28045069, "shortLongTermDebt": 194914812, "otherCurrentLiab": 101500367, "longTermDebt": 1943040847, "otherLiab": 266476807, "totalCurrentLiabilities": 1517723176, "totalLiab": 3727240830, "commonStock": 68511000, "retainedEarnings": 793563743, "treasuryStock": 607948719, "otherStockholderEquity": 607948719, "totalStockholderEquity": 1470023462, "netTangibleAssets": 1470023462}], "maxAge": 86400}, "earningsTrend": {"trend": [{"maxAge": 1, "period": "0q", "endDate": "2018-09-30", "growth": {}, "earningsEstimate": {"avg": 0.0, "low": 0.0, "high": 0.0, "yearAgoEps": {}, "numberOfAnalysts": 0, "growth": {}}, "revenueEstimate": {"avg": 766840000, "low": 0, "high": 0, "numberOfAnalysts": 0, "yearAgoRevenue": 676921000, "growth": 0.133}, "epsTrend": {"current": 0.0, "7daysAgo": 0.0, "30daysAgo": 0.0, "60daysAgo": 0.0, "90daysAgo": 0.0}, "epsRevisions": {"upLast7days": 0, "upLast30days": 0, "downLast30days": 0, "downLast90days": {}}}, {"maxAge": 1, "period": "+1q", "endDate": "2018-12-31", "growth": {}, "earningsEstimate": {"avg": 0.0, "low": 0.0, "high": 0.0, "yearAgoEps": {}, "numberOfAnalysts": 0, "growth": {}}, "revenueEstimate": {"avg": 0, "low": 0, "high": 0, "numberOfAnalysts": 0, "yearAgoRevenue": {}, "growth": {}}, "epsTrend": {"current": 0.0, "7daysAgo": 0.0, "30daysAgo": 0.0, "60daysAgo": 0.0, "90daysAgo": 0.0}, "epsRevisions": {"upLast7days": 0, "upLast30days": 0, "downLast30days": 0, "downLast90days": {}}}, {"maxAge": 1, "period": "0y", "endDate": "2019-03-31", "growth": {}, "earningsEstimate": {"avg": 0.0, "low": 0.0, "high": 0.0, "yearAgoEps": {}, "numberOfAnalysts": 0, "growth": {}}, "revenueEstimate": {"avg": 3515300000, "low": 3515300000, "high": 3515300000, "numberOfAnalysts": 1, "yearAgoRevenue": 3137750000, "growth": 0.12}, "epsTrend": {"current": 0.0, "7daysAgo": 4.41, "30daysAgo": 4.41, "60daysAgo": 4.41, "90daysAgo": 4.41}, "epsRevisions": {"upLast7days": 0, "upLast30days": 0, "downLast30days": 0, "downLast90days": {}}}, {"maxAge": 1, "period": "+1y", "endDate": "2020-03-31", "growth": {}, "earningsEstimate": {"avg": 0.0, "low": 0.0, "high": 0.0, "yearAgoEps": {}, "numberOfAnalysts": 0, "growth": {}}, "revenueEstimate": {"avg": 3901980000, "low": 3901980000, "high": 3901980000, "numberOfAnalysts": 1, "yearAgoRevenue": 3515300000, "growth": 0.11}, "epsTrend": {"current": 0.0, "7daysAgo": 5.28, "30daysAgo": 5.28, "60daysAgo": 5.28, "90daysAgo": 5.28}, "epsRevisions": {"upLast7days": 0, "upLast30days": 0, "downLast30days": 0, "downLast90days": {}}}, {"maxAge": 1, "period": "+5y", "endDate": null, "growth": {}, "earningsEstimate": {"avg": {}, "low": {}, "high": {}, "yearAgoEps": {}, "numberOfAnalysts": {}, "growth": {}}, "revenueEstimate": {"avg": {}, "low": {}, "high": {}, "numberOfAnalysts": {}, "yearAgoRevenue": {}, "growth": {}}, "epsTrend": {"current": {}, "7daysAgo": {}, "30daysAgo": {}, "60daysAgo": {}, "90daysAgo": {}}, "epsRevisions": {"upLast7days": {}, "upLast30days": {}, "downLast30days": {}, "downLast90days": {}}}, {"maxAge": 1, "period": "-5y", "endDate": null, "growth": {}, "earningsEstimate": {"avg": {}, "low": {}, "high": {}, "yearAgoEps": {}, "numberOfAnalysts": {}, "growth": {}}, "revenueEstimate": {"avg": {}, "low": {}, "high": {}, "numberOfAnalysts": {}, "yearAgoRevenue": {}, "growth": {}}, "epsTrend": {"current": {}, "7daysAgo": {}, "30daysAgo": {}, "60daysAgo": {}, "90daysAgo": {}}, "epsRevisions": {"upLast7days": {}, "upLast30days": {}, "downLast30days": {}, "downLast90days": {}}}], "maxAge": 1}, "financialData": {"maxAge": 86400, "currentPrice": 9.2, "recommendationKey": "none", "grossProfits": 1023582205, "financialCurrency": "INR"}}}