{"KALYANIFRG.NS": {"assetProfile": {"address1": "Shangrila Gardens", "address2": "1st Floor C Wing Opposite Bund Garden", "city": "Pune", "zip": "411001", "country": "India", "phone": "91 21 3725 2335", "fax": "91 21 3725 2344", "website": "http://www.kalyaniforge.co.in", "industry": "Auto Parts", "sector": "Consumer Cyclical", "longBusinessSummary": "Kalyani Forge Limited, an engineering company, engages in the manufacture and sale of forged, machined, and assembled products for the automotive, construction, power generation, marine, industrial good, agriculture, and railway industries in India. The company offers engine parts, including connecting rods, crank shafts, cam shafts, retainer valves, cross head valves, injector clamps, rocker arms, balance weights, and cam lobes; and chassis systems, such as idler arms, control arms, steering knuckles, FS arms, and brackets. It also provides turbocharger parts comprising nozzle rings and pipe cast flanges; warm and cold forged parts for fluid flywheels, and wet double clutch; and driveline products consisting of tulips, inner races, tripods, spiders, outer races, yoke shafts, and double yokes. In addition, the company provides steering and suspension products, including stub axles, tie-rod ends, suspension ball joints, universal joints, and pitman arms; and various cold and hot forged parts for industrial applications, such as power tools, conveyors, and compressors. It also exports its products. The company was founded in 1979 and is based in Pune, India.", "fullTimeEmployees": 848, "companyOfficers": [{"maxAge": 1, "name": "Mr. Viraj Gaurishankar Kalyani", "age": 30, "title": "CEO & Exec. Director", "yearBorn": 1990, "fiscalYear": 2020, "totalPay": 2075220, "exercisedValue": 0, "unexercisedValue": 0}, {"maxAge": 1, "name": "Mr. Amol  Khutwad", "title": "Acting Chief Financial Officer", "exercisedValue": 0, "unexercisedValue": 0}, {"maxAge": 1, "name": "Mr. Rohan Mohan Deshpande", "title": "Company Sec. & Compliance Officer", "exercisedValue": 0, "unexercisedValue": 0}], "compensationAsOfEpochDate": "2020-12-31 05:30:00", "maxAge": 86400}, "cashflowStatementHistory": {"cashflowStatements": [{"maxAge": 1, "endDate": "2020-03-31", "netIncome": -69252000, "depreciation": 138880000, "changeToNetincome": 26598000, "changeToAccountReceivables": 171015000, "changeToLiabilities": -130817000, "changeToInventory": 78854000, "changeToOperatingActivities": 25397000, "totalCashFromOperatingActivities": 240675000, "capitalExpenditures": -11911000, "totalCashflowsFromInvestingActivities": -11911000, "dividendsPaid": -17515000, "netBorrowings": -157887000, "otherCashflowsFromFinancingActivities": -53745000, "totalCashFromFinancingActivities": -229147000, "changeInCash": -383000}, {"maxAge": 1, "endDate": "2019-03-31", "netIncome": 69638000, "depreciation": 150376000, "changeToNetincome": 76971000, "changeToAccountReceivables": -54807000, "changeToLiabilities": -22058000, "changeToInventory": 1104000, "changeToOperatingActivities": 78543000, "totalCashFromOperatingActivities": 299767000, "capitalExpenditures": -68111000, "otherCashflowsFromInvestingActivities": 6000, "totalCashflowsFromInvestingActivities": -67800000, "dividendsPaid": -16090000, "netBorrowings": -161614000, "otherCashflowsFromFinancingActivities": -75884000, "totalCashFromFinancingActivities": -253588000, "changeInCash": -21621000}, {"maxAge": 1, "endDate": "2018-03-31", "netIncome": 65638000, "depreciation": 129467000, "changeToNetincome": 43848000, "changeToAccountReceivables": -87463000, "changeToLiabilities": 78655000, "changeToInventory": -33146000, "changeToOperatingActivities": -73574000, "totalCashFromOperatingActivities": 123425000, "capitalExpenditures": -21114000, "otherCashflowsFromInvestingActivities": 22000, "totalCashflowsFromInvestingActivities": -20195000, "dividendsPaid": -11991000, "netBorrowings": -1658000, "otherCashflowsFromFinancingActivities": -65086000, "totalCashFromFinancingActivities": -78735000, "changeInCash": 24495000}, {"maxAge": 1, "endDate": "2017-03-31", "netIncome": 34832000, "depreciation": 104106000, "changeToNetincome": 34207000, "changeToAccountReceivables": -10665000, "changeToLiabilities": 0, "changeToInventory": -77372000, "changeToOperatingActivities": 69680000, "totalCashFromOperatingActivities": 154788000, "capitalExpenditures": -415330000, "otherCashflowsFromInvestingActivities": 22000, "totalCashflowsFromInvestingActivities": -414801000, "dividendsPaid": -8820000, "netBorrowings": 227129000, "otherCashflowsFromFinancingActivities": -33062000, "totalCashFromFinancingActivities": 185247000, "changeInCash": -74765000}], "maxAge": 86400}, "institutionOwnership": {"maxAge": 1, "ownershipList": []}, "majorHoldersBreakdown": {"maxAge": 1, "insidersPercentHeld": 0.75029, "institutionsPercentHeld": 0.0, "institutionsFloatPercentHeld": 0.0, "institutionsCount": 0}, "balanceSheetHistoryQuarterly": {"balanceSheetStatements": [{"maxAge": 1, "endDate": "2020-12-31", "totalStockholderEquity": 977700000, "netTangibleAssets": 977100000}, {"maxAge": 1, "endDate": "2020-09-30", "cash": 52300000, "netReceivables": 543400000, "inventory": 380800000, "otherCurrentAssets": 127300000, "totalCurrentAssets": 1103800000, "longTermInvestments": 100000, "propertyPlantEquipment": 600900000, "intangibleAssets": 600000, "otherAssets": 87800000, "deferredLongTermAssetCharges": 32000000, "totalAssets": 1793200000, "accountsPayable": 327600000, "otherCurrentLiab": 153700000, "otherLiab": 61800000, "totalCurrentLiabilities": 753700000, "totalLiab": 815500000, "commonStock": 36400000, "treasuryStock": 941300000, "otherStockholderEquity": 941300000, "totalStockholderEquity": 977700000, "netTangibleAssets": 977100000}, {"maxAge": 1, "endDate": "2020-06-30", "totalStockholderEquity": 1021228000, "netTangibleAssets": 1020408000}, {"maxAge": 1, "endDate": "2020-03-31", "cash": 14380000, "netReceivables": 576219000, "inventory": 401865000, "otherCurrentAssets": 111419000, "totalCurrentAssets": 1108133000, "longTermInvestments": 50000, "propertyPlantEquipment": 661754000, "intangibleAssets": 820000, "otherAssets": 73461000, "deferredLongTermAssetCharges": 19559000, "totalAssets": 1844218000, "accountsPayable": 345496000, "shortLongTermDebt": 62265000, "otherCurrentLiab": 65001000, "longTermDebt": 13446000, "otherLiab": 52038000, "totalCurrentLiabilities": 757506000, "totalLiab": 822990000, "commonStock": 36400000, "retainedEarnings": 921560000, "treasuryStock": -5895000, "capitalSurplus": 69163000, "otherStockholderEquity": -5895000, "totalStockholderEquity": 1021228000, "netTangibleAssets": 1020408000}], "maxAge": 86400}, "indexTrend": {"maxAge": 1, "symbol": "SP5", "peRatio": 19.7411, "pegRatio": 1.34172, "estimates": [{"period": "0q", "growth": 0.549}, {"period": "+1q", "growth": 0.431}, {"period": "0y", "growth": 0.305}, {"period": "+1y", "growth": 0.109}, {"period": "+5y", "growth": 0.120865}, {"period": "-5y"}]}, "defaultKeyStatistics": {"maxAge": 1, "priceHint": 2, "enterpriseValue": 835552448, "profitMargins": -0.04091, "floatShares": 1404605, "sharesOutstanding": 3638000, "heldPercentInsiders": 0.75029, "heldPercentInstitutions": 0.0, "beta": 1.019186, "category": null, "bookValue": 268.547, "priceToBook": 0.6583578, "fundFamily": null, "legalType": null, "lastFiscalYearEnd": "2020-03-31 05:30:00", "nextFiscalYearEnd": "2022-03-31 05:30:00", "mostRecentQuarter": "2020-12-31 05:30:00", "netIncomeToCommon": -65652000, "trailingEps": -18.023, "lastSplitFactor": null, "enterpriseToRevenue": 0.521, "enterpriseToEbitda": 12.464, "52WeekChange": 0.53605556, "SandP52WeekChange": 0.48148263, "lastDividendValue": 1.0, "lastDividendDate": 1600300800}, "summaryProfile": {"address1": "Shangrila Gardens", "address2": "1st Floor C Wing Opposite Bund Garden", "city": "Pune", "zip": "411001", "country": "India", "phone": "91 21 3725 2335", "fax": "91 21 3725 2344", "website": "http://www.kalyaniforge.co.in", "industry": "Auto Parts", "sector": "Consumer Cyclical", "longBusinessSummary": "Kalyani Forge Limited, an engineering company, engages in the manufacture and sale of forged, machined, and assembled products for the automotive, construction, power generation, marine, industrial good, agriculture, and railway industries in India. The company offers engine parts, including connecting rods, crank shafts, cam shafts, retainer valves, cross head valves, injector clamps, rocker arms, balance weights, and cam lobes; and chassis systems, such as idler arms, control arms, steering knuckles, FS arms, and brackets. It also provides turbocharger parts comprising nozzle rings and pipe cast flanges; warm and cold forged parts for fluid flywheels, and wet double clutch; and driveline products consisting of tulips, inner races, tripods, spiders, outer races, yoke shafts, and double yokes. In addition, the company provides steering and suspension products, including stub axles, tie-rod ends, suspension ball joints, universal joints, and pitman arms; and various cold and hot forged parts for industrial applications, such as power tools, conveyors, and compressors. It also exports its products. The company was founded in 1979 and is based in Pune, India.", "fullTimeEmployees": 848, "companyOfficers": [], "maxAge": 86400}, "netSharePurchaseActivity": {"maxAge": 1, "period": "6m", "buyInfoCount": 0, "buyInfoShares": 0, "sellInfoCount": 0, "netInfoCount": 0, "netInfoShares": 0, "netPercentInsiderShares": 0.0, "totalInsiderShares": 2735099}, "quoteType": {"exchange": "NSI", "quoteType": "EQUITY", "symbol": "KALYANIFRG.NS", "underlyingSymbol": "KALYANIFRG.NS", "shortName": "KALYANI FORGE", "longName": "Kalyani Forge Limited", "firstTradeDateEpochUtc": "2007-12-20 09:15:00", "timeZoneFullName": "Asia/Kolkata", "timeZoneShortName": "IST", "uuid": "47500f10-9044-3abf-83f2-3695240e83aa", "messageBoardId": "finmb_877109", "gmtOffSetMilliseconds": 19800000, "maxAge": 1}, "incomeStatementHistory": {"incomeStatementHistory": [{"maxAge": 1, "endDate": "2020-03-31", "totalRevenue": 2009485000, "costOfRevenue": 1071525000, "grossProfit": 937960000, "researchDevelopment": {}, "sellingGeneralAdministrative": 307947000, "nonRecurring": {}, "otherOperatingExpenses": 522356000, "totalOperatingExpenses": 2040708000, "operatingIncome": -31223000, "totalOtherIncomeExpenseNet": -50069000, "ebit": -31223000, "interestExpense": -45599000, "incomeBeforeTax": -81292000, "incomeTaxExpense": -12040000, "minorityInterest": {}, "netIncomeFromContinuingOps": -69252000, "discontinuedOperations": {}, "extraordinaryItems": {}, "effectOfAccountingCharges": {}, "otherItems": {}, "netIncome": -69252000, "netIncomeApplicableToCommonShares": -69252000}, {"maxAge": 1, "endDate": "2019-03-31", "totalRevenue": 2863526000, "costOfRevenue": 1511334000, "grossProfit": 1352192000, "researchDevelopment": {}, "sellingGeneralAdministrative": 364347000, "nonRecurring": {}, "otherOperatingExpenses": 674358000, "totalOperatingExpenses": 2700415000, "operatingIncome": 163111000, "totalOtherIncomeExpenseNet": -66765000, "ebit": 163111000, "interestExpense": -60596000, "incomeBeforeTax": 96346000, "incomeTaxExpense": 26708000, "minorityInterest": {}, "netIncomeFromContinuingOps": 69638000, "discontinuedOperations": {}, "extraordinaryItems": {}, "effectOfAccountingCharges": {}, "otherItems": {}, "netIncome": 69638000, "netIncomeApplicableToCommonShares": 69638000}, {"maxAge": 1, "endDate": "2018-03-31", "totalRevenue": 2585521000, "costOfRevenue": 1345189000, "grossProfit": 1240332000, "researchDevelopment": {}, "sellingGeneralAdministrative": 292543000, "nonRecurring": {}, "otherOperatingExpenses": 669127000, "totalOperatingExpenses": 2436327000, "operatingIncome": 149194000, "totalOtherIncomeExpenseNet": -57248000, "ebit": 149194000, "interestExpense": -55938000, "incomeBeforeTax": 91946000, "incomeTaxExpense": 26308000, "minorityInterest": {}, "netIncomeFromContinuingOps": 65638000, "discontinuedOperations": {}, "extraordinaryItems": {}, "effectOfAccountingCharges": {}, "otherItems": {}, "netIncome": 65638000, "netIncomeApplicableToCommonShares": 65638000}, {"maxAge": 1, "endDate": "2017-03-31", "totalRevenue": 2269219000, "costOfRevenue": 1124537000, "grossProfit": 1144682000, "researchDevelopment": {}, "sellingGeneralAdministrative": 319350000, "nonRecurring": {}, "otherOperatingExpenses": 624755000, "totalOperatingExpenses": 2172748000, "operatingIncome": 96471000, "totalOtherIncomeExpenseNet": -44466000, "ebit": 96471000, "interestExpense": -30169000, "incomeBeforeTax": 52005000, "incomeTaxExpense": 17173000, "minorityInterest": {}, "netIncomeFromContinuingOps": 34832000, "discontinuedOperations": {}, "extraordinaryItems": {}, "effectOfAccountingCharges": {}, "otherItems": {}, "netIncome": 34832000, "netIncomeApplicableToCommonShares": 34830000}], "maxAge": 86400}, "fundOwnership": {"maxAge": 1, "ownershipList": []}, "summaryDetail": {"maxAge": 1, "priceHint": 2, "previousClose": 173.0, "open": 173.25, "dayLow": 171.0, "dayHigh": 181.65, "regularMarketPreviousClose": 173.0, "regularMarketOpen": 173.25, "regularMarketDayLow": 171.0, "regularMarketDayHigh": 181.65, "dividendRate": 1.0, "dividendYield": 0.0057, "exDividendDate": "2020-09-17 05:30:00", "beta": 1.019186, "volume": 1124, "regularMarketVolume": 1124, "averageVolume": 1376, "averageVolume10days": 1121, "averageDailyVolume10Day": 1121, "bid": 0.0, "ask": 0.0, "bidSize": 0, "askSize": 0, "marketCap": 643198400, "fiftyTwoWeekLow": 105.05, "fiftyTwoWeekHigh": 227.0, "priceToSalesTrailing12Months": 0.40085033, "fiftyDayAverage": 187.4197, "twoHundredDayAverage": 160.0383, "trailingAnnualDividendRate": 1.0, "trailingAnnualDividendYield": 0.0057803467, "currency": "INR", "fromCurrency": null, "toCurrency": null, "lastMarket": null, "algorithm": null, "tradeable": false}, "incomeStatementHistoryQuarterly": {"incomeStatementHistory": [{"maxAge": 1, "endDate": "2020-12-31", "totalRevenue": 560900000, "costOfRevenue": 401000000, "grossProfit": 159900000, "researchDevelopment": {}, "sellingGeneralAdministrative": 81300000, "nonRecurring": {}, "otherOperatingExpenses": 17600000, "totalOperatingExpenses": 531600000, "operatingIncome": 29300000, "totalOtherIncomeExpenseNet": -11800000, "ebit": 29300000, "interestExpense": -11700000, "incomeBeforeTax": 17500000, "incomeTaxExpense": -8200000, "minorityInterest": {}, "netIncomeFromContinuingOps": 25700000, "discontinuedOperations": {}, "extraordinaryItems": {}, "effectOfAccountingCharges": {}, "otherItems": {}, "netIncome": 25700000, "netIncomeApplicableToCommonShares": 25700000}, {"maxAge": 1, "endDate": "2020-09-30", "totalRevenue": 400200000, "costOfRevenue": 312000000, "grossProfit": 88200000, "researchDevelopment": {}, "sellingGeneralAdministrative": 62000000, "nonRecurring": {}, "otherOperatingExpenses": 15600000, "totalOperatingExpenses": 421900000, "operatingIncome": -21700000, "totalOtherIncomeExpenseNet": -5700000, "ebit": -21700000, "interestExpense": -5700000, "incomeBeforeTax": -27400000, "incomeTaxExpense": -4500000, "minorityInterest": {}, "netIncomeFromContinuingOps": -22900000, "discontinuedOperations": {}, "extraordinaryItems": {}, "effectOfAccountingCharges": {}, "otherItems": {}, "netIncome": -22900000, "netIncomeApplicableToCommonShares": -22900000}, {"maxAge": 1, "endDate": "2020-06-30", "totalRevenue": 177900000, "costOfRevenue": 126700000, "grossProfit": 51200000, "researchDevelopment": {}, "sellingGeneralAdministrative": 26800000, "nonRecurring": {}, "otherOperatingExpenses": 8000000, "totalOperatingExpenses": 194200000, "operatingIncome": -16300000, "totalOtherIncomeExpenseNet": -5400000, "ebit": -16300000, "interestExpense": -5400000, "incomeBeforeTax": -21700000, "incomeTaxExpense": -4900000, "minorityInterest": {}, "netIncomeFromContinuingOps": -16800000, "discontinuedOperations": {}, "extraordinaryItems": {}, "effectOfAccountingCharges": {}, "otherItems": {}, "netIncome": -16800000, "netIncomeApplicableToCommonShares": -16800000}, {"maxAge": 1, "endDate": "2020-03-31", "totalRevenue": 465585000, "costOfRevenue": 296925000, "grossProfit": 168660000, "researchDevelopment": {}, "sellingGeneralAdministrative": 76347000, "nonRecurring": {}, "otherOperatingExpenses": 113556000, "totalOperatingExpenses": 519908000, "operatingIncome": -54323000, "totalOtherIncomeExpenseNet": -7169000, "ebit": -54323000, "interestExpense": -2699000, "incomeBeforeTax": -61492000, "incomeTaxExpense": -9840000, "minorityInterest": {}, "netIncomeFromContinuingOps": -51652000, "discontinuedOperations": {}, "extraordinaryItems": {}, "effectOfAccountingCharges": {}, "otherItems": {}, "netIncome": -51652000, "netIncomeApplicableToCommonShares": -51652000}], "maxAge": 86400}, "cashflowStatementHistoryQuarterly": {"cashflowStatements": [{"maxAge": 1, "endDate": "2020-12-31", "netIncome": 25700000, "changeToLiabilities": 0}, {"maxAge": 1, "endDate": "2020-09-30", "netIncome": -22900000, "changeToLiabilities": 0}, {"maxAge": 1, "endDate": "2020-06-30", "netIncome": -16800000, "changeToLiabilities": 0}, {"maxAge": 1, "endDate": "2020-03-31", "netIncome": -51652000, "changeToLiabilities": 0}], "maxAge": 86400}, "insiderHolders": {"holders": [], "maxAge": 1}, "calendarEvents": {"maxAge": 1, "earnings": {"earningsDate": []}, "exDividendDate": "2020-09-17 05:30:00"}, "price": {"maxAge": 1, "regularMarketChangePercent": 0.021965336, "regularMarketChange": 3.800003, "regularMarketTime": "2021-04-30 15:29:15", "priceHint": 2, "regularMarketPrice": 176.8, "regularMarketDayHigh": 181.65, "regularMarketDayLow": 171.0, "regularMarketVolume": 1124, "averageDailyVolume10Day": 1121, "averageDailyVolume3Month": 1376, "regularMarketPreviousClose": 173.0, "regularMarketSource": "FREE_REALTIME", "regularMarketOpen": 173.25, "exchange": "NSI", "exchangeName": "NSE", "exchangeDataDelayedBy": 15, "marketState": "CLOSED", "quoteType": "EQUITY", "symbol": "KALYANIFRG.NS", "underlyingSymbol": null, "shortName": "KALYANI FORGE", "longName": "Kalyani Forge Limited", "currency": "INR", "quoteSourceName": "Delayed Quote", "currencySymbol": "\u20b9", "fromCurrency": null, "toCurrency": null, "lastMarket": null, "marketCap": 643198400}, "balanceSheetHistory": {"balanceSheetStatements": [{"maxAge": 1, "endDate": "2020-03-31", "cash": 14380000, "netReceivables": 576219000, "inventory": 401865000, "otherCurrentAssets": 111419000, "totalCurrentAssets": 1108133000, "longTermInvestments": 50000, "propertyPlantEquipment": 661754000, "intangibleAssets": 820000, "otherAssets": 73461000, "deferredLongTermAssetCharges": 19559000, "totalAssets": 1844218000, "accountsPayable": 345496000, "shortLongTermDebt": 62265000, "otherCurrentLiab": 65001000, "longTermDebt": 13446000, "otherLiab": 52038000, "totalCurrentLiabilities": 757506000, "totalLiab": 822990000, "commonStock": 36400000, "retainedEarnings": 921560000, "treasuryStock": -5895000, "capitalSurplus": 69163000, "otherStockholderEquity": -5895000, "totalStockholderEquity": 1021228000, "netTangibleAssets": 1020408000}, {"maxAge": 1, "endDate": "2019-03-31", "cash": 14763000, "netReceivables": 753828000, "inventory": 480719000, "otherCurrentAssets": 178699000, "totalCurrentAssets": 1430074000, "longTermInvestments": 50000, "propertyPlantEquipment": 786060000, "intangibleAssets": 1470000, "otherAssets": 52078000, "deferredLongTermAssetCharges": 3402000, "totalAssets": 2269732000, "accountsPayable": 476319000, "shortLongTermDebt": 92696000, "otherCurrentLiab": 118099000, "longTermDebt": 62234000, "otherLiab": 37623000, "totalCurrentLiabilities": 1054234000, "totalLiab": 1154091000, "commonStock": 36400000, "retainedEarnings": 1008311000, "treasuryStock": 1767000, "capitalSurplus": 69163000, "otherStockholderEquity": 1767000, "totalStockholderEquity": 1115641000, "netTangibleAssets": 1114171000}, {"maxAge": 1, "endDate": "2018-03-31", "cash": 34654000, "netReceivables": 702263000, "inventory": 481823000, "otherCurrentAssets": 152673000, "totalCurrentAssets": 1373720000, "longTermInvestments": 1306000, "propertyPlantEquipment": 884187000, "intangibleAssets": 4295000, "otherAssets": 89100000, "totalAssets": 2352608000, "accountsPayable": 498376000, "shortLongTermDebt": 60044000, "otherCurrentLiab": 73780000, "longTermDebt": 175761000, "otherLiab": 38017000, "totalCurrentLiabilities": 1071032000, "totalLiab": 1284810000, "commonStock": 36400000, "retainedEarnings": 958745000, "treasuryStock": 3490000, "capitalSurplus": 69163000, "otherStockholderEquity": 3490000, "totalStockholderEquity": 1067798000, "netTangibleAssets": 1063503000}, {"maxAge": 1, "endDate": "2017-03-31", "cash": 11305000, "netReceivables": 619093000, "inventory": 448677000, "otherCurrentAssets": 204391000, "totalCurrentAssets": 1285721000, "longTermInvestments": 1085000, "propertyPlantEquipment": 892802000, "intangibleAssets": 6027000, "otherAssets": 179160000, "deferredLongTermAssetCharges": 10527000, "totalAssets": 2364795000, "accountsPayable": 419721000, "shortLongTermDebt": 63121000, "otherCurrentLiab": 225020000, "longTermDebt": 157710000, "otherLiab": 33439000, "totalCurrentLiabilities": 1153549000, "totalLiab": 1344698000, "commonStock": 36400000, "retainedEarnings": 911044000, "treasuryStock": 3490000, "capitalSurplus": 69163000, "otherStockholderEquity": 3490000, "totalStockholderEquity": 1020097000, "netTangibleAssets": 1014070000}], "maxAge": 86400}, "financialData": {"maxAge": 86400, "currentPrice": 176.8, "recommendationKey": "none", "totalCash": 52300000, "totalCashPerShare": 14.347, "ebitda": 67035000, "totalDebt": 257200000, "totalRevenue": 1604584960, "debtToEquity": 26.307, "revenuePerShare": 440.382, "grossProfits": 937960000, "revenueGrowth": 0.647, "grossMargins": 0.51562, "ebitdaMargins": 0.04178, "operatingMargins": -0.0394, "profitMargins": -0.04091, "financialCurrency": "INR"}}}