{"KAMADGIRI.BO": {"cashflowStatementHistory": {"cashflowStatements": [{"maxAge": 1, "endDate": "2020-03-31", "netIncome": -39568000, "depreciation": 71623000, "changeToNetincome": 55998000, "changeToAccountReceivables": 98054000, "changeToLiabilities": -27609000, "changeToInventory": 34780000, "changeToOperatingActivities": -27811000, "totalCashFromOperatingActivities": 166136000, "capitalExpenditures": -75786000, "otherCashflowsFromInvestingActivities": 430000, "totalCashflowsFromInvestingActivities": -79340000, "dividendsPaid": -11740000, "netBorrowings": 4704000, "otherCashflowsFromFinancingActivities": -78321000, "totalCashFromFinancingActivities": -85357000, "changeInCash": 1439000}, {"maxAge": 1, "endDate": "2019-03-31", "netIncome": 47118000, "depreciation": 43825000, "changeToNetincome": 54550000, "changeToAccountReceivables": 145401000, "changeToLiabilities": -47895000, "changeToInventory": -64010000, "changeToOperatingActivities": -29698000, "totalCashFromOperatingActivities": 150339000, "capitalExpenditures": -34807000, "otherCashflowsFromInvestingActivities": 55000, "totalCashflowsFromInvestingActivities": -32037000, "dividendsPaid": -11740000, "netBorrowings": -34530000, "otherCashflowsFromFinancingActivities": -73542000, "totalCashFromFinancingActivities": -119812000, "changeInCash": -1510000}, {"maxAge": 1, "endDate": "2018-03-31", "netIncome": 65131000, "depreciation": 43353000, "changeToNetincome": 78663000, "changeToAccountReceivables": -197616000, "changeToLiabilities": 45881000, "changeToInventory": 10209000, "changeToOperatingActivities": 27916000, "totalCashFromOperatingActivities": 74418000, "capitalExpenditures": -69947000, "otherCashflowsFromInvestingActivities": 3444000, "totalCashflowsFromInvestingActivities": -44029000, "dividendsPaid": -8804000, "netBorrowings": 52460000, "otherCashflowsFromFinancingActivities": -73256000, "totalCashFromFinancingActivities": -29600000, "changeInCash": 789000}, {"maxAge": 1, "endDate": "2017-03-31", "netIncome": 28154000, "depreciation": 42663000, "changeToNetincome": 78614000, "changeToAccountReceivables": 2958000, "changeToLiabilities": -22926000, "changeToInventory": 27731000, "changeToOperatingActivities": 29743000, "totalCashFromOperatingActivities": 187748000, "capitalExpenditures": -28817000, "otherCashflowsFromInvestingActivities": 1958000, "totalCashflowsFromInvestingActivities": -26689000, "dividendsPaid": -8160000, "netBorrowings": -73472000, "otherCashflowsFromFinancingActivities": -86051000, "totalCashFromFinancingActivities": -167683000, "changeInCash": -6624000}], "maxAge": 86400}, "institutionOwnership": {"ownershipList": [], "maxAge": 1}, "balanceSheetHistoryQuarterly": {"balanceSheetStatements": [{"maxAge": 1, "endDate": "2020-06-30", "totalStockholderEquity": 387039000, "netTangibleAssets": 380188000}, {"maxAge": 1, "endDate": "2020-03-31", "cash": 1822000, "shortTermInvestments": 4340000, "netReceivables": 475608000, "inventory": 554045000, "otherCurrentAssets": 43943000, "totalCurrentAssets": 1085192000, "longTermInvestments": 877000, "propertyPlantEquipment": 434893000, "intangibleAssets": 6851000, "otherAssets": 36934000, "deferredLongTermAssetCharges": 6730000, "totalAssets": 1564747000, "accountsPayable": 305428000, "shortLongTermDebt": 17458000, "otherCurrentLiab": 36014000, "longTermDebt": 42439000, "otherLiab": 88807000, "totalCurrentLiabilities": 946741000, "totalLiab": 1177708000, "commonStock": 58694000, "retainedEarnings": 251479000, "treasuryStock": 3700000, "capitalSurplus": 73166000, "otherStockholderEquity": 3700000, "totalStockholderEquity": 387039000, "netTangibleAssets": 380188000}, {"maxAge": 1, "endDate": "2019-12-31", "totalStockholderEquity": 425064000, "netTangibleAssets": 423134000}, {"maxAge": 1, "endDate": "2019-09-30", "cash": 9659000, "shortTermInvestments": 8103000, "netReceivables": 584487000, "inventory": 567564000, "otherCurrentAssets": 41026000, "totalCurrentAssets": 1210839000, "longTermInvestments": 15791000, "propertyPlantEquipment": 341767000, "intangibleAssets": 1930000, "otherAssets": 13871000, "totalAssets": 1584198000, "accountsPayable": 350554000, "otherCurrentLiab": 150071000, "longTermDebt": 14755000, "otherLiab": 89615000, "totalCurrentLiabilities": 996599000, "totalLiab": 1159134000, "commonStock": 58694000, "treasuryStock": 366370000, "otherStockholderEquity": 366370000, "totalStockholderEquity": 425064000, "netTangibleAssets": 423134000}], "maxAge": 86400}, "indexTrend": {"maxAge": 1, "symbol": "SP5", "peRatio": 19.7411, "pegRatio": 1.34172, "estimates": [{"period": "0q", "growth": 0.549}, {"period": "+1q", "growth": 0.431}, {"period": "0y", "growth": 0.305}, {"period": "+1y", "growth": 0.109}, {"period": "+5y", "growth": 0.120859005}, {"period": "-5y"}]}, "insiderTransactions": {"transactions": [{"maxAge": 1, "shares": 72000, "filerUrl": "", "transactionText": "", "filerName": "Goenka (Pradip Kumar)", "filerRelation": "Executive Chairman", "moneyText": "", "startDate": "2016-06-08", "ownership": "D"}, {"maxAge": 1, "shares": 72000, "filerUrl": "", "transactionText": "", "filerName": "Goenka (Tilak Pradip)", "filerRelation": "Promoter", "moneyText": "", "startDate": "2016-06-08", "ownership": "D"}, {"maxAge": 1, "shares": 109442, "filerUrl": "", "transactionText": "", "filerName": "Kumat (Abhay Jaswant Singh)", "filerRelation": "UNREPORTED", "moneyText": "", "startDate": "2009-09-03", "ownership": "D"}], "maxAge": 1}, "quoteType": {"exchange": "BSE", "quoteType": "EQUITY", "symbol": "KAMADGIRI.BO", "underlyingSymbol": "KAMADGIRI.BO", "shortName": "KAMADGIRI FASHION LTD.", "longName": "Kamadgiri Fashion Limited", "firstTradeDateEpochUtc": "2002-02-14 09:15:00", "timeZoneFullName": "Asia/Kolkata", "timeZoneShortName": "IST", "uuid": "a4bb87b8-ba35-314d-af9e-f3519be97370", "gmtOffSetMilliseconds": 19800000, "maxAge": 1}, "incomeStatementHistory": {"incomeStatementHistory": [{"maxAge": 1, "endDate": "2020-03-31", "totalRevenue": 2930399000, "costOfRevenue": 1868084000, "grossProfit": 1062315000, "researchDevelopment": {}, "sellingGeneralAdministrative": 437154000, "nonRecurring": {}, "otherOperatingExpenses": 525187000, "totalOperatingExpenses": 2902717000, "operatingIncome": 27682000, "totalOtherIncomeExpenseNet": -81824000, "ebit": 27682000, "interestExpense": -71162000, "incomeBeforeTax": -54142000, "incomeTaxExpense": -14574000, "minorityInterest": {}, "netIncomeFromContinuingOps": -39568000, "discontinuedOperations": {}, "extraordinaryItems": {}, "effectOfAccountingCharges": {}, "otherItems": {}, "netIncome": -39568000, "netIncomeApplicableToCommonShares": -39568000}, {"maxAge": 1, "endDate": "2019-03-31", "totalRevenue": 3190914000, "costOfRevenue": 1943946000, "grossProfit": 1246968000, "researchDevelopment": {}, "sellingGeneralAdministrative": 441777000, "nonRecurring": {}, "otherOperatingExpenses": 615427000, "totalOperatingExpenses": 3046023000, "operatingIncome": 144891000, "totalOtherIncomeExpenseNet": -71188000, "ebit": 144891000, "interestExpense": -61923000, "incomeBeforeTax": 73703000, "incomeTaxExpense": 26585000, "minorityInterest": {}, "netIncomeFromContinuingOps": 47118000, "discontinuedOperations": {}, "extraordinaryItems": {}, "effectOfAccountingCharges": {}, "otherItems": {}, "netIncome": 47118000, "netIncomeApplicableToCommonShares": 47118000}, {"maxAge": 1, "endDate": "2018-03-31", "totalRevenue": 3309805000, "costOfRevenue": 2043486000, "grossProfit": 1266319000, "researchDevelopment": {}, "sellingGeneralAdministrative": 413692000, "nonRecurring": {}, "otherOperatingExpenses": 645034000, "totalOperatingExpenses": 3146446000, "operatingIncome": 163359000, "totalOtherIncomeExpenseNet": -57156000, "ebit": 163359000, "interestExpense": -56171000, "incomeBeforeTax": 106203000, "incomeTaxExpense": 41072000, "minorityInterest": {}, "netIncomeFromContinuingOps": 65131000, "discontinuedOperations": {}, "extraordinaryItems": {}, "effectOfAccountingCharges": {}, "otherItems": {}, "netIncome": 65131000, "netIncomeApplicableToCommonShares": 65131000}, {"maxAge": 1, "endDate": "2017-03-31", "totalRevenue": 3012244000, "costOfRevenue": 1764286000, "grossProfit": 1247958000, "researchDevelopment": {}, "sellingGeneralAdministrative": 387615000, "nonRecurring": {}, "otherOperatingExpenses": 693800000, "totalOperatingExpenses": 2889175000, "operatingIncome": 123069000, "totalOtherIncomeExpenseNet": -81650000, "ebit": 123069000, "interestExpense": -79164000, "incomeBeforeTax": 41419000, "incomeTaxExpense": 13265000, "minorityInterest": {}, "netIncomeFromContinuingOps": 28154000, "discontinuedOperations": {}, "extraordinaryItems": {}, "effectOfAccountingCharges": {}, "otherItems": {}, "netIncome": 28154000, "netIncomeApplicableToCommonShares": 28154000}], "maxAge": 86400}, "fundOwnership": {"ownershipList": [], "maxAge": 1}, "summaryDetail": {"maxAge": 1, "priceHint": 2, "previousClose": 26.5, "open": 26.5, "dayLow": 25.65, "dayHigh": 26.5, "regularMarketPreviousClose": 26.5, "regularMarketOpen": 26.5, "regularMarketDayLow": 25.65, "regularMarketDayHigh": 26.5, "volume": 2109, "regularMarketVolume": 2109, "averageVolume": 1683, "averageVolume10days": 819, "averageDailyVolume10Day": 819, "bid": 0.0, "ask": 27.0, "bidSize": 0, "askSize": 0, "marketCap": 153777504, "fiftyTwoWeekLow": 25.2, "fiftyTwoWeekHigh": 63.6, "fiftyDayAverage": 32.974243, "twoHundredDayAverage": 33.686398, "trailingAnnualDividendRate": 2.0, "trailingAnnualDividendYield": 0.0754717, "currency": "INR", "fromCurrency": null, "lastMarket": null, "algorithm": null, "tradeable": false}, "incomeStatementHistoryQuarterly": {"incomeStatementHistory": [{"maxAge": 1, "endDate": "2020-06-30", "totalRevenue": 32131000, "costOfRevenue": 6830000, "grossProfit": 25301000, "researchDevelopment": {}, "sellingGeneralAdministrative": 29972000, "nonRecurring": {}, "otherOperatingExpenses": 16762000, "totalOperatingExpenses": 70420000, "operatingIncome": -38289000, "totalOtherIncomeExpenseNet": -18564000, "ebit": -38289000, "interestExpense": -19617000, "incomeBeforeTax": -56853000, "incomeTaxExpense": -14155000, "minorityInterest": {}, "netIncomeFromContinuingOps": -42698000, "discontinuedOperations": {}, "extraordinaryItems": {}, "effectOfAccountingCharges": {}, "otherItems": {}, "netIncome": -42698000, "netIncomeApplicableToCommonShares": -42698000}, {"maxAge": 1, "endDate": "2020-03-31", "totalRevenue": 736288000, "costOfRevenue": 270978000, "grossProfit": 465310000, "researchDevelopment": {}, "sellingGeneralAdministrative": 131382000, "nonRecurring": {}, "otherOperatingExpenses": 304870000, "totalOperatingExpenses": 729424000, "operatingIncome": 6864000, "totalOtherIncomeExpenseNet": -33023000, "ebit": 6864000, "interestExpense": -20850000, "incomeBeforeTax": -26159000, "incomeTaxExpense": -7229000, "minorityInterest": {}, "netIncomeFromContinuingOps": -18930000, "discontinuedOperations": {}, "extraordinaryItems": {}, "effectOfAccountingCharges": {}, "otherItems": {}, "netIncome": -18930000, "netIncomeApplicableToCommonShares": -18930000}, {"maxAge": 1, "endDate": "2019-12-31", "totalRevenue": 627129000, "costOfRevenue": 454384000, "grossProfit": 172745000, "researchDevelopment": {}, "sellingGeneralAdministrative": 98572000, "nonRecurring": {}, "otherOperatingExpenses": 67227000, "totalOperatingExpenses": 638603000, "operatingIncome": -11474000, "totalOtherIncomeExpenseNet": -17044000, "ebit": -11474000, "interestExpense": -17257000, "incomeBeforeTax": -28518000, "incomeTaxExpense": -7472000, "minorityInterest": {}, "netIncomeFromContinuingOps": -21046000, "discontinuedOperations": {}, "extraordinaryItems": {}, "effectOfAccountingCharges": {}, "otherItems": {}, "netIncome": -21046000, "netIncomeApplicableToCommonShares": -21046000}, {"maxAge": 1, "endDate": "2019-09-30", "totalRevenue": 870305000, "costOfRevenue": 650664000, "grossProfit": 219641000, "researchDevelopment": {}, "sellingGeneralAdministrative": 103829000, "nonRecurring": {}, "otherOperatingExpenses": 79711000, "totalOperatingExpenses": 850665000, "operatingIncome": 19640000, "totalOtherIncomeExpenseNet": -16071000, "ebit": 19640000, "interestExpense": -17277000, "incomeBeforeTax": 3569000, "incomeTaxExpense": 1262000, "minorityInterest": {}, "netIncomeFromContinuingOps": 2307000, "discontinuedOperations": {}, "extraordinaryItems": {}, "effectOfAccountingCharges": {}, "otherItems": {}, "netIncome": 2307000, "netIncomeApplicableToCommonShares": 2307000}], "maxAge": 86400}, "cashflowStatementHistoryQuarterly": {"cashflowStatements": [{"maxAge": 1, "endDate": "2020-06-30", "netIncome": -42698000, "changeToLiabilities": 0}, {"maxAge": 1, "endDate": "2020-03-31", "netIncome": -18930000, "changeToLiabilities": 0}, {"maxAge": 1, "endDate": "2019-12-31", "netIncome": -21046000, "changeToLiabilities": 0}, {"maxAge": 1, "endDate": "2019-09-30", "netIncome": 2307000, "changeToLiabilities": 0}], "maxAge": 86400}, "insiderHolders": {"holders": [{"maxAge": 1, "name": "Goenka (Pradip Kumar)", "relation": "Executive Chairman", "url": "", "transactionDescription": "Other", "latestTransDate": "2016-06-08", "positionDirect": 649200, "positionDirectDate": "2016-06-08"}, {"maxAge": 1, "name": "Goenka (Tilak Pradip)", "relation": "Promoter", "url": "", "transactionDescription": "Other", "latestTransDate": "2016-06-08", "positionDirect": 496102, "positionDirectDate": "2016-06-08"}, {"maxAge": 1, "name": "Kumat (Abhay Jaswant Singh)", "relation": "UNREPORTED", "url": "", "transactionDescription": "Acquisition", "latestTransDate": "2009-09-03", "positionDirect": 130742, "positionDirectDate": "2009-09-03"}], "maxAge": 1}, "calendarEvents": {"maxAge": 1, "earnings": {"earningsDate": []}}, "upgradeDowngradeHistory": {"history": [], "maxAge": 86400}, "price": {"maxAge": 1, "regularMarketChangePercent": -0.011320726, "regularMarketChange": -0.29999924, "regularMarketTime": "2021-04-30 15:46:20", "priceHint": 2, "regularMarketPrice": 26.2, "regularMarketDayHigh": 26.5, "regularMarketDayLow": 25.65, "regularMarketVolume": 2109, "averageDailyVolume10Day": 819, "averageDailyVolume3Month": 1683, "regularMarketPreviousClose": 26.5, "regularMarketSource": "FREE_REALTIME", "regularMarketOpen": 26.5, "exchange": "BSE", "exchangeName": "BSE", "exchangeDataDelayedBy": 0, "marketState": "CLOSED", "quoteType": "EQUITY", "symbol": "KAMADGIRI.BO", "underlyingSymbol": null, "shortName": "KAMADGIRI FASHION LTD.", "longName": "Kamadgiri Fashion Limited", "currency": "INR", "quoteSourceName": "Delayed Quote", "currencySymbol": "\u20b9", "fromCurrency": null, "lastMarket": null, "marketCap": 153777504}, "balanceSheetHistory": {"balanceSheetStatements": [{"maxAge": 1, "endDate": "2020-03-31", "cash": 1822000, "shortTermInvestments": 4340000, "netReceivables": 475608000, "inventory": 554045000, "otherCurrentAssets": 43943000, "totalCurrentAssets": 1085192000, "longTermInvestments": 877000, "propertyPlantEquipment": 434893000, "intangibleAssets": 6851000, "otherAssets": 36934000, "deferredLongTermAssetCharges": 6730000, "totalAssets": 1564747000, "accountsPayable": 305428000, "shortLongTermDebt": 17458000, "otherCurrentLiab": 36014000, "longTermDebt": 42439000, "otherLiab": 88807000, "totalCurrentLiabilities": 946741000, "totalLiab": 1177708000, "commonStock": 58694000, "retainedEarnings": 251479000, "treasuryStock": 3700000, "capitalSurplus": 73166000, "otherStockholderEquity": 3700000, "totalStockholderEquity": 387039000, "netTangibleAssets": 380188000}, {"maxAge": 1, "endDate": "2019-03-31", "cash": 383000, "shortTermInvestments": 4065000, "netReceivables": 571771000, "inventory": 588825000, "otherCurrentAssets": 38395000, "totalCurrentAssets": 1208949000, "longTermInvestments": 877000, "propertyPlantEquipment": 278463000, "intangibleAssets": 2180000, "otherAssets": 19281000, "totalAssets": 1509750000, "accountsPayable": 333037000, "shortLongTermDebt": 17143000, "otherCurrentLiab": 50507000, "longTermDebt": 21105000, "otherLiab": 94054000, "totalCurrentLiabilities": 955783000, "totalLiab": 1070942000, "commonStock": 58694000, "retainedEarnings": 303248000, "treasuryStock": 3700000, "capitalSurplus": 73166000, "otherStockholderEquity": 3700000, "totalStockholderEquity": 438808000, "netTangibleAssets": 436628000}, {"maxAge": 1, "endDate": "2018-03-31", "cash": 1892000, "shortTermInvestments": 7779000, "netReceivables": 714675000, "inventory": 524815000, "otherCurrentAssets": 28514000, "totalCurrentAssets": 1281800000, "longTermInvestments": 877000, "propertyPlantEquipment": 291645000, "intangibleAssets": 2612000, "otherAssets": 13272000, "totalAssets": 1590206000, "accountsPayable": 380932000, "shortLongTermDebt": 26789000, "otherCurrentLiab": 70767000, "longTermDebt": 37956000, "otherLiab": 96114000, "totalCurrentLiabilities": 1050525000, "totalLiab": 1184595000, "commonStock": 58694000, "retainedEarnings": 270051000, "treasuryStock": 3700000, "capitalSurplus": 73166000, "otherStockholderEquity": 3700000, "totalStockholderEquity": 405611000, "netTangibleAssets": 402999000}, {"maxAge": 1, "endDate": "2017-03-31", "cash": 1103000, "shortTermInvestments": 4725000, "netReceivables": 523295000, "inventory": 535024000, "otherCurrentAssets": 17846000, "totalCurrentAssets": 1088634000, "propertyPlantEquipment": 275970000, "intangibleAssets": 1558000, "otherAssets": 17034000, "totalAssets": 1383196000, "accountsPayable": 315179000, "shortLongTermDebt": 27792000, "otherCurrentLiab": 101614000, "longTermDebt": 49065000, "otherLiab": 83118000, "deferredLongTermLiab": 389000, "totalCurrentLiabilities": 900708000, "totalLiab": 1032891000, "commonStock": 58694000, "retainedEarnings": 214745000, "treasuryStock": 3700000, "capitalSurplus": 73166000, "otherStockholderEquity": 3700000, "totalStockholderEquity": 350305000, "netTangibleAssets": 348747000}], "maxAge": 86400}, "financialData": {"maxAge": 86400, "currentPrice": 26.2, "recommendationKey": "none", "grossProfits": 1062315000, "financialCurrency": "INR"}}}