{"KAMAHOLD.BO": {"cashflowStatementHistory": {"cashflowStatements": [{"maxAge": 1, "endDate": "2020-03-31", "netIncome": 5302399000, "depreciation": 3978687000, "changeToNetincome": 3889829000, "changeToAccountReceivables": 1409627000, "changeToLiabilities": -2714701000, "changeToInventory": 52567000, "changeToOperatingActivities": 969252000, "totalCashFromOperatingActivities": 12919387000, "capitalExpenditures": -15314418000, "investments": 125685000, "otherCashflowsFromInvestingActivities": 3059248000, "totalCashflowsFromInvestingActivities": -11905318000, "dividendsPaid": -193578000, "netBorrowings": 1018259000, "otherCashflowsFromFinancingActivities": -2594703000, "totalCashFromFinancingActivities": -1770022000, "effectOfExchangeRate": 15796000, "changeInCash": -740155000}, {"maxAge": 1, "endDate": "2019-03-31", "netIncome": 3404252000, "depreciation": 3647611000, "changeToNetincome": 5078006000, "changeToAccountReceivables": -3502733000, "changeToLiabilities": 3392847000, "changeToInventory": -2673420000, "changeToOperatingActivities": -375106000, "totalCashFromOperatingActivities": 9038041000, "capitalExpenditures": -11864518000, "investments": 1340648000, "otherCashflowsFromInvestingActivities": 53643000, "totalCashflowsFromInvestingActivities": -10432780000, "dividendsPaid": -96789000, "netBorrowings": 5482884000, "otherCashflowsFromFinancingActivities": -2721850000, "totalCashFromFinancingActivities": 2664245000, "effectOfExchangeRate": -248216000, "changeInCash": 1021290000}, {"maxAge": 1, "endDate": "2018-03-31", "netIncome": 2437367000, "depreciation": 3325684000, "changeToNetincome": 3206359000, "changeToAccountReceivables": -4242201000, "changeToLiabilities": 2335774000, "changeToInventory": -2673420000, "changeToOperatingActivities": -375106000, "totalCashFromOperatingActivities": 7062983000, "capitalExpenditures": -14010348000, "investments": 841557000, "otherCashflowsFromInvestingActivities": 40979000, "totalCashflowsFromInvestingActivities": -12893093000, "dividendsPaid": -10336000, "netBorrowings": 7422480000, "otherCashflowsFromFinancingActivities": -1659867000, "totalCashFromFinancingActivities": 5752277000, "effectOfExchangeRate": -248216000, "changeInCash": -77833000}, {"maxAge": 1, "endDate": "2017-03-31", "netIncome": 3212014000, "depreciation": 2971461000, "changeToNetincome": 3096287000, "changeToAccountReceivables": -4880474000, "changeToLiabilities": 1953614000, "changeToInventory": -2673420000, "changeToOperatingActivities": -375106000, "totalCashFromOperatingActivities": 6352902000, "capitalExpenditures": -11442924000, "investments": -2198094000, "otherCashflowsFromInvestingActivities": 496938000, "totalCashflowsFromInvestingActivities": -6454392000, "dividendsPaid": -10335000, "netBorrowings": -724106000, "otherCashflowsFromFinancingActivities": -1692431000, "totalCashFromFinancingActivities": -2426872000, "effectOfExchangeRate": -248216000, "changeInCash": -2528362000}], "maxAge": 86400}, "institutionOwnership": {"maxAge": 1, "ownershipList": []}, "balanceSheetHistoryQuarterly": {"balanceSheetStatements": [{"maxAge": 1, "endDate": "2020-06-30", "totalStockholderEquity": 27978771000, "netTangibleAssets": 26794997000}, {"maxAge": 1, "endDate": "2020-03-31", "cash": 1181767000, "shortTermInvestments": 1000000, "netReceivables": 13199956000, "inventory": 12018444000, "otherCurrentAssets": 2741685000, "totalCurrentAssets": 32554533000, "longTermInvestments": 264207000, "propertyPlantEquipment": 76431614000, "goodWill": 6230000, "intangibleAssets": 1177544000, "otherAssets": 532328000, "deferredLongTermAssetCharges": 189865000, "totalAssets": 110966456000, "accountsPayable": 11116903000, "shortLongTermDebt": 15278605000, "otherCurrentLiab": 850855000, "longTermDebt": 23245507000, "otherLiab": 5327730000, "minorityInterest": 23543343000, "totalCurrentLiabilities": 30471045000, "totalLiab": 59444342000, "commonStock": 64526000, "retainedEarnings": 23469608000, "treasuryStock": 4444637000, "otherStockholderEquity": 4444637000, "totalStockholderEquity": 27978771000, "netTangibleAssets": 26794997000}, {"maxAge": 1, "endDate": "2019-12-31", "totalStockholderEquity": 26223777000, "netTangibleAssets": 25112038000}, {"maxAge": 1, "endDate": "2019-09-30", "cash": 1885760000, "netReceivables": 10299649000, "inventory": 12244517000, "otherCurrentAssets": 6528051000, "totalCurrentAssets": 30957977000, "longTermInvestments": 4682676000, "propertyPlantEquipment": 68700865000, "goodWill": 6230000, "intangibleAssets": 1105509000, "otherAssets": 717286000, "deferredLongTermAssetCharges": 171992000, "totalAssets": 106170543000, "accountsPayable": 12134086000, "otherCurrentLiab": 264098000, "longTermDebt": 37486703000, "otherLiab": 7976487000, "minorityInterest": 21789378000, "totalCurrentLiabilities": 12398184000, "totalLiab": 58157388000, "commonStock": 64526000, "treasuryStock": 26159251000, "otherStockholderEquity": 26159251000, "totalStockholderEquity": 26223777000, "netTangibleAssets": 25112038000}], "maxAge": 86400}, "indexTrend": {"maxAge": 1, "symbol": "SP5", "peRatio": 19.7411, "pegRatio": 1.34172, "estimates": [{"period": "0q", "growth": 0.549}, {"period": "+1q", "growth": 0.431}, {"period": "0y", "growth": 0.305}, {"period": "+1y", "growth": 0.109}, {"period": "+5y", "growth": 0.120859005}, {"period": "-5y"}]}, "insiderTransactions": {"transactions": [{"maxAge": 1, "shares": 4839446, "filerUrl": "", "transactionText": "", "filerName": "ABR Family Trust", "filerRelation": "Institution- Corporation", "moneyText": "", "startDate": "2019-12-16", "ownership": "D"}, {"maxAge": 1, "shares": 2419726, "filerUrl": "", "transactionText": "", "filerName": "Ram (Arun Bharat)", "filerRelation": "Promoter", "moneyText": "", "startDate": "2019-12-16", "ownership": "D"}, {"maxAge": 1, "shares": 1209860, "filerUrl": "", "transactionText": "", "filerName": "Ram (Kartikeya Bharat)", "filerRelation": "Director", "moneyText": "", "startDate": "2019-12-16", "ownership": "D"}, {"maxAge": 1, "shares": 1209860, "filerUrl": "", "transactionText": "", "filerName": "Ram (Ashish Bharat)", "filerRelation": "Director", "moneyText": "", "startDate": "2019-12-16", "ownership": "D"}], "maxAge": 1}, "quoteType": {"exchange": "BSE", "quoteType": "EQUITY", "symbol": "KAMAHOLD.BO", "underlyingSymbol": "KAMAHOLD.BO", "shortName": "KAMA HOLDINGS LIMITED", "longName": "KAMA Holdings Limited", "firstTradeDateEpochUtc": "2002-07-15 09:15:00", "timeZoneFullName": "Asia/Kolkata", "timeZoneShortName": "IST", "uuid": "1c4fe88d-f763-3a14-b9cc-72a25235735a", "messageBoardId": null, "gmtOffSetMilliseconds": 19800000, "maxAge": 1}, "incomeStatementHistory": {"incomeStatementHistory": [{"maxAge": 1, "endDate": "2020-03-31", "totalRevenue": 72426415000, "costOfRevenue": 38915453000, "grossProfit": 33510962000, "researchDevelopment": {}, "sellingGeneralAdministrative": 5866115000, "nonRecurring": {}, "otherOperatingExpenses": 13079238000, "totalOperatingExpenses": 61722216000, "operatingIncome": 10704199000, "totalOtherIncomeExpenseNet": -1524617000, "ebit": 10704199000, "interestExpense": -1866501000, "incomeBeforeTax": 9179582000, "incomeTaxExpense": 45712000, "minorityInterest": 23543343000, "netIncomeFromContinuingOps": 9133870000, "discontinuedOperations": 1031923000, "extraordinaryItems": {}, "effectOfAccountingCharges": {}, "otherItems": {}, "netIncome": 5302399000, "netIncomeApplicableToCommonShares": 5302399000}, {"maxAge": 1, "endDate": "2019-03-31", "totalRevenue": 71324794000, "costOfRevenue": 41454738000, "grossProfit": 29870056000, "researchDevelopment": {}, "sellingGeneralAdministrative": 5115923000, "nonRecurring": {}, "otherOperatingExpenses": 11421460000, "totalOperatingExpenses": 61598198000, "operatingIncome": 9726596000, "totalOtherIncomeExpenseNet": -1943381000, "ebit": 9726596000, "interestExpense": -1846882000, "incomeBeforeTax": 7783215000, "incomeTaxExpense": 1817377000, "minorityInterest": 19706202000, "netIncomeFromContinuingOps": 5965838000, "discontinuedOperations": 500453000, "extraordinaryItems": {}, "effectOfAccountingCharges": {}, "otherItems": {}, "netIncome": 3404252000, "netIncomeApplicableToCommonShares": 3404252000}, {"maxAge": 1, "endDate": "2018-03-31", "totalRevenue": 55952712000, "costOfRevenue": 32079671000, "grossProfit": 23873041000, "researchDevelopment": {}, "sellingGeneralAdministrative": 5161408000, "nonRecurring": {}, "otherOperatingExpenses": 9266023000, "totalOperatingExpenses": 49832786000, "operatingIncome": 6119926000, "totalOtherIncomeExpenseNet": -333800000, "ebit": 6119926000, "interestExpense": -1042431000, "incomeBeforeTax": 5786126000, "incomeTaxExpense": 1210544000, "minorityInterest": 16238511000, "netIncomeFromContinuingOps": 4575582000, "discontinuedOperations": 500453000, "extraordinaryItems": {}, "effectOfAccountingCharges": {}, "otherItems": {}, "netIncome": 2437367000, "netIncomeApplicableToCommonShares": 2437367000}, {"maxAge": 1, "endDate": "2017-03-31", "totalRevenue": 48208666000, "costOfRevenue": 25808702000, "grossProfit": 22399964000, "researchDevelopment": {}, "sellingGeneralAdministrative": 4669234000, "nonRecurring": {}, "otherOperatingExpenses": 7848833000, "totalOperatingExpenses": 41298230000, "operatingIncome": 6910436000, "totalOtherIncomeExpenseNet": -502421000, "ebit": 6910436000, "interestExpense": -846305000, "incomeBeforeTax": 6408015000, "incomeTaxExpense": 1398100000, "minorityInterest": 13080743000, "netIncomeFromContinuingOps": 5009915000, "discontinuedOperations": 500453000, "extraordinaryItems": {}, "effectOfAccountingCharges": {}, "otherItems": {}, "netIncome": 3212014000, "netIncomeApplicableToCommonShares": 3201678000}], "maxAge": 86400}, "fundOwnership": {"maxAge": 1, "ownershipList": []}, "summaryDetail": {"maxAge": 1, "priceHint": 2, "previousClose": 6509.7, "open": 6699.0, "dayLow": 6376.7, "dayHigh": 7281.0, "regularMarketPreviousClose": 6509.7, "regularMarketOpen": 6699.0, "regularMarketDayLow": 6376.7, "regularMarketDayHigh": 7281.0, "trailingPE": 8.651018, "volume": 550, "regularMarketVolume": 550, "averageVolume": 271, "averageVolume10days": 102, "averageDailyVolume10Day": 102, "bid": 6915.0, "ask": 7177.0, "bidSize": 0, "askSize": 0, "marketCap": 45091229696, "fiftyTwoWeekLow": 3100.0, "fiftyTwoWeekHigh": 7281.0, "fiftyDayAverage": 5951.5156, "twoHundredDayAverage": 5313.1455, "trailingAnnualDividendRate": 15.0, "trailingAnnualDividendYield": 0.0023042536, "currency": "INR", "fromCurrency": null, "toCurrency": null, "lastMarket": null, "algorithm": null, "tradeable": false}, "incomeStatementHistoryQuarterly": {"incomeStatementHistory": [{"maxAge": 1, "endDate": "2020-06-30", "totalRevenue": 15530941000, "costOfRevenue": 8647916000, "grossProfit": 6883025000, "researchDevelopment": {}, "sellingGeneralAdministrative": 1442145000, "nonRecurring": {}, "otherOperatingExpenses": 1725838000, "totalOperatingExpenses": 12851301000, "operatingIncome": 2679640000, "totalOtherIncomeExpenseNet": -420095000, "ebit": 2679640000, "interestExpense": -429070000, "incomeBeforeTax": 2259545000, "incomeTaxExpense": 497072000, "minorityInterest": {}, "netIncomeFromContinuingOps": 1762473000, "discontinuedOperations": 2218000, "extraordinaryItems": {}, "effectOfAccountingCharges": {}, "otherItems": {}, "netIncome": 925796000, "netIncomeApplicableToCommonShares": 925796000}, {"maxAge": 1, "endDate": "2020-03-31", "totalRevenue": 18668211000, "costOfRevenue": 6211053000, "grossProfit": 12457158000, "researchDevelopment": {}, "sellingGeneralAdministrative": 1727890000, "nonRecurring": {}, "otherOperatingExpenses": 6861266000, "totalOperatingExpenses": 15808037000, "operatingIncome": 2860174000, "totalOtherIncomeExpenseNet": -705372000, "ebit": 2860174000, "interestExpense": -334923000, "incomeBeforeTax": 2154802000, "incomeTaxExpense": 242514000, "minorityInterest": 23543343000, "netIncomeFromContinuingOps": 1912288000, "discontinuedOperations": -84071000, "extraordinaryItems": {}, "effectOfAccountingCharges": {}, "otherItems": {}, "netIncome": 941762000, "netIncomeApplicableToCommonShares": 941762000}, {"maxAge": 1, "endDate": "2019-12-31", "totalRevenue": 18584695000, "costOfRevenue": 11148167000, "grossProfit": 7436528000, "researchDevelopment": {}, "sellingGeneralAdministrative": 1430307000, "nonRecurring": {}, "otherOperatingExpenses": 2105999000, "totalOperatingExpenses": 15696916000, "operatingIncome": 2887779000, "totalOtherIncomeExpenseNet": -294741000, "ebit": 2887779000, "interestExpense": -471639000, "incomeBeforeTax": 2593038000, "incomeTaxExpense": -855498000, "minorityInterest": 23543343000, "netIncomeFromContinuingOps": 3448536000, "discontinuedOperations": -24821000, "extraordinaryItems": {}, "effectOfAccountingCharges": {}, "otherItems": {}, "netIncome": 1786913000, "netIncomeApplicableToCommonShares": 1786913000}, {"maxAge": 1, "endDate": "2019-09-30", "totalRevenue": 17459656000, "costOfRevenue": 10469132000, "grossProfit": 6990524000, "researchDevelopment": {}, "sellingGeneralAdministrative": 1354908000, "nonRecurring": {}, "otherOperatingExpenses": 2285457000, "totalOperatingExpenses": 15032434000, "operatingIncome": 2427222000, "totalOtherIncomeExpenseNet": -337235000, "ebit": 2427222000, "interestExpense": -548147000, "incomeBeforeTax": 2089987000, "incomeTaxExpense": 97113000, "minorityInterest": 21789378000, "netIncomeFromContinuingOps": 1992874000, "discontinuedOperations": 1002001000, "extraordinaryItems": {}, "effectOfAccountingCharges": {}, "otherItems": {}, "netIncome": 2994875000, "netIncomeApplicableToCommonShares": 2994875000}], "maxAge": 86400}, "cashflowStatementHistoryQuarterly": {"cashflowStatements": [{"maxAge": 1, "endDate": "2020-06-30", "netIncome": 925796000, "changeToLiabilities": 0}, {"maxAge": 1, "endDate": "2020-03-31", "netIncome": 941762000, "changeToLiabilities": 0}, {"maxAge": 1, "endDate": "2019-12-31", "netIncome": 1786913000, "changeToLiabilities": 0}, {"maxAge": 1, "endDate": "2019-09-30", "netIncome": 2994875000, "changeToLiabilities": 0}], "maxAge": 86400}, "insiderHolders": {"holders": [{"maxAge": 1, "name": "ABR Family Trust", "relation": "Institution- Corporation", "url": "", "transactionDescription": "Gift", "latestTransDate": "2019-12-16", "positionDirect": 4839446, "positionDirectDate": "2019-12-16"}, {"maxAge": 1, "name": "Ram (Arun Bharat)", "relation": "Promoter", "url": "", "transactionDescription": "Gift", "latestTransDate": "2019-12-16", "positionDirect": 0, "positionDirectDate": "2019-12-16"}, {"maxAge": 1, "name": "Ram (Ashish Bharat)", "relation": "Director", "url": "", "transactionDescription": "Gift", "latestTransDate": "2019-12-16", "positionDirect": 0, "positionDirectDate": "2019-12-16"}, {"maxAge": 1, "name": "Ram (Kartikeya Bharat)", "relation": "Director", "url": "", "transactionDescription": "Gift", "latestTransDate": "2019-12-16", "positionDirect": 0, "positionDirectDate": "2019-12-16"}], "maxAge": 1}, "calendarEvents": {"maxAge": 1, "earnings": {"earningsDate": []}}, "price": {"maxAge": 1, "regularMarketChangePercent": 0.07348259, "regularMarketChange": 478.3496, "regularMarketTime": "2021-04-30 15:29:18", "priceHint": 2, "regularMarketPrice": 6988.05, "regularMarketDayHigh": 7281.0, "regularMarketDayLow": 6376.7, "regularMarketVolume": 550, "averageDailyVolume10Day": 102, "averageDailyVolume3Month": 271, "regularMarketPreviousClose": 6509.7, "regularMarketSource": "FREE_REALTIME", "regularMarketOpen": 6699.0, "exchange": "BSE", "exchangeName": "BSE", "exchangeDataDelayedBy": 0, "marketState": "CLOSED", "quoteType": "EQUITY", "symbol": "KAMAHOLD.BO", "underlyingSymbol": null, "shortName": "KAMA HOLDINGS LIMITED", "longName": "KAMA Holdings Limited", "currency": "INR", "quoteSourceName": "Delayed Quote", "currencySymbol": "\u20b9", "fromCurrency": null, "toCurrency": null, "lastMarket": null, "marketCap": 45091229696}, "balanceSheetHistory": {"balanceSheetStatements": [{"maxAge": 1, "endDate": "2020-03-31", "cash": 1181767000, "shortTermInvestments": 1000000, "netReceivables": 13199956000, "inventory": 12018444000, "otherCurrentAssets": 2741685000, "totalCurrentAssets": 32554533000, "longTermInvestments": 264207000, "propertyPlantEquipment": 76431614000, "goodWill": 6230000, "intangibleAssets": 1177544000, "otherAssets": 532328000, "deferredLongTermAssetCharges": 189865000, "totalAssets": 110966456000, "accountsPayable": 11116903000, "shortLongTermDebt": 15278605000, "otherCurrentLiab": 850855000, "longTermDebt": 23245507000, "otherLiab": 5327730000, "minorityInterest": 23543343000, "totalCurrentLiabilities": 30471045000, "totalLiab": 59444342000, "commonStock": 64526000, "retainedEarnings": 23469608000, "treasuryStock": 4444637000, "otherStockholderEquity": 4444637000, "totalStockholderEquity": 27978771000, "netTangibleAssets": 26794997000}, {"maxAge": 1, "endDate": "2019-03-31", "cash": 1921922000, "netReceivables": 15868532000, "inventory": 12253431000, "otherCurrentAssets": 4247605000, "totalCurrentAssets": 36731920000, "longTermInvestments": 201237000, "propertyPlantEquipment": 62831957000, "goodWill": 40781000, "intangibleAssets": 1101482000, "otherAssets": 361673000, "deferredLongTermAssetCharges": 12862000, "totalAssets": 101269050000, "accountsPayable": 13824193000, "shortLongTermDebt": 11625910000, "otherCurrentLiab": 1432797000, "longTermDebt": 21742549000, "otherLiab": 4323479000, "minorityInterest": 19706202000, "totalCurrentLiabilities": 31790536000, "totalLiab": 57856564000, "commonStock": 64526000, "retainedEarnings": 18436828000, "treasuryStock": 5204930000, "otherStockholderEquity": 5204930000, "totalStockholderEquity": 23706284000, "netTangibleAssets": 22564021000}, {"maxAge": 1, "endDate": "2018-03-31", "cash": 999941000, "shortTermInvestments": 1078435000, "netReceivables": 11421435000, "inventory": 9585541000, "otherCurrentAssets": 1240734000, "totalCurrentAssets": 24450614000, "longTermInvestments": 1115938000, "propertyPlantEquipment": 56061667000, "goodWill": 3034000, "intangibleAssets": 1140971000, "otherAssets": 3826333000, "totalAssets": 86598557000, "accountsPayable": 10442420000, "shortLongTermDebt": 3867360000, "otherCurrentLiab": 1526859000, "longTermDebt": 19014454000, "otherLiab": 6384064000, "deferredLongTermLiab": 90568000, "minorityInterest": 16238511000, "totalCurrentLiabilities": 25339328000, "totalLiab": 50737846000, "commonStock": 64526000, "retainedEarnings": 13995381000, "treasuryStock": 5433099000, "otherStockholderEquity": 5433099000, "totalStockholderEquity": 19493006000, "netTangibleAssets": 18349001000}, {"maxAge": 1, "endDate": "2017-03-31", "cash": 978459000, "shortTermInvestments": 1696000000, "netReceivables": 9045035000, "inventory": 8383267000, "otherCurrentAssets": 541777000, "totalCurrentAssets": 20730888000, "longTermInvestments": 1206523000, "propertyPlantEquipment": 46116144000, "goodWill": 6719000, "intangibleAssets": 815994000, "otherAssets": 2635348000, "totalAssets": 71511616000, "accountsPayable": 8088979000, "shortLongTermDebt": 4217200000, "otherCurrentLiab": 1305860000, "longTermDebt": 14277411000, "otherLiab": 5413611000, "deferredLongTermLiab": 69858000, "minorityInterest": 13080743000, "totalCurrentLiabilities": 20088177000, "totalLiab": 39779199000, "commonStock": 64526000, "retainedEarnings": 13341488000, "treasuryStock": 5116466000, "otherStockholderEquity": 5116466000, "totalStockholderEquity": 18522480000, "netTangibleAssets": 17699767000}], "maxAge": 86400}, "financialData": {"maxAge": 86400, "currentPrice": 6988.05, "recommendationKey": "none", "grossProfits": 33510962000, "financialCurrency": "INR"}}}