{"KANANIIND.BO": {"cashflowStatementHistory": {"cashflowStatements": [{"maxAge": 1, "endDate": "2020-03-31", "netIncome": 25620000, "depreciation": 1386000, "changeToNetincome": 14725000, "changeToAccountReceivables": -104584000, "changeToLiabilities": 123101000, "changeToInventory": -3267000, "changeToOperatingActivities": 4656000, "totalCashFromOperatingActivities": 61637000, "netBorrowings": -120966000, "totalCashFromFinancingActivities": -120966000, "changeInCash": -59329000}, {"maxAge": 1, "endDate": "2019-03-31", "netIncome": 21792000, "depreciation": 2604000, "changeToNetincome": 6126000, "changeToAccountReceivables": 137787000, "changeToLiabilities": -139543000, "changeToInventory": -40524000, "changeToOperatingActivities": 428000, "totalCashFromOperatingActivities": -11330000, "capitalExpenditures": -3577000, "totalCashflowsFromInvestingActivities": -3577000, "netBorrowings": 21454000, "otherCashflowsFromFinancingActivities": -1000, "totalCashFromFinancingActivities": 21453000, "changeInCash": 6546000}, {"maxAge": 1, "endDate": "2018-03-31", "netIncome": 8070000, "depreciation": 853000, "changeToNetincome": 419000, "changeToAccountReceivables": -17817000, "changeToLiabilities": -39215000, "changeToInventory": -18696000, "changeToOperatingActivities": 353000, "totalCashFromOperatingActivities": -66033000, "capitalExpenditures": -171000, "totalCashflowsFromInvestingActivities": -171000, "netBorrowings": 64883000, "otherCashflowsFromFinancingActivities": -1000, "totalCashFromFinancingActivities": 64882000, "changeInCash": -1322000}, {"maxAge": 1, "endDate": "2017-03-31", "netIncome": 5029000, "depreciation": 913000, "changeToNetincome": -1881000, "changeToAccountReceivables": 144449000, "changeToLiabilities": -120773000, "changeToInventory": -64512000, "changeToOperatingActivities": 1135000, "totalCashFromOperatingActivities": -35640000, "capitalExpenditures": -108000, "totalCashflowsFromInvestingActivities": -108000, "netBorrowings": -12635000, "otherCashflowsFromFinancingActivities": -1000, "totalCashFromFinancingActivities": -12635000, "changeInCash": -48384000}], "maxAge": 86400}, "institutionOwnership": {"ownershipList": [], "maxAge": 1}, "balanceSheetHistoryQuarterly": {"balanceSheetStatements": [{"maxAge": 1, "endDate": "2020-06-30", "totalStockholderEquity": 564998000, "netTangibleAssets": 564998000}, {"maxAge": 1, "endDate": "2020-03-31", "cash": 42609000, "netReceivables": 1191941000, "inventory": 307194000, "otherCurrentAssets": 712000, "totalCurrentAssets": 1544132000, "propertyPlantEquipment": 4162000, "otherAssets": 254000, "totalAssets": 1548548000, "accountsPayable": 727905000, "otherCurrentLiab": 1809000, "longTermDebt": 43915000, "totalCurrentLiabilities": 939635000, "totalLiab": 983550000, "commonStock": 98934000, "retainedEarnings": 440818000, "treasuryStock": 25246000, "otherStockholderEquity": 25246000, "totalStockholderEquity": 564998000, "netTangibleAssets": 564998000}, {"maxAge": 1, "endDate": "2019-12-31", "totalStockholderEquity": 539173000, "netTangibleAssets": 539173000}, {"maxAge": 1, "endDate": "2019-09-30", "cash": 31168000, "netReceivables": 1085405000, "inventory": 165497000, "otherCurrentAssets": 1962000, "totalCurrentAssets": 1284032000, "propertyPlantEquipment": 4876000, "otherAssets": 677000, "totalAssets": 1289585000, "accountsPayable": 533912000, "otherCurrentLiab": 1994000, "longTermDebt": 45605000, "otherLiab": 1000, "totalCurrentLiabilities": 704806000, "totalLiab": 750412000, "commonStock": 98934000, "treasuryStock": 440239000, "otherStockholderEquity": 440239000, "totalStockholderEquity": 539173000, "netTangibleAssets": 539173000}], "maxAge": 86400}, "indexTrend": {"maxAge": 1, "symbol": "SP5", "peRatio": 19.7411, "pegRatio": 1.34172, "estimates": [{"period": "0q", "growth": 0.549}, {"period": "+1q", "growth": 0.431}, {"period": "0y", "growth": 0.305}, {"period": "+1y", "growth": 0.109}, {"period": "+5y", "growth": 0.120865}, {"period": "-5y"}]}, "insiderTransactions": {"transactions": [{"maxAge": 1, "shares": 225000, "filerUrl": "", "transactionText": "", "filerName": "Kanani (Harshil Premjibhai)", "filerRelation": "Managing Director", "moneyText": "", "startDate": "2011-12-09", "ownership": "D"}, {"maxAge": 1, "shares": 225000, "filerUrl": "", "transactionText": "", "filerName": "Kanani (Premjibhai Devjibhai)", "filerRelation": "Executive Chairman", "moneyText": "", "startDate": "2011-12-09", "ownership": "D"}, {"maxAge": 1, "shares": 560220, "filerUrl": "", "transactionText": "", "filerName": "Kanani (Alpesh Vinubhai)", "filerRelation": "UNREPORTED", "moneyText": "", "startDate": "2011-12-07", "ownership": "D"}, {"maxAge": 1, "shares": 560220, "filerUrl": "", "transactionText": "", "filerName": "Kanani (Vinubhai Laxmanbhai)", "filerRelation": "Promoter", "moneyText": "", "startDate": "2011-12-07", "ownership": "D"}], "maxAge": 1}, "quoteType": {"exchange": "BSE", "quoteType": "EQUITY", "symbol": "KANANIIND.BO", "underlyingSymbol": "KANANIIND.BO", "shortName": "KANANI INDUSTRIES LTD.", "longName": "Kanani Industries Limited", "firstTradeDateEpochUtc": "2006-08-21 09:15:00", "timeZoneFullName": "Asia/Kolkata", "timeZoneShortName": "IST", "uuid": "a905cfbf-8ecf-35b0-a0ab-9ba355b99dbc", "gmtOffSetMilliseconds": 19800000, "maxAge": 1}, "incomeStatementHistory": {"incomeStatementHistory": [{"maxAge": 1, "endDate": "2020-03-31", "totalRevenue": 3765628000, "costOfRevenue": 3697041000, "grossProfit": 68587000, "researchDevelopment": {}, "sellingGeneralAdministrative": 10229000, "nonRecurring": {}, "otherOperatingExpenses": 27563000, "totalOperatingExpenses": 3735906000, "operatingIncome": 29722000, "totalOtherIncomeExpenseNet": -2273000, "ebit": 29722000, "interestExpense": -7750000, "incomeBeforeTax": 27449000, "incomeTaxExpense": 1829000, "minorityInterest": {}, "netIncomeFromContinuingOps": 25620000, "discontinuedOperations": {}, "extraordinaryItems": {}, "effectOfAccountingCharges": {}, "otherItems": {}, "netIncome": 25620000, "netIncomeApplicableToCommonShares": 25620000}, {"maxAge": 1, "endDate": "2019-03-31", "totalRevenue": 3441384000, "costOfRevenue": 3382012000, "grossProfit": 59372000, "researchDevelopment": {}, "sellingGeneralAdministrative": 13571000, "nonRecurring": {}, "otherOperatingExpenses": 10326000, "totalOperatingExpenses": 3408200000, "operatingIncome": 33184000, "totalOtherIncomeExpenseNet": -9780000, "ebit": 33184000, "interestExpense": -9579000, "incomeBeforeTax": 23404000, "incomeTaxExpense": 1612000, "minorityInterest": {}, "netIncomeFromContinuingOps": 21792000, "discontinuedOperations": {}, "extraordinaryItems": {}, "effectOfAccountingCharges": {}, "otherItems": {}, "netIncome": 21792000, "netIncomeApplicableToCommonShares": 21792000}, {"maxAge": 1, "endDate": "2018-03-31", "totalRevenue": 3855963000, "costOfRevenue": 3823094000, "grossProfit": 32869000, "researchDevelopment": {}, "sellingGeneralAdministrative": 14468000, "nonRecurring": {}, "otherOperatingExpenses": 10176000, "totalOperatingExpenses": 3848278000, "operatingIncome": 7685000, "totalOtherIncomeExpenseNet": 1742000, "ebit": 7685000, "interestExpense": -12065000, "incomeBeforeTax": 9427000, "incomeTaxExpense": 1357000, "minorityInterest": {}, "netIncomeFromContinuingOps": 8070000, "discontinuedOperations": {}, "extraordinaryItems": {}, "effectOfAccountingCharges": {}, "otherItems": {}, "netIncome": 8070000, "netIncomeApplicableToCommonShares": 8070000}, {"maxAge": 1, "endDate": "2017-03-31", "totalRevenue": 4425701000, "costOfRevenue": 4412664000, "grossProfit": 13037000, "researchDevelopment": {}, "sellingGeneralAdministrative": 8815000, "nonRecurring": {}, "otherOperatingExpenses": 8020000, "totalOperatingExpenses": 4430099000, "operatingIncome": -4398000, "totalOtherIncomeExpenseNet": 11137000, "ebit": -4398000, "interestExpense": -11190000, "incomeBeforeTax": 6739000, "incomeTaxExpense": 1710000, "minorityInterest": {}, "netIncomeFromContinuingOps": 5029000, "discontinuedOperations": {}, "extraordinaryItems": {}, "effectOfAccountingCharges": {}, "otherItems": {}, "netIncome": 5029000, "netIncomeApplicableToCommonShares": 5029000}], "maxAge": 86400}, "fundOwnership": {"ownershipList": [], "maxAge": 1}, "summaryDetail": {"maxAge": 1, "priceHint": 4, "previousClose": 4.2, "open": 4.09, "dayLow": 4.09, "dayHigh": 4.49, "regularMarketPreviousClose": 4.2, "regularMarketOpen": 4.09, "regularMarketDayLow": 4.09, "regularMarketDayHigh": 4.49, "trailingPE": 17.07031, "volume": 497, "regularMarketVolume": 497, "averageVolume": 410, "averageVolume10days": 2643, "averageDailyVolume10Day": 2643, "bid": 4.1, "ask": 4.49, "bidSize": 0, "askSize": 0, "marketCap": 432341568, "fiftyTwoWeekLow": 1.99, "fiftyTwoWeekHigh": 5.13, "fiftyDayAverage": 3.9236364, "twoHundredDayAverage": 3.7978103, "currency": "INR", "fromCurrency": null, "lastMarket": null, "algorithm": null, "tradeable": false}, "incomeStatementHistoryQuarterly": {"incomeStatementHistory": [{"maxAge": 1, "endDate": "2020-06-30", "totalRevenue": 707833000, "costOfRevenue": 688434000, "grossProfit": 19399000, "researchDevelopment": {}, "sellingGeneralAdministrative": 2510000, "nonRecurring": {}, "otherOperatingExpenses": 7001000, "totalOperatingExpenses": 698171000, "operatingIncome": 9662000, "totalOtherIncomeExpenseNet": -5142000, "ebit": 9662000, "interestExpense": -3525000, "incomeBeforeTax": 4520000, "incomeTaxExpense": 460000, "minorityInterest": {}, "netIncomeFromContinuingOps": 4060000, "discontinuedOperations": {}, "extraordinaryItems": {}, "effectOfAccountingCharges": {}, "otherItems": {}, "netIncome": 4060000, "netIncomeApplicableToCommonShares": 4060000}, {"maxAge": 1, "endDate": "2020-03-31", "totalRevenue": 1029593000, "costOfRevenue": 1012955000, "grossProfit": 16638000, "researchDevelopment": {}, "sellingGeneralAdministrative": -512000, "nonRecurring": {}, "otherOperatingExpenses": 9353000, "totalOperatingExpenses": 1021838000, "operatingIncome": 7755000, "totalOtherIncomeExpenseNet": 3964000, "ebit": 7755000, "interestExpense": -1319000, "incomeBeforeTax": 11719000, "incomeTaxExpense": 704000, "minorityInterest": {}, "netIncomeFromContinuingOps": 11015000, "discontinuedOperations": {}, "extraordinaryItems": {}, "effectOfAccountingCharges": {}, "otherItems": {}, "netIncome": 11015000, "netIncomeApplicableToCommonShares": 11015000}, {"maxAge": 1, "endDate": "2019-12-31", "totalRevenue": 1266784000, "costOfRevenue": 1248018000, "grossProfit": 18766000, "researchDevelopment": {}, "sellingGeneralAdministrative": 3604000, "nonRecurring": {}, "otherOperatingExpenses": 12768000, "totalOperatingExpenses": 1264748000, "operatingIncome": 2036000, "totalOtherIncomeExpenseNet": 2739000, "ebit": 2036000, "interestExpense": -2018000, "incomeBeforeTax": 4775000, "incomeTaxExpense": 290000, "minorityInterest": {}, "netIncomeFromContinuingOps": 4485000, "discontinuedOperations": {}, "extraordinaryItems": {}, "effectOfAccountingCharges": {}, "otherItems": {}, "netIncome": 4485000, "netIncomeApplicableToCommonShares": 4485000}, {"maxAge": 1, "endDate": "2019-09-30", "totalRevenue": 605090000, "costOfRevenue": 585518000, "grossProfit": 19572000, "researchDevelopment": {}, "sellingGeneralAdministrative": 3602000, "nonRecurring": {}, "otherOperatingExpenses": 2655000, "totalOperatingExpenses": 592111000, "operatingIncome": 12979000, "totalOtherIncomeExpenseNet": -6355000, "ebit": 12979000, "interestExpense": -3182000, "incomeBeforeTax": 6624000, "incomeTaxExpense": 142000, "minorityInterest": {}, "netIncomeFromContinuingOps": 6482000, "discontinuedOperations": {}, "extraordinaryItems": {}, "effectOfAccountingCharges": {}, "otherItems": {}, "netIncome": 6482000, "netIncomeApplicableToCommonShares": 6482000}], "maxAge": 86400}, "cashflowStatementHistoryQuarterly": {"cashflowStatements": [{"maxAge": 1, "endDate": "2020-06-30", "netIncome": 4060000, "changeToLiabilities": 0}, {"maxAge": 1, "endDate": "2020-03-31", "netIncome": 11015000, "changeToLiabilities": 0}, {"maxAge": 1, "endDate": "2019-12-31", "netIncome": 4485000, "changeToLiabilities": 0}, {"maxAge": 1, "endDate": "2019-09-30", "netIncome": 6482000, "changeToLiabilities": 0}], "maxAge": 86400}, "insiderHolders": {"holders": [{"maxAge": 1, "name": "Kanani (Alpesh Vinubhai)", "relation": "UNREPORTED", "url": "", "transactionDescription": "Acquisition", "latestTransDate": "2011-12-07", "positionDirect": 560220, "positionDirectDate": "2011-12-07"}, {"maxAge": 1, "name": "Kanani (Harshil Premjibhai)", "relation": "Managing Director", "url": "", "transactionDescription": "Acquisition", "latestTransDate": "2011-12-09", "positionDirect": 11445000, "positionDirectDate": "2011-12-09"}, {"maxAge": 1, "name": "Kanani (Premjibhai Devjibhai)", "relation": "Executive Chairman", "url": "", "transactionDescription": "Sale", "latestTransDate": "2011-12-09", "positionDirect": 1455660, "positionDirectDate": "2011-12-09"}, {"maxAge": 1, "name": "Kanani (Vinubhai Laxmanbhai)", "relation": "Promoter", "url": "", "transactionDescription": "Sale", "latestTransDate": "2011-12-07", "positionDirect": 0, "positionDirectDate": "2011-12-07"}], "maxAge": 1}, "calendarEvents": {"maxAge": 1, "earnings": {"earningsDate": []}}, "upgradeDowngradeHistory": {"history": [], "maxAge": 86400}, "price": {"maxAge": 1, "regularMarketChangePercent": 0.040476214, "regularMarketChange": 0.17000008, "regularMarketTime": "2021-04-30 15:29:57", "priceHint": 4, "regularMarketPrice": 4.37, "regularMarketDayHigh": 4.49, "regularMarketDayLow": 4.09, "regularMarketVolume": 497, "averageDailyVolume10Day": 2643, "averageDailyVolume3Month": 410, "regularMarketPreviousClose": 4.2, "regularMarketSource": "FREE_REALTIME", "regularMarketOpen": 4.09, "exchange": "BSE", "exchangeName": "BSE", "exchangeDataDelayedBy": 0, "marketState": "CLOSED", "quoteType": "EQUITY", "symbol": "KANANIIND.BO", "underlyingSymbol": null, "shortName": "KANANI INDUSTRIES LTD.", "longName": "Kanani Industries Limited", "currency": "INR", "quoteSourceName": "Delayed Quote", "currencySymbol": "\u20b9", "fromCurrency": null, "lastMarket": null, "marketCap": 432341568}, "balanceSheetHistory": {"balanceSheetStatements": [{"maxAge": 1, "endDate": "2020-03-31", "cash": 42609000, "netReceivables": 1191941000, "inventory": 307194000, "otherCurrentAssets": 712000, "totalCurrentAssets": 1544132000, "propertyPlantEquipment": 4162000, "otherAssets": 254000, "totalAssets": 1548548000, "accountsPayable": 727905000, "otherCurrentLiab": 1809000, "longTermDebt": 43915000, "totalCurrentLiabilities": 939635000, "totalLiab": 983550000, "commonStock": 98934000, "retainedEarnings": 440818000, "treasuryStock": 25246000, "otherStockholderEquity": 25246000, "totalStockholderEquity": 564998000, "netTangibleAssets": 564998000}, {"maxAge": 1, "endDate": "2019-03-31", "cash": 101938000, "netReceivables": 1091801000, "inventory": 303927000, "otherCurrentAssets": 713000, "totalCurrentAssets": 1500286000, "propertyPlantEquipment": 5548000, "otherAssets": 465000, "totalAssets": 1506299000, "accountsPayable": 604866000, "otherCurrentLiab": 599000, "longTermDebt": 58085000, "totalCurrentLiabilities": 922507000, "totalLiab": 980592000, "commonStock": 98934000, "retainedEarnings": 415198000, "treasuryStock": 11575000, "otherStockholderEquity": 11575000, "totalStockholderEquity": 525707000, "netTangibleAssets": 525707000}, {"maxAge": 1, "endDate": "2018-03-31", "cash": 95392000, "netReceivables": 1228024000, "inventory": 263403000, "otherCurrentAssets": 712000, "totalCurrentAssets": 1591443000, "propertyPlantEquipment": 4576000, "otherAssets": 378000, "totalAssets": 1596397000, "accountsPayable": 744816000, "otherCurrentLiab": 1010000, "longTermDebt": 40404000, "totalCurrentLiabilities": 1058473000, "totalLiab": 1098877000, "commonStock": 98934000, "retainedEarnings": 393406000, "treasuryStock": 5180000, "otherStockholderEquity": 5180000, "totalStockholderEquity": 497520000, "netTangibleAssets": 497520000}, {"maxAge": 1, "endDate": "2017-03-31", "cash": 96714000, "netReceivables": 1210130000, "inventory": 244707000, "otherCurrentAssets": 712000, "totalCurrentAssets": 1556606000, "propertyPlantEquipment": 5257000, "otherAssets": 642000, "totalAssets": 1562505000, "accountsPayable": 783335000, "otherCurrentLiab": 1330000, "longTermDebt": 17185000, "otherLiab": 1000, "totalCurrentLiabilities": 1056390000, "totalLiab": 1073576000, "commonStock": 98934000, "retainedEarnings": 385335000, "treasuryStock": 4660000, "otherStockholderEquity": 4660000, "totalStockholderEquity": 488929000, "netTangibleAssets": 488929000}], "maxAge": 86400}, "financialData": {"maxAge": 86400, "currentPrice": 4.37, "recommendationKey": "none", "grossProfits": 68587000, "financialCurrency": "INR"}}}