{"KANANIIND.NS": {"assetProfile": {"address1": "915C, The Capital", "address2": "G-Block Plot-C70, Bandra Kurla Complex Bandra (East)", "city": "Mumbai", "zip": "400051", "country": "India", "phone": "91 22 4005 0222", "fax": "91 22 3008 4000", "website": "http://www.kananiindustries.com", "industry": "Luxury Goods", "sector": "Consumer Cyclical", "longBusinessSummary": "Kanani Industries Limited engages in the manufacture and retail of diamond studded jewelry in India. The company offers its jewelry to wholesalers, jewelry manufacturers, traders, and retailers. It also exports its products. The company was formerly known as IMP Finance Limited and changed its name to Kanani Industries Limited in October 2007. Kanani Industries Limited was incorporated in 1983 and is based in Mumbai, India.", "fullTimeEmployees": 28, "companyOfficers": [{"maxAge": 1, "name": "Mr. Premjibhai Devjibhai Kanani", "age": 62, "title": "Chairman & Whole-Time Director", "yearBorn": 1958, "fiscalYear": 2020, "totalPay": 499200, "exercisedValue": 0, "unexercisedValue": 0}, {"maxAge": 1, "name": "Mr. Harshil Premjibhai Kanani", "age": 37, "title": "MD & Exec. Director", "yearBorn": 1983, "fiscalYear": 2020, "totalPay": 501000, "exercisedValue": 0, "unexercisedValue": 0}, {"maxAge": 1, "name": "Mr. Darshak A. Pandya", "age": 35, "title": "Chief Financial Officer", "yearBorn": 1985, "fiscalYear": 2020, "totalPay": 420000, "exercisedValue": 0, "unexercisedValue": 0}, {"maxAge": 1, "name": "Mr. Mehul S. Kundariya", "age": 30, "title": "Company Sec. & Compliance Officer", "yearBorn": 1990, "fiscalYear": 2020, "totalPay": 238000, "exercisedValue": 0, "unexercisedValue": 0}, {"maxAge": 1, "name": "Mahendrabhai K. Tandel", "age": 48, "title": "Operation Mang.", "yearBorn": 1972, "exercisedValue": 0, "unexercisedValue": 0}, {"maxAge": 1, "name": "Hardik  Gabani", "age": 34, "title": "Admin Mang.", "yearBorn": 1986, "exercisedValue": 0, "unexercisedValue": 0}, {"maxAge": 1, "name": "Nikhil  Vadhariya", "age": 27, "title": "Sale-Exec.", "yearBorn": 1993, "exercisedValue": 0, "unexercisedValue": 0}, {"maxAge": 1, "name": "Ketan  Shah", "age": 54, "title": "Accountant", "yearBorn": 1966, "exercisedValue": 0, "unexercisedValue": 0}, {"maxAge": 1, "name": "Shrutik  Barot", "age": 24, "title": "Accountant", "yearBorn": 1996, "exercisedValue": 0, "unexercisedValue": 0}, {"maxAge": 1, "name": "Chetan R. Halpati", "age": 38, "title": "Manufacturing Mang.", "yearBorn": 1982, "exercisedValue": 0, "unexercisedValue": 0}], "compensationAsOfEpochDate": "2020-12-31 05:30:00", "maxAge": 86400}, "cashflowStatementHistory": {"cashflowStatements": [{"maxAge": 1, "endDate": "2020-03-31", "netIncome": 25620000, "depreciation": 1386000, "changeToNetincome": 14725000, "changeToAccountReceivables": -104584000, "changeToLiabilities": 123101000, "changeToInventory": -3267000, "changeToOperatingActivities": 4656000, "totalCashFromOperatingActivities": 61637000, "netBorrowings": -120966000, "totalCashFromFinancingActivities": -120966000, "changeInCash": -59329000}, {"maxAge": 1, "endDate": "2019-03-31", "netIncome": 21792000, "depreciation": 2604000, "changeToNetincome": 6126000, "changeToAccountReceivables": 137787000, "changeToLiabilities": -139543000, "changeToInventory": -40524000, "changeToOperatingActivities": 428000, "totalCashFromOperatingActivities": -11330000, "capitalExpenditures": -3577000, "totalCashflowsFromInvestingActivities": -3577000, "netBorrowings": 21454000, "otherCashflowsFromFinancingActivities": -1000, "totalCashFromFinancingActivities": 21453000, "changeInCash": 6546000}, {"maxAge": 1, "endDate": "2018-03-31", "netIncome": 8070000, "depreciation": 853000, "changeToNetincome": 419000, "changeToAccountReceivables": -17817000, "changeToLiabilities": -39215000, "changeToInventory": -18696000, "changeToOperatingActivities": 353000, "totalCashFromOperatingActivities": -66033000, "capitalExpenditures": -171000, "totalCashflowsFromInvestingActivities": -171000, "netBorrowings": 64883000, "otherCashflowsFromFinancingActivities": -1000, "totalCashFromFinancingActivities": 64882000, "changeInCash": -1322000}, {"maxAge": 1, "endDate": "2017-03-31", "netIncome": 5029000, "depreciation": 913000, "changeToNetincome": -1881000, "changeToAccountReceivables": 144449000, "changeToLiabilities": -120773000, "changeToInventory": -64512000, "changeToOperatingActivities": 1135000, "totalCashFromOperatingActivities": -35640000, "capitalExpenditures": -108000, "totalCashflowsFromInvestingActivities": -108000, "netBorrowings": -12635000, "otherCashflowsFromFinancingActivities": -1000, "totalCashFromFinancingActivities": -12635000, "changeInCash": -48384000}], "maxAge": 86400}, "institutionOwnership": {"maxAge": 1, "ownershipList": []}, "majorHoldersBreakdown": {"maxAge": 1, "insidersPercentHeld": 0.8781, "institutionsPercentHeld": 0.0, "institutionsFloatPercentHeld": 0.0, "institutionsCount": 0}, "balanceSheetHistoryQuarterly": {"balanceSheetStatements": [{"maxAge": 1, "endDate": "2020-12-31", "totalStockholderEquity": 561894000, "netTangibleAssets": 561894000}, {"maxAge": 1, "endDate": "2020-09-30", "cash": 50468000, "netReceivables": 961897000, "inventory": 197721000, "otherCurrentAssets": 3058000, "totalCurrentAssets": 1213144000, "propertyPlantEquipment": 3707000, "otherAssets": 249000, "totalAssets": 1217100000, "accountsPayable": 348931000, "otherCurrentLiab": 3710000, "longTermDebt": 62565000, "totalCurrentLiabilities": 592641000, "totalLiab": 655206000, "commonStock": 98934000, "treasuryStock": 462960000, "otherStockholderEquity": 462960000, "totalStockholderEquity": 561894000, "netTangibleAssets": 561894000}, {"maxAge": 1, "endDate": "2020-06-30", "totalStockholderEquity": 564998000, "netTangibleAssets": 564998000}, {"maxAge": 1, "endDate": "2020-03-31", "cash": 42609000, "netReceivables": 1191941000, "inventory": 307194000, "otherCurrentAssets": 712000, "totalCurrentAssets": 1544132000, "propertyPlantEquipment": 4162000, "otherAssets": 254000, "totalAssets": 1548548000, "accountsPayable": 727905000, "otherCurrentLiab": 1809000, "longTermDebt": 43915000, "totalCurrentLiabilities": 939635000, "totalLiab": 983550000, "commonStock": 98934000, "retainedEarnings": 440818000, "treasuryStock": 25246000, "otherStockholderEquity": 25246000, "totalStockholderEquity": 564998000, "netTangibleAssets": 564998000}], "maxAge": 86400}, "indexTrend": {"maxAge": 1, "symbol": "SP5", "peRatio": 19.7411, "pegRatio": 1.34172, "estimates": [{"period": "0q", "growth": 0.549}, {"period": "+1q", "growth": 0.431}, {"period": "0y", "growth": 0.305}, {"period": "+1y", "growth": 0.109}, {"period": "+5y", "growth": 0.120865}, {"period": "-5y"}]}, "defaultKeyStatistics": {"maxAge": 1, "priceHint": 4, "enterpriseValue": 671937024, "profitMargins": 0.0043099998, "floatShares": 9249792, "sharesOutstanding": 98934000, "heldPercentInsiders": 0.8781, "heldPercentInstitutions": 0.0, "beta": 0.647327, "category": null, "bookValue": 5.097, "priceToBook": 0.8338238, "fundFamily": null, "legalType": null, "lastFiscalYearEnd": "2020-03-31 05:30:00", "nextFiscalYearEnd": "2022-03-31 05:30:00", "mostRecentQuarter": "2020-12-31 05:30:00", "earningsQuarterlyGrowth": -0.729, "netIncomeToCommon": 14087000, "trailingEps": 0.137, "lastSplitFactor": "11:10", "lastSplitDate": "2013-02-01 05:30:00", "enterpriseToRevenue": 0.206, "enterpriseToEbitda": 43.693, "52WeekChange": 0.7708334, "SandP52WeekChange": 0.48148263, "lastDividendValue": 0.25, "lastDividendDate": 1280102400}, "summaryProfile": {"address1": "915C, The Capital", "address2": "G-Block Plot-C70, Bandra Kurla Complex Bandra (East)", "city": "Mumbai", "zip": "400051", "country": "India", "phone": "91 22 4005 0222", "fax": "91 22 3008 4000", "website": "http://www.kananiindustries.com", "industry": "Luxury Goods", "sector": "Consumer Cyclical", "longBusinessSummary": "Kanani Industries Limited engages in the manufacture and retail of diamond studded jewelry in India. The company offers its jewelry to wholesalers, jewelry manufacturers, traders, and retailers. It also exports its products. The company was formerly known as IMP Finance Limited and changed its name to Kanani Industries Limited in October 2007. Kanani Industries Limited was incorporated in 1983 and is based in Mumbai, India.", "fullTimeEmployees": 28, "companyOfficers": [], "maxAge": 86400}, "netSharePurchaseActivity": {"maxAge": 1, "period": "6m", "buyInfoCount": 0, "buyInfoShares": 0, "sellInfoCount": 0, "netInfoCount": 0, "netInfoShares": 0, "netPercentInsiderShares": 0.0, "totalInsiderShares": 89917440}, "insiderTransactions": {"transactions": [{"maxAge": 1, "shares": 225000, "filerUrl": "", "transactionText": "", "filerName": "Kanani (Harshil Premjibhai)", "filerRelation": "Managing Director", "moneyText": "", "startDate": "2011-12-09", "ownership": "D"}, {"maxAge": 1, "shares": 225000, "filerUrl": "", "transactionText": "", "filerName": "Kanani (Premjibhai Devjibhai)", "filerRelation": "Executive Chairman", "moneyText": "", "startDate": "2011-12-09", "ownership": "D"}, {"maxAge": 1, "shares": 560220, "filerUrl": "", "transactionText": "", "filerName": "Kanani (Alpesh Vinubhai)", "filerRelation": "UNREPORTED", "moneyText": "", "startDate": "2011-12-07", "ownership": "D"}, {"maxAge": 1, "shares": 560220, "filerUrl": "", "transactionText": "", "filerName": "Kanani (Vinubhai Laxmanbhai)", "filerRelation": "Promoter", "moneyText": "", "startDate": "2011-12-07", "ownership": "D"}], "maxAge": 1}, "quoteType": {"exchange": "NSI", "quoteType": "EQUITY", "symbol": "KANANIIND.NS", "underlyingSymbol": "KANANIIND.NS", "shortName": "KANANI INDUSTRIES", "longName": "Kanani Industries Limited", "firstTradeDateEpochUtc": "2011-12-14 09:15:00", "timeZoneFullName": "Asia/Kolkata", "timeZoneShortName": "IST", "uuid": "f0266fc4-597a-3f97-aa64-85b203e9db64", "messageBoardId": "finmb_20930791", "gmtOffSetMilliseconds": 19800000, "maxAge": 1}, "incomeStatementHistory": {"incomeStatementHistory": [{"maxAge": 1, "endDate": "2020-03-31", "totalRevenue": 3765628000, "costOfRevenue": 3697041000, "grossProfit": 68587000, "researchDevelopment": {}, "sellingGeneralAdministrative": 10229000, "nonRecurring": {}, "otherOperatingExpenses": 27563000, "totalOperatingExpenses": 3735906000, "operatingIncome": 29722000, "totalOtherIncomeExpenseNet": -2273000, "ebit": 29722000, "interestExpense": -7750000, "incomeBeforeTax": 27449000, "incomeTaxExpense": 1829000, "minorityInterest": {}, "netIncomeFromContinuingOps": 25620000, "discontinuedOperations": {}, "extraordinaryItems": {}, "effectOfAccountingCharges": {}, "otherItems": {}, "netIncome": 25620000, "netIncomeApplicableToCommonShares": 25620000}, {"maxAge": 1, "endDate": "2019-03-31", "totalRevenue": 3441384000, "costOfRevenue": 3382012000, "grossProfit": 59372000, "researchDevelopment": {}, "sellingGeneralAdministrative": 13571000, "nonRecurring": {}, "otherOperatingExpenses": 10326000, "totalOperatingExpenses": 3408200000, "operatingIncome": 33184000, "totalOtherIncomeExpenseNet": -9780000, "ebit": 33184000, "interestExpense": -9579000, "incomeBeforeTax": 23404000, "incomeTaxExpense": 1612000, "minorityInterest": {}, "netIncomeFromContinuingOps": 21792000, "discontinuedOperations": {}, "extraordinaryItems": {}, "effectOfAccountingCharges": {}, "otherItems": {}, "netIncome": 21792000, "netIncomeApplicableToCommonShares": 21792000}, {"maxAge": 1, "endDate": "2018-03-31", "totalRevenue": 3855963000, "costOfRevenue": 3823094000, "grossProfit": 32869000, "researchDevelopment": {}, "sellingGeneralAdministrative": 14468000, "nonRecurring": {}, "otherOperatingExpenses": 10176000, "totalOperatingExpenses": 3848278000, "operatingIncome": 7685000, "totalOtherIncomeExpenseNet": 1742000, "ebit": 7685000, "interestExpense": -12065000, "incomeBeforeTax": 9427000, "incomeTaxExpense": 1357000, "minorityInterest": {}, "netIncomeFromContinuingOps": 8070000, "discontinuedOperations": {}, "extraordinaryItems": {}, "effectOfAccountingCharges": {}, "otherItems": {}, "netIncome": 8070000, "netIncomeApplicableToCommonShares": 8070000}, {"maxAge": 1, "endDate": "2017-03-31", "totalRevenue": 4425701000, "costOfRevenue": 4412664000, "grossProfit": 13037000, "researchDevelopment": {}, "sellingGeneralAdministrative": 8815000, "nonRecurring": {}, "otherOperatingExpenses": 8020000, "totalOperatingExpenses": 4430099000, "operatingIncome": -4398000, "totalOtherIncomeExpenseNet": 11137000, "ebit": -4398000, "interestExpense": -11190000, "incomeBeforeTax": 6739000, "incomeTaxExpense": 1710000, "minorityInterest": {}, "netIncomeFromContinuingOps": 5029000, "discontinuedOperations": {}, "extraordinaryItems": {}, "effectOfAccountingCharges": {}, "otherItems": {}, "netIncome": 5029000, "netIncomeApplicableToCommonShares": 5029000}], "maxAge": 86400}, "fundOwnership": {"maxAge": 1, "ownershipList": []}, "summaryDetail": {"maxAge": 1, "priceHint": 4, "previousClose": 4.1, "open": 4.1, "dayLow": 3.9, "dayHigh": 4.35, "regularMarketPreviousClose": 4.1, "regularMarketOpen": 4.1, "regularMarketDayLow": 3.9, "regularMarketDayHigh": 4.35, "exDividendDate": "2010-07-26 05:30:00", "payoutRatio": 0.0, "beta": 0.647327, "trailingPE": 31.021898, "volume": 32453, "regularMarketVolume": 32453, "averageVolume": 18209, "averageVolume10days": 13692, "averageDailyVolume10Day": 13692, "bid": 0.0, "ask": 0.0, "bidSize": 0, "askSize": 0, "marketCap": 430724736, "fiftyTwoWeekLow": 2.0, "fiftyTwoWeekHigh": 5.55, "priceToSalesTrailing12Months": 0.13176426, "fiftyDayAverage": 4.287879, "twoHundredDayAverage": 4.1404257, "currency": "INR", "fromCurrency": null, "toCurrency": null, "lastMarket": null, "algorithm": null, "tradeable": false}, "incomeStatementHistoryQuarterly": {"incomeStatementHistory": [{"maxAge": 1, "endDate": "2020-12-31", "totalRevenue": 842904000, "costOfRevenue": 833319000, "grossProfit": 9585000, "researchDevelopment": {}, "sellingGeneralAdministrative": 2505000, "nonRecurring": {}, "otherOperatingExpenses": 6394000, "totalOperatingExpenses": 842453000, "operatingIncome": 451000, "totalOtherIncomeExpenseNet": 1004000, "ebit": 451000, "interestExpense": -1422000, "incomeBeforeTax": 1455000, "incomeTaxExpense": 238000, "minorityInterest": {}, "netIncomeFromContinuingOps": 1217000, "discontinuedOperations": {}, "extraordinaryItems": {}, "effectOfAccountingCharges": {}, "otherItems": {}, "netIncome": 1217000, "netIncomeApplicableToCommonShares": 1217000}, {"maxAge": 1, "endDate": "2020-09-30", "totalRevenue": 688573000, "costOfRevenue": 680978000, "grossProfit": 7595000, "researchDevelopment": {}, "sellingGeneralAdministrative": 2505000, "nonRecurring": {}, "otherOperatingExpenses": 7825000, "totalOperatingExpenses": 691537000, "operatingIncome": -2964000, "totalOtherIncomeExpenseNet": 947000, "ebit": -2964000, "interestExpense": -3207000, "incomeBeforeTax": -2017000, "incomeTaxExpense": 188000, "minorityInterest": {}, "netIncomeFromContinuingOps": -2205000, "discontinuedOperations": {}, "extraordinaryItems": {}, "effectOfAccountingCharges": {}, "otherItems": {}, "netIncome": -2205000, "netIncomeApplicableToCommonShares": -2205000}, {"maxAge": 1, "endDate": "2020-06-30", "totalRevenue": 707833000, "costOfRevenue": 688434000, "grossProfit": 19399000, "researchDevelopment": {}, "sellingGeneralAdministrative": 2510000, "nonRecurring": {}, "otherOperatingExpenses": 7001000, "totalOperatingExpenses": 698171000, "operatingIncome": 9662000, "totalOtherIncomeExpenseNet": -5142000, "ebit": 9662000, "interestExpense": -3525000, "incomeBeforeTax": 4520000, "incomeTaxExpense": 460000, "minorityInterest": {}, "netIncomeFromContinuingOps": 4060000, "discontinuedOperations": {}, "extraordinaryItems": {}, "effectOfAccountingCharges": {}, "otherItems": {}, "netIncome": 4060000, "netIncomeApplicableToCommonShares": 4060000}, {"maxAge": 1, "endDate": "2020-03-31", "totalRevenue": 1029593000, "costOfRevenue": 1012955000, "grossProfit": 16638000, "researchDevelopment": {}, "sellingGeneralAdministrative": -512000, "nonRecurring": {}, "otherOperatingExpenses": 9353000, "totalOperatingExpenses": 1021838000, "operatingIncome": 7755000, "totalOtherIncomeExpenseNet": 3964000, "ebit": 7755000, "interestExpense": -1319000, "incomeBeforeTax": 11719000, "incomeTaxExpense": 704000, "minorityInterest": {}, "netIncomeFromContinuingOps": 11015000, "discontinuedOperations": {}, "extraordinaryItems": {}, "effectOfAccountingCharges": {}, "otherItems": {}, "netIncome": 11015000, "netIncomeApplicableToCommonShares": 11015000}], "maxAge": 86400}, "cashflowStatementHistoryQuarterly": {"cashflowStatements": [{"maxAge": 1, "endDate": "2020-12-31", "netIncome": 1217000, "changeToLiabilities": 0}, {"maxAge": 1, "endDate": "2020-09-30", "netIncome": -2205000, "changeToLiabilities": 0}, {"maxAge": 1, "endDate": "2020-06-30", "netIncome": 4060000, "changeToLiabilities": 0}, {"maxAge": 1, "endDate": "2020-03-31", "netIncome": 11015000, "changeToLiabilities": 0}], "maxAge": 86400}, "insiderHolders": {"holders": [{"maxAge": 1, "name": "Kanani (Alpesh Vinubhai)", "relation": "UNREPORTED", "url": "", "transactionDescription": "Acquisition", "latestTransDate": "2011-12-07", "positionDirect": 560220, "positionDirectDate": "2011-12-07"}, {"maxAge": 1, "name": "Kanani (Harshil Premjibhai)", "relation": "Managing Director", "url": "", "transactionDescription": "Acquisition", "latestTransDate": "2011-12-09", "positionDirect": 11445000, "positionDirectDate": "2011-12-09"}, {"maxAge": 1, "name": "Kanani (Premjibhai Devjibhai)", "relation": "Executive Chairman", "url": "", "transactionDescription": "Sale", "latestTransDate": "2011-12-09", "positionDirect": 1455660, "positionDirectDate": "2011-12-09"}, {"maxAge": 1, "name": "Kanani (Vinubhai Laxmanbhai)", "relation": "Promoter", "url": "", "transactionDescription": "Sale", "latestTransDate": "2011-12-07", "positionDirect": 0, "positionDirectDate": "2011-12-07"}], "maxAge": 1}, "calendarEvents": {"maxAge": 1, "earnings": {"earningsDate": []}, "exDividendDate": "2010-07-26 05:30:00"}, "price": {"maxAge": 1, "regularMarketChangePercent": 0.03658539, "regularMarketChange": 0.1500001, "regularMarketTime": "2021-04-30 15:29:24", "priceHint": 4, "regularMarketPrice": 4.25, "regularMarketDayHigh": 4.35, "regularMarketDayLow": 3.9, "regularMarketVolume": 32453, "averageDailyVolume10Day": 13692, "averageDailyVolume3Month": 18209, "regularMarketPreviousClose": 4.1, "regularMarketSource": "FREE_REALTIME", "regularMarketOpen": 4.1, "exchange": "NSI", "exchangeName": "NSE", "exchangeDataDelayedBy": 15, "marketState": "CLOSED", "quoteType": "EQUITY", "symbol": "KANANIIND.NS", "underlyingSymbol": null, "shortName": "KANANI INDUSTRIES", "longName": "Kanani Industries Limited", "currency": "INR", "quoteSourceName": "Delayed Quote", "currencySymbol": "\u20b9", "fromCurrency": null, "toCurrency": null, "lastMarket": null, "marketCap": 430724736}, "balanceSheetHistory": {"balanceSheetStatements": [{"maxAge": 1, "endDate": "2020-03-31", "cash": 42609000, "netReceivables": 1191941000, "inventory": 307194000, "otherCurrentAssets": 712000, "totalCurrentAssets": 1544132000, "propertyPlantEquipment": 4162000, "otherAssets": 254000, "totalAssets": 1548548000, "accountsPayable": 727905000, "otherCurrentLiab": 1809000, "longTermDebt": 43915000, "totalCurrentLiabilities": 939635000, "totalLiab": 983550000, "commonStock": 98934000, "retainedEarnings": 440818000, "treasuryStock": 25246000, "otherStockholderEquity": 25246000, "totalStockholderEquity": 564998000, "netTangibleAssets": 564998000}, {"maxAge": 1, "endDate": "2019-03-31", "cash": 101938000, "netReceivables": 1091801000, "inventory": 303927000, "otherCurrentAssets": 713000, "totalCurrentAssets": 1500286000, "propertyPlantEquipment": 5548000, "otherAssets": 465000, "totalAssets": 1506299000, "accountsPayable": 604866000, "otherCurrentLiab": 599000, "longTermDebt": 58085000, "totalCurrentLiabilities": 922507000, "totalLiab": 980592000, "commonStock": 98934000, "retainedEarnings": 415198000, "treasuryStock": 11575000, "otherStockholderEquity": 11575000, "totalStockholderEquity": 525707000, "netTangibleAssets": 525707000}, {"maxAge": 1, "endDate": "2018-03-31", "cash": 95392000, "netReceivables": 1228024000, "inventory": 263403000, "otherCurrentAssets": 712000, "totalCurrentAssets": 1591443000, "propertyPlantEquipment": 4576000, "otherAssets": 378000, "totalAssets": 1596397000, "accountsPayable": 744816000, "otherCurrentLiab": 1010000, "longTermDebt": 40404000, "totalCurrentLiabilities": 1058473000, "totalLiab": 1098877000, "commonStock": 98934000, "retainedEarnings": 393406000, "treasuryStock": 5180000, "otherStockholderEquity": 5180000, "totalStockholderEquity": 497520000, "netTangibleAssets": 497520000}, {"maxAge": 1, "endDate": "2017-03-31", "cash": 96714000, "netReceivables": 1210130000, "inventory": 244707000, "otherCurrentAssets": 712000, "totalCurrentAssets": 1556606000, "propertyPlantEquipment": 5257000, "otherAssets": 642000, "totalAssets": 1562505000, "accountsPayable": 783335000, "otherCurrentLiab": 1330000, "longTermDebt": 17185000, "otherLiab": 1000, "totalCurrentLiabilities": 1056390000, "totalLiab": 1073576000, "commonStock": 98934000, "retainedEarnings": 385335000, "treasuryStock": 4660000, "otherStockholderEquity": 4660000, "totalStockholderEquity": 488929000, "netTangibleAssets": 488929000}], "maxAge": 86400}, "financialData": {"maxAge": 86400, "currentPrice": 4.25, "recommendationKey": "none", "totalCash": 50468000, "totalCashPerShare": 0.493, "ebitda": 15378500, "totalDebt": 302564992, "totalRevenue": 3268903936, "debtToEquity": 53.847, "revenuePerShare": 31.827, "grossProfits": 68587000, "earningsGrowth": -0.8, "revenueGrowth": -0.335, "grossMargins": 0.016280001, "ebitdaMargins": 0.0047, "operatingMargins": 0.00456, "profitMargins": 0.0043099998, "financialCurrency": "INR"}}}