{"KANCHI.BO": {"cashflowStatementHistory": {"cashflowStatements": [{"maxAge": 1, "endDate": "2020-03-31", "netIncome": 259463000, "depreciation": 12614000, "changeToNetincome": -23369000, "changeToAccountReceivables": 34895000, "changeToLiabilities": 9872000, "changeToInventory": 33246000, "changeToOperatingActivities": -26449000, "totalCashFromOperatingActivities": 300374000, "capitalExpenditures": -75402000, "otherCashflowsFromInvestingActivities": 2692000, "totalCashflowsFromInvestingActivities": -82520000, "dividendsPaid": -20366000, "netBorrowings": -1224000, "otherCashflowsFromFinancingActivities": 37718000, "totalCashFromFinancingActivities": 16128000, "changeInCash": 233982000}, {"maxAge": 1, "endDate": "2019-03-31", "netIncome": 282755000, "depreciation": 9497000, "changeToNetincome": 1486000, "changeToAccountReceivables": -43967000, "changeToLiabilities": -11939000, "changeToInventory": -35847000, "changeToOperatingActivities": 53576000, "totalCashFromOperatingActivities": 255757000, "capitalExpenditures": -36646000, "otherCashflowsFromInvestingActivities": 1887000, "totalCashflowsFromInvestingActivities": -34442000, "dividendsPaid": -9987000, "netBorrowings": -192468000, "otherCashflowsFromFinancingActivities": 1655000, "totalCashFromFinancingActivities": -200800000, "changeInCash": 20515000}, {"maxAge": 1, "endDate": "2018-03-31", "netIncome": 151802000, "depreciation": 8463000, "changeToNetincome": 31976000, "changeToAccountReceivables": -44079000, "changeToLiabilities": 624000, "changeToInventory": -94271000, "changeToOperatingActivities": -24642000, "totalCashFromOperatingActivities": 29873000, "capitalExpenditures": -85300000, "otherCashflowsFromInvestingActivities": 15962000, "totalCashflowsFromInvestingActivities": -69075000, "dividendsPaid": -7490000, "netBorrowings": 59996000, "otherCashflowsFromFinancingActivities": 5743000, "totalCashFromFinancingActivities": 58249000, "changeInCash": 19047000}, {"maxAge": 1, "endDate": "2017-03-31", "netIncome": 30329000, "depreciation": 6347000, "changeToNetincome": 8368000, "changeToAccountReceivables": -14856000, "changeToLiabilities": 1711000, "changeToInventory": -42024000, "changeToOperatingActivities": 15215000, "totalCashFromOperatingActivities": 5090000, "capitalExpenditures": -39505000, "otherCashflowsFromInvestingActivities": -431000, "totalCashflowsFromInvestingActivities": -39936000, "dividendsPaid": -7482000, "netBorrowings": 36981000, "otherCashflowsFromFinancingActivities": 5496000, "totalCashFromFinancingActivities": 34995000, "changeInCash": 149000}], "maxAge": 86400}, "institutionOwnership": {"ownershipList": [], "maxAge": 1}, "balanceSheetHistoryQuarterly": {"balanceSheetStatements": [{"maxAge": 1, "endDate": "2020-06-30", "totalStockholderEquity": 926927000, "netTangibleAssets": 926927000}, {"maxAge": 1, "endDate": "2020-03-31", "cash": 234026000, "netReceivables": 113179000, "inventory": 233799000, "otherCurrentAssets": 18499000, "totalCurrentAssets": 601380000, "propertyPlantEquipment": 358842000, "otherAssets": 21682000, "totalAssets": 981904000, "accountsPayable": 10722000, "shortLongTermDebt": 280000, "otherCurrentLiab": 6773000, "longTermDebt": 667000, "otherLiab": 3135000, "totalCurrentLiabilities": 41663000, "totalLiab": 54977000, "commonStock": 42591000, "retainedEarnings": 826831000, "treasuryStock": 16607000, "capitalSurplus": 40898000, "otherStockholderEquity": 16607000, "totalStockholderEquity": 926927000, "netTangibleAssets": 926927000}, {"maxAge": 1, "endDate": "2019-12-31", "totalStockholderEquity": 848952000, "netTangibleAssets": 848949000}, {"maxAge": 1, "endDate": "2019-09-30", "cash": 74963000, "shortTermInvestments": 2153000, "netReceivables": 242644000, "inventory": 328380000, "otherCurrentAssets": 260532000, "totalCurrentAssets": 908672000, "propertyPlantEquipment": 311315000, "intangibleAssets": 3000, "otherAssets": 3072000, "totalAssets": 1223062000, "accountsPayable": 23265000, "otherCurrentLiab": 226113000, "longTermDebt": 1076000, "otherLiab": 1846000, "totalCurrentLiabilities": 371188000, "totalLiab": 374110000, "commonStock": 42591000, "treasuryStock": 806361000, "otherStockholderEquity": 806361000, "totalStockholderEquity": 848952000, "netTangibleAssets": 848949000}], "maxAge": 86400}, "indexTrend": {"maxAge": 1, "symbol": "SP5", "peRatio": 19.7411, "pegRatio": 1.34172, "estimates": [{"period": "0q", "growth": 0.549}, {"period": "+1q", "growth": 0.431}, {"period": "0y", "growth": 0.305}, {"period": "+1y", "growth": 0.109}, {"period": "+5y", "growth": 0.120859005}, {"period": "-5y"}]}, "insiderTransactions": {"transactions": [{"maxAge": 1, "shares": 6983, "filerUrl": "", "transactionText": "", "filerName": "Shah (Surendra Kumar)", "filerRelation": "Managing Director", "moneyText": "", "startDate": "2020-03-25", "ownership": "D"}, {"maxAge": 1, "shares": 7885, "filerUrl": "", "transactionText": "", "filerName": "Shah (Surendra Kumar)", "filerRelation": "Managing Director", "moneyText": "", "startDate": "2020-03-18", "ownership": "D"}, {"maxAge": 1, "shares": 32753, "filerUrl": "", "transactionText": "", "filerName": "Jain (Pushpa S)", "filerRelation": "Promoter", "moneyText": "", "startDate": "2019-07-22", "ownership": "D"}, {"maxAge": 1, "shares": 50, "filerUrl": "", "transactionText": "", "filerName": "Bhuvaneswari (V)", "filerRelation": "UNREPORTED", "moneyText": "", "startDate": "2019-01-23", "ownership": "D"}, {"maxAge": 1, "shares": 39200, "filerUrl": "", "transactionText": "", "filerName": "Jain (Pushpa S)", "filerRelation": "Promoter", "moneyText": "", "startDate": "2019-01-23", "ownership": "D"}, {"maxAge": 1, "shares": 50, "filerUrl": "", "transactionText": "", "filerName": "Samundeswari (S)", "filerRelation": "UNREPORTED", "moneyText": "", "startDate": "2019-01-23", "ownership": "D"}], "maxAge": 1}, "quoteType": {"exchange": "BSE", "quoteType": "EQUITY", "symbol": "KANCHI.BO", "underlyingSymbol": "KANCHI.BO", "shortName": "Kanchi Karpooram Ltd.", "longName": "Kanchi Karpooram Limited", "firstTradeDateEpochUtc": "2015-01-15 09:15:00", "timeZoneFullName": "Asia/Kolkata", "timeZoneShortName": "IST", "uuid": "03cc65ac-88f5-3255-9550-75146f5b71e8", "gmtOffSetMilliseconds": 19800000, "maxAge": 1}, "incomeStatementHistory": {"incomeStatementHistory": [{"maxAge": 1, "endDate": "2020-03-31", "totalRevenue": 2028882000, "costOfRevenue": 1456941000, "grossProfit": 571941000, "researchDevelopment": {}, "sellingGeneralAdministrative": 109380000, "nonRecurring": {}, "otherOperatingExpenses": 96740000, "totalOperatingExpenses": 1675676000, "operatingIncome": 353206000, "totalOtherIncomeExpenseNet": -1485000, "ebit": 353206000, "interestExpense": -7608000, "incomeBeforeTax": 351721000, "incomeTaxExpense": 92258000, "minorityInterest": {}, "netIncomeFromContinuingOps": 259463000, "discontinuedOperations": {}, "extraordinaryItems": {}, "effectOfAccountingCharges": {}, "otherItems": {}, "netIncome": 259463000, "netIncomeApplicableToCommonShares": 259463000}, {"maxAge": 1, "endDate": "2019-03-31", "totalRevenue": 1879048000, "costOfRevenue": 1296930000, "grossProfit": 582118000, "researchDevelopment": {}, "sellingGeneralAdministrative": 61734000, "nonRecurring": {}, "otherOperatingExpenses": 78545000, "totalOperatingExpenses": 1446706000, "operatingIncome": 432342000, "totalOtherIncomeExpenseNet": -20236000, "ebit": 432342000, "interestExpense": -17178000, "incomeBeforeTax": 412106000, "incomeTaxExpense": 129351000, "minorityInterest": {}, "netIncomeFromContinuingOps": 282755000, "discontinuedOperations": {}, "extraordinaryItems": {}, "effectOfAccountingCharges": {}, "otherItems": {}, "netIncome": 282755000, "netIncomeApplicableToCommonShares": 282755000}, {"maxAge": 1, "endDate": "2018-03-31", "totalRevenue": 1146212000, "costOfRevenue": 779449000, "grossProfit": 366763000, "researchDevelopment": {}, "sellingGeneralAdministrative": 45782000, "nonRecurring": {}, "otherOperatingExpenses": 71902000, "totalOperatingExpenses": 905596000, "operatingIncome": 240616000, "totalOtherIncomeExpenseNet": -9941000, "ebit": 240616000, "interestExpense": -8964000, "incomeBeforeTax": 230675000, "incomeTaxExpense": 78873000, "minorityInterest": {}, "netIncomeFromContinuingOps": 151802000, "discontinuedOperations": {}, "extraordinaryItems": {}, "effectOfAccountingCharges": {}, "otherItems": {}, "netIncome": 151802000, "netIncomeApplicableToCommonShares": 151802000}, {"maxAge": 1, "endDate": "2017-03-31", "totalRevenue": 586575000, "costOfRevenue": 432649000, "grossProfit": 153926000, "researchDevelopment": {}, "sellingGeneralAdministrative": 32845000, "nonRecurring": {}, "otherOperatingExpenses": 55979000, "totalOperatingExpenses": 527820000, "operatingIncome": 58755000, "totalOtherIncomeExpenseNet": -11781000, "ebit": 58755000, "interestExpense": -12763000, "incomeBeforeTax": 46974000, "incomeTaxExpense": 16645000, "minorityInterest": {}, "netIncomeFromContinuingOps": 30329000, "discontinuedOperations": {}, "extraordinaryItems": {}, "effectOfAccountingCharges": {}, "otherItems": {}, "netIncome": 30329000, "netIncomeApplicableToCommonShares": 30329000}], "maxAge": 86400}, "fundOwnership": {"ownershipList": [], "maxAge": 1}, "summaryDetail": {"maxAge": 1, "priceHint": 2, "previousClose": 993.6, "open": 999.8, "dayLow": 975.3, "dayHigh": 1015.0, "regularMarketPreviousClose": 993.6, "regularMarketOpen": 999.8, "regularMarketDayLow": 975.3, "regularMarketDayHigh": 1015.0, "trailingPE": 18.98821, "volume": 13990, "regularMarketVolume": 13990, "averageVolume": 15440, "averageVolume10days": 13960, "averageDailyVolume10Day": 13960, "bid": 0.0, "ask": 986.45, "bidSize": 0, "askSize": 0, "marketCap": 4069278464, "fiftyTwoWeekLow": 125.0, "fiftyTwoWeekHigh": 1015.0, "fiftyDayAverage": 466.66666, "twoHundredDayAverage": 409.67685, "trailingAnnualDividendRate": 3.0, "trailingAnnualDividendYield": 0.0030193238, "currency": "INR", "fromCurrency": null, "lastMarket": null, "algorithm": null, "tradeable": false}, "incomeStatementHistoryQuarterly": {"incomeStatementHistory": [{"maxAge": 1, "endDate": "2020-06-30", "totalRevenue": 244359000, "costOfRevenue": 145689000, "grossProfit": 98670000, "researchDevelopment": {}, "sellingGeneralAdministrative": 18861000, "nonRecurring": {}, "otherOperatingExpenses": 13697000, "totalOperatingExpenses": 181233000, "operatingIncome": 63126000, "totalOtherIncomeExpenseNet": 2289000, "ebit": 63126000, "interestExpense": -850000, "incomeBeforeTax": 65415000, "incomeTaxExpense": 16377000, "minorityInterest": {}, "netIncomeFromContinuingOps": 49038000, "discontinuedOperations": {}, "extraordinaryItems": {}, "effectOfAccountingCharges": {}, "otherItems": {}, "netIncome": 49038000, "netIncomeApplicableToCommonShares": 49038000}, {"maxAge": 1, "endDate": "2020-03-31", "totalRevenue": 393352000, "costOfRevenue": 318107000, "grossProfit": 75245000, "researchDevelopment": {}, "sellingGeneralAdministrative": 20690000, "nonRecurring": {}, "otherOperatingExpenses": 13581000, "totalOperatingExpenses": 354515000, "operatingIncome": 38837000, "totalOtherIncomeExpenseNet": 734000, "ebit": 38837000, "interestExpense": -1564000, "incomeBeforeTax": 39571000, "incomeTaxExpense": 11733000, "minorityInterest": {}, "netIncomeFromContinuingOps": 27838000, "discontinuedOperations": {}, "extraordinaryItems": {}, "effectOfAccountingCharges": {}, "otherItems": {}, "netIncome": 27838000, "netIncomeApplicableToCommonShares": 27838000}, {"maxAge": 1, "endDate": "2019-12-31", "totalRevenue": 432038000, "costOfRevenue": 322526000, "grossProfit": 109512000, "researchDevelopment": {}, "sellingGeneralAdministrative": 15329000, "nonRecurring": {}, "otherOperatingExpenses": 25588000, "totalOperatingExpenses": 367051000, "operatingIncome": 64987000, "totalOtherIncomeExpenseNet": -716000, "ebit": 64987000, "interestExpense": -1111000, "incomeBeforeTax": 64271000, "incomeTaxExpense": 8343000, "minorityInterest": {}, "netIncomeFromContinuingOps": 55928000, "discontinuedOperations": {}, "extraordinaryItems": {}, "effectOfAccountingCharges": {}, "otherItems": {}, "netIncome": 55928000, "netIncomeApplicableToCommonShares": 55928000}, {"maxAge": 1, "endDate": "2019-09-30", "totalRevenue": 648961000, "costOfRevenue": 432092000, "grossProfit": 216869000, "researchDevelopment": {}, "sellingGeneralAdministrative": 55450000, "nonRecurring": {}, "otherOperatingExpenses": 27600000, "totalOperatingExpenses": 518652000, "operatingIncome": 130309000, "totalOtherIncomeExpenseNet": -956000, "ebit": 130309000, "interestExpense": -4035000, "incomeBeforeTax": 129353000, "incomeTaxExpense": 36346000, "minorityInterest": {}, "netIncomeFromContinuingOps": 93007000, "discontinuedOperations": {}, "extraordinaryItems": {}, "effectOfAccountingCharges": {}, "otherItems": {}, "netIncome": 93007000, "netIncomeApplicableToCommonShares": 93007000}], "maxAge": 86400}, "cashflowStatementHistoryQuarterly": {"cashflowStatements": [{"maxAge": 1, "endDate": "2020-06-30", "netIncome": 49038000, "changeToLiabilities": 0}, {"maxAge": 1, "endDate": "2020-03-31", "netIncome": 27838000, "changeToLiabilities": 0}, {"maxAge": 1, "endDate": "2019-12-31", "netIncome": 55928000, "changeToLiabilities": 0}, {"maxAge": 1, "endDate": "2019-09-30", "netIncome": 93007000, "changeToLiabilities": 0}], "maxAge": 86400}, "insiderHolders": {"holders": [{"maxAge": 1, "name": "Bhuvaneswari (V)", "relation": "UNREPORTED", "url": "", "transactionDescription": "Acquisition", "latestTransDate": "2019-01-23", "positionDirect": 50, "positionDirectDate": "2019-01-23"}, {"maxAge": 1, "name": "Jain (Pushpa S)", "relation": "Promoter", "url": "", "transactionDescription": "Gift", "latestTransDate": "2019-07-22", "positionDirect": 346453, "positionDirectDate": "2019-07-22"}, {"maxAge": 1, "name": "Samundeswari (S)", "relation": "UNREPORTED", "url": "", "transactionDescription": "Acquisition", "latestTransDate": "2019-01-23", "positionDirect": 50, "positionDirectDate": "2019-01-23"}, {"maxAge": 1, "name": "Shah (Surendra Kumar)", "relation": "Managing Director", "url": "", "transactionDescription": "Acquisition", "latestTransDate": "2020-03-25", "positionDirect": 409118, "positionDirectDate": "2020-03-25"}], "maxAge": 1}, "calendarEvents": {"maxAge": 1, "earnings": {"earningsDate": ["2020-09-15 05:30:S"]}}, "upgradeDowngradeHistory": {"history": [], "maxAge": 86400}, "price": {"maxAge": 1, "regularMarketChangePercent": -0.011221783, "regularMarketChange": -11.149963, "regularMarketTime": "2021-04-30 15:42:07", "priceHint": 2, "regularMarketPrice": 982.45, "regularMarketDayHigh": 1015.0, "regularMarketDayLow": 975.3, "regularMarketVolume": 13990, "averageDailyVolume10Day": 13960, "averageDailyVolume3Month": 15440, "regularMarketPreviousClose": 993.6, "regularMarketSource": "FREE_REALTIME", "regularMarketOpen": 999.8, "exchange": "BSE", "exchangeName": "BSE", "exchangeDataDelayedBy": 0, "marketState": "CLOSED", "quoteType": "EQUITY", "symbol": "KANCHI.BO", "underlyingSymbol": null, "shortName": "Kanchi Karpooram Ltd.", "longName": "Kanchi Karpooram Limited", "currency": "INR", "quoteSourceName": "Delayed Quote", "currencySymbol": "\u20b9", "fromCurrency": null, "lastMarket": null, "marketCap": 4069278464}, "balanceSheetHistory": {"balanceSheetStatements": [{"maxAge": 1, "endDate": "2020-03-31", "cash": 234026000, "netReceivables": 113179000, "inventory": 233799000, "otherCurrentAssets": 18499000, "totalCurrentAssets": 601380000, "propertyPlantEquipment": 358842000, "otherAssets": 21682000, "totalAssets": 981904000, "accountsPayable": 10722000, "shortLongTermDebt": 280000, "otherCurrentLiab": 6773000, "longTermDebt": 667000, "otherLiab": 3135000, "totalCurrentLiabilities": 41663000, "totalLiab": 54977000, "commonStock": 42591000, "retainedEarnings": 826831000, "treasuryStock": 16607000, "capitalSurplus": 40898000, "otherStockholderEquity": 16607000, "totalStockholderEquity": 926927000, "netTangibleAssets": 926927000}, {"maxAge": 1, "endDate": "2019-03-31", "cash": 45000, "netReceivables": 147597000, "inventory": 267045000, "otherCurrentAssets": 21796000, "totalCurrentAssets": 437530000, "propertyPlantEquipment": 284958000, "intangibleAssets": 6000, "otherAssets": 16784000, "totalAssets": 739278000, "accountsPayable": 850000, "shortLongTermDebt": 257000, "otherCurrentLiab": 31870000, "longTermDebt": 1892000, "otherLiab": 4715000, "totalCurrentLiabilities": 71234000, "totalLiab": 77841000, "commonStock": 41877000, "retainedEarnings": 587734000, "treasuryStock": 15918000, "capitalSurplus": 15908000, "otherStockholderEquity": 15918000, "totalStockholderEquity": 661437000, "netTangibleAssets": 661431000}, {"maxAge": 1, "endDate": "2018-03-31", "cash": 19525000, "netReceivables": 103924000, "inventory": 232019000, "otherCurrentAssets": 44846000, "totalCurrentAssets": 400314000, "propertyPlantEquipment": 257909000, "intangibleAssets": 8000, "otherAssets": 3543000, "totalAssets": 661774000, "accountsPayable": 12789000, "otherCurrentLiab": 46153000, "otherLiab": 2349000, "totalCurrentLiabilities": 300465000, "totalLiab": 303762000, "commonStock": 41422000, "retainedEarnings": 316590000, "totalStockholderEquity": 358012000, "netTangibleAssets": 358004000}, {"maxAge": 1, "endDate": "2017-03-31", "cash": 476000, "netReceivables": 60477000, "inventory": 137749000, "otherCurrentAssets": 48910000, "totalCurrentAssets": 248618000, "propertyPlantEquipment": 181399000, "otherAssets": 3483000, "totalAssets": 433500000, "accountsPayable": 12166000, "shortLongTermDebt": 788000, "otherCurrentLiab": 16793000, "longTermDebt": 1606000, "otherLiab": 3429000, "totalCurrentLiabilities": 214526000, "totalLiab": 219561000, "commonStock": 41422000, "retainedEarnings": 172517000, "totalStockholderEquity": 213939000, "netTangibleAssets": 213939000}], "maxAge": 86400}, "financialData": {"maxAge": 86400, "currentPrice": 982.45, "recommendationKey": "none", "grossProfits": 571941000, "financialCurrency": "INR"}}}