{"KANORICHEM.BO": {"cashflowStatementHistory": {"cashflowStatements": [{"maxAge": 1, "endDate": "2020-03-31", "netIncome": -257900000, "depreciation": 511130000, "changeToNetincome": -103220000, "changeToAccountReceivables": 103300000, "changeToLiabilities": -82370000, "changeToInventory": 90050000, "totalCashFromOperatingActivities": 310490000, "capitalExpenditures": -471400000, "investments": 204150000, "otherCashflowsFromInvestingActivities": 193390000, "totalCashflowsFromInvestingActivities": -32580000, "dividendsPaid": -32770000, "netBorrowings": 302810000, "otherCashflowsFromFinancingActivities": -380200000, "totalCashFromFinancingActivities": -110160000, "changeInCash": 167750000}, {"maxAge": 1, "endDate": "2019-03-31", "netIncome": -149250000, "depreciation": 439220000, "changeToNetincome": 152090000, "changeToAccountReceivables": -97750000, "changeToLiabilities": 304800000, "changeToInventory": -489570000, "totalCashFromOperatingActivities": 215200000, "capitalExpenditures": -1164610000, "investments": 132470000, "otherCashflowsFromInvestingActivities": 154290000, "totalCashflowsFromInvestingActivities": -858700000, "dividendsPaid": -65540000, "netBorrowings": 692060000, "otherCashflowsFromFinancingActivities": 101960000, "totalCashFromFinancingActivities": 728480000, "changeInCash": 84980000}, {"maxAge": 1, "endDate": "2018-03-31", "netIncome": 140480000, "depreciation": 399000000, "changeToNetincome": -87690000, "changeToAccountReceivables": -377150000, "changeToLiabilities": 511540000, "changeToInventory": -384690000, "totalCashFromOperatingActivities": 268610000, "capitalExpenditures": -771030000, "investments": 407330000, "otherCashflowsFromInvestingActivities": 112470000, "totalCashflowsFromInvestingActivities": -206510000, "dividendsPaid": -65540000, "netBorrowings": 232150000, "otherCashflowsFromFinancingActivities": -276660000, "totalCashFromFinancingActivities": -110050000, "changeInCash": -47950000}, {"maxAge": 1, "endDate": "2017-03-31", "netIncome": -147750000, "depreciation": 388250000, "changeToNetincome": 97410000, "changeToAccountReceivables": -273600000, "changeToLiabilities": 394490000, "changeToInventory": -224700000, "totalCashFromOperatingActivities": 300400000, "capitalExpenditures": -493860000, "investments": 472860000, "otherCashflowsFromInvestingActivities": 70100000, "totalCashflowsFromInvestingActivities": 65010000, "dividendsPaid": -65540000, "netBorrowings": -128410000, "otherCashflowsFromFinancingActivities": -195780000, "totalCashFromFinancingActivities": -389730000, "changeInCash": -24320000}], "maxAge": 86400}, "institutionOwnership": {"maxAge": 1, "ownershipList": []}, "balanceSheetHistoryQuarterly": {"balanceSheetStatements": [{"maxAge": 1, "endDate": "2020-06-30", "totalStockholderEquity": 5685200000, "netTangibleAssets": 5295900000}, {"maxAge": 1, "endDate": "2020-03-31", "cash": 362210000, "netReceivables": 1478870000, "inventory": 1813160000, "otherCurrentAssets": 664980000, "totalCurrentAssets": 4340240000, "longTermInvestments": 234210000, "propertyPlantEquipment": 8705420000, "goodWill": 343650000, "intangibleAssets": 10460000, "otherAssets": 103950000, "totalAssets": 13737930000, "accountsPayable": 1594680000, "shortLongTermDebt": 459990000, "otherCurrentLiab": 166550000, "longTermDebt": 3378320000, "otherLiab": 510260000, "deferredLongTermLiab": 35260000, "minorityInterest": 119930000, "totalCurrentLiabilities": 4044270000, "totalLiab": 7932850000, "commonStock": 218470000, "retainedEarnings": 4824330000, "treasuryStock": 16760000, "capitalSurplus": 625590000, "otherStockholderEquity": 16760000, "totalStockholderEquity": 5685150000, "netTangibleAssets": 5331040000}, {"maxAge": 1, "endDate": "2019-12-31", "totalStockholderEquity": 5801800000, "netTangibleAssets": 5384100000}, {"maxAge": 1, "endDate": "2019-09-30", "cash": 329300000, "shortTermInvestments": 69500000, "netReceivables": 1313400000, "inventory": 1865000000, "otherCurrentAssets": 547700000, "totalCurrentAssets": 4124900000, "longTermInvestments": 323300000, "propertyPlantEquipment": 8605900000, "goodWill": 339000000, "intangibleAssets": 78700000, "otherAssets": 78200000, "totalAssets": 13550000000, "accountsPayable": 1398700000, "otherCurrentLiab": 1041200000, "longTermDebt": 3073600000, "otherLiab": 524600000, "minorityInterest": 125500000, "totalCurrentLiabilities": 4024500000, "totalLiab": 7622700000, "commonStock": 218500000, "treasuryStock": 5583300000, "otherStockholderEquity": 5583300000, "totalStockholderEquity": 5801800000, "netTangibleAssets": 5384100000}], "maxAge": 86400}, "indexTrend": {"maxAge": 1, "symbol": "SP5", "peRatio": 19.7411, "pegRatio": 1.34172, "estimates": [{"period": "0q", "growth": 0.549}, {"period": "+1q", "growth": 0.431}, {"period": "0y", "growth": 0.305}, {"period": "+1y", "growth": 0.109}, {"period": "+5y", "growth": 0.120859005}, {"period": "-5y"}]}, "insiderTransactions": {"transactions": [{"maxAge": 1, "shares": 57000, "filerUrl": "", "transactionText": "", "filerName": "Vardhan Ltd", "filerRelation": "Promoter", "moneyText": "", "startDate": "2017-07-24", "ownership": "D"}, {"maxAge": 1, "shares": 26496, "filerUrl": "", "transactionText": "", "filerName": "Kanoria (Rajya Vardhan)", "filerRelation": "Executive Chairman", "moneyText": "", "startDate": "2016-12-20", "ownership": "D"}, {"maxAge": 1, "shares": 41000, "filerUrl": "", "transactionText": "", "filerName": "Vardhan Ltd", "filerRelation": "Promoter", "moneyText": "", "startDate": "2013-11-28", "ownership": "D"}, {"maxAge": 1, "shares": 100000, "filerUrl": "", "transactionText": "", "filerName": "Vardhan Ltd", "filerRelation": "Promoter", "moneyText": "", "startDate": "2013-11-27", "ownership": "D"}, {"maxAge": 1, "shares": 35000, "filerUrl": "", "transactionText": "", "filerName": "Vardhan Ltd", "filerRelation": "Promoter", "moneyText": "", "startDate": "2013-11-21", "ownership": "D"}, {"maxAge": 1, "shares": 40000, "filerUrl": "", "transactionText": "", "filerName": "Vardhan Ltd", "filerRelation": "Promoter", "moneyText": "", "startDate": "2013-11-19", "ownership": "D"}, {"maxAge": 1, "shares": 40500, "filerUrl": "", "transactionText": "", "filerName": "Vardhan Ltd", "filerRelation": "Promoter", "moneyText": "", "startDate": "2013-11-18", "ownership": "D"}, {"maxAge": 1, "shares": 2856, "filerUrl": "", "transactionText": "", "filerName": "Vardhan Ltd", "filerRelation": "Promoter", "moneyText": "", "startDate": "2013-08-28", "ownership": "D"}, {"maxAge": 1, "shares": 10337, "filerUrl": "", "transactionText": "", "filerName": "Vardhan Ltd", "filerRelation": "Promoter", "moneyText": "", "startDate": "2013-08-23", "ownership": "D"}, {"maxAge": 1, "shares": 25000, "filerUrl": "", "transactionText": "", "filerName": "Vardhan Ltd", "filerRelation": "Promoter", "moneyText": "", "startDate": "2013-08-22", "ownership": "D"}, {"maxAge": 1, "shares": 6001, "filerUrl": "", "transactionText": "", "filerName": "Vardhan Ltd", "filerRelation": "Promoter", "moneyText": "", "startDate": "2013-08-21", "ownership": "D"}, {"maxAge": 1, "shares": 8753, "filerUrl": "", "transactionText": "", "filerName": "Vardhan Ltd", "filerRelation": "Promoter", "moneyText": "", "startDate": "2013-08-20", "ownership": "D"}, {"maxAge": 1, "shares": 7304, "filerUrl": "", "transactionText": "", "filerName": "Vardhan Ltd", "filerRelation": "Promoter", "moneyText": "", "startDate": "2013-08-19", "ownership": "D"}, {"maxAge": 1, "shares": 25000, "filerUrl": "", "transactionText": "", "filerName": "Vardhan Ltd", "filerRelation": "Promoter", "moneyText": "", "startDate": "2013-07-31", "ownership": "D"}, {"maxAge": 1, "shares": 6671, "filerUrl": "", "transactionText": "", "filerName": "Vardhan Ltd", "filerRelation": "Promoter", "moneyText": "", "startDate": "2013-07-30", "ownership": "D"}, {"maxAge": 1, "shares": 1386, "filerUrl": "", "transactionText": "", "filerName": "Vardhan Ltd", "filerRelation": "Promoter", "moneyText": "", "startDate": "2013-07-29", "ownership": "D"}, {"maxAge": 1, "shares": 4674, "filerUrl": "", "transactionText": "", "filerName": "Vardhan Ltd", "filerRelation": "Promoter", "moneyText": "", "startDate": "2013-07-26", "ownership": "D"}, {"maxAge": 1, "shares": 12915, "filerUrl": "", "transactionText": "", "filerName": "Vardhan Ltd", "filerRelation": "Promoter", "moneyText": "", "startDate": "2013-07-25", "ownership": "D"}, {"maxAge": 1, "shares": 14583, "filerUrl": "", "transactionText": "", "filerName": "Vardhan Ltd", "filerRelation": "Promoter", "moneyText": "", "startDate": "2013-07-24", "ownership": "D"}, {"maxAge": 1, "shares": 5310, "filerUrl": "", "transactionText": "", "filerName": "Vardhan Ltd", "filerRelation": "Promoter", "moneyText": "", "startDate": "2013-07-22", "ownership": "D"}, {"maxAge": 1, "shares": 5426, "filerUrl": "", "transactionText": "", "filerName": "Vardhan Ltd", "filerRelation": "Promoter", "moneyText": "", "startDate": "2013-07-12", "ownership": "D"}, {"maxAge": 1, "shares": 1215, "filerUrl": "", "transactionText": "", "filerName": "Vardhan Ltd", "filerRelation": "Promoter", "moneyText": "", "startDate": "2013-07-05", "ownership": "D"}, {"maxAge": 1, "shares": 310, "filerUrl": "", "transactionText": "", "filerName": "Vardhan Ltd", "filerRelation": "Promoter", "moneyText": "", "startDate": "2013-07-04", "ownership": "D"}, {"maxAge": 1, "shares": 6552, "filerUrl": "", "transactionText": "", "filerName": "Vardhan Ltd", "filerRelation": "Promoter", "moneyText": "", "startDate": "2013-07-03", "ownership": "D"}, {"maxAge": 1, "shares": 15000, "filerUrl": "", "transactionText": "", "filerName": "Vellayan (Lalitha)", "filerRelation": "UNREPORTED", "moneyText": "", "startDate": "2013-02-19", "ownership": "D"}, {"maxAge": 1, "shares": 15000, "filerUrl": "", "transactionText": "", "filerName": "Arunachalam (Valli)", "filerRelation": "Director (Non-Executive)", "moneyText": "", "startDate": "2013-02-19", "ownership": "D"}, {"maxAge": 1, "shares": 15000, "filerUrl": "", "transactionText": "", "filerName": "Narayanan (V)", "filerRelation": "UNREPORTED", "moneyText": "", "startDate": "2013-02-19", "ownership": "D"}, {"maxAge": 1, "shares": 3210120, "filerUrl": "", "transactionText": "", "filerName": "R V Investment & Dealers Ltd", "filerRelation": "Promoter", "moneyText": "", "startDate": "2012-12-31", "ownership": "D"}, {"maxAge": 1, "shares": 6102000, "filerUrl": "", "transactionText": "", "filerName": "International Finance Corporation", "filerRelation": "Institution- Corporation", "moneyText": "", "startDate": "2012-12-13", "ownership": "D"}, {"maxAge": 1, "shares": 1000203, "filerUrl": "", "transactionText": "", "filerName": "Ludlow Jute & Specialities Ltd", "filerRelation": "Promoter", "moneyText": "", "startDate": "2011-12-22", "ownership": "D"}, {"maxAge": 1, "shares": 1000203, "filerUrl": "", "transactionText": "", "filerName": "Vardhan Ltd", "filerRelation": "Promoter", "moneyText": "", "startDate": "2011-12-22", "ownership": "D"}], "maxAge": 1}, "quoteType": {"exchange": "BSE", "quoteType": "EQUITY", "symbol": "KANORICHEM.BO", "underlyingSymbol": "KANORICHEM.BO", "shortName": "KANORIA CHEMICALS & INDUSTRIES", "longName": "Kanoria Chemicals & Industries Limited", "firstTradeDateEpochUtc": "2001-09-26 09:15:00", "timeZoneFullName": "Asia/Kolkata", "timeZoneShortName": "IST", "uuid": "c39786f6-b8a9-383c-bfec-70504ca67c08", "messageBoardId": null, "gmtOffSetMilliseconds": 19800000, "maxAge": 1}, "incomeStatementHistory": {"incomeStatementHistory": [{"maxAge": 1, "endDate": "2020-03-31", "totalRevenue": 10046990000, "costOfRevenue": 6910130000, "grossProfit": 3136860000, "researchDevelopment": {}, "sellingGeneralAdministrative": 1637820000, "nonRecurring": {}, "otherOperatingExpenses": 1214730000, "totalOperatingExpenses": 10323310000, "operatingIncome": -276320000, "totalOtherIncomeExpenseNet": -152000000, "ebit": -276320000, "interestExpense": -337950000, "incomeBeforeTax": -428320000, "incomeTaxExpense": -112820000, "minorityInterest": 119930000, "netIncomeFromContinuingOps": -315500000, "discontinuedOperations": {}, "extraordinaryItems": {}, "effectOfAccountingCharges": {}, "otherItems": {}, "netIncome": -257900000, "netIncomeApplicableToCommonShares": -257900000}, {"maxAge": 1, "endDate": "2019-03-31", "totalRevenue": 10717290000, "costOfRevenue": 7322600000, "grossProfit": 3394690000, "researchDevelopment": {}, "sellingGeneralAdministrative": 1566120000, "nonRecurring": {}, "otherOperatingExpenses": 1189720000, "totalOperatingExpenses": 10573320000, "operatingIncome": 143970000, "totalOtherIncomeExpenseNet": -293720000, "ebit": 143970000, "interestExpense": -332650000, "incomeBeforeTax": -149750000, "incomeTaxExpense": 45210000, "minorityInterest": 164030000, "netIncomeFromContinuingOps": -194960000, "discontinuedOperations": {}, "extraordinaryItems": {}, "effectOfAccountingCharges": {}, "otherItems": {}, "netIncome": -149250000, "netIncomeApplicableToCommonShares": -149250000}, {"maxAge": 1, "endDate": "2018-03-31", "totalRevenue": 8367540000, "costOfRevenue": 5681690000, "grossProfit": 2685850000, "researchDevelopment": {}, "sellingGeneralAdministrative": 1356400000, "nonRecurring": {}, "otherOperatingExpenses": 979840000, "totalOperatingExpenses": 8484050000, "operatingIncome": -116510000, "totalOtherIncomeExpenseNet": 212870000, "ebit": -116510000, "interestExpense": -225480000, "incomeBeforeTax": 96360000, "incomeTaxExpense": -19320000, "minorityInterest": 60390000, "netIncomeFromContinuingOps": 115680000, "discontinuedOperations": {}, "extraordinaryItems": {}, "effectOfAccountingCharges": {}, "otherItems": {}, "netIncome": 140480000, "netIncomeApplicableToCommonShares": 140480000}, {"maxAge": 1, "endDate": "2017-03-31", "totalRevenue": 7020290000, "costOfRevenue": 4383470000, "grossProfit": 2636820000, "researchDevelopment": {}, "sellingGeneralAdministrative": 1297330000, "nonRecurring": {}, "otherOperatingExpenses": 1028540000, "totalOperatingExpenses": 7163890000, "operatingIncome": -143600000, "totalOtherIncomeExpenseNet": -173050000, "ebit": -143600000, "interestExpense": -188220000, "incomeBeforeTax": -316650000, "incomeTaxExpense": -79710000, "minorityInterest": 89520000, "netIncomeFromContinuingOps": -236940000, "discontinuedOperations": {}, "extraordinaryItems": {}, "effectOfAccountingCharges": {}, "otherItems": {}, "netIncome": -147750000, "netIncomeApplicableToCommonShares": -147750000}], "maxAge": 86400}, "fundOwnership": {"maxAge": 1, "ownershipList": []}, "summaryDetail": {"maxAge": 1, "priceHint": 2, "previousClose": 127.85, "open": 130.3, "dayLow": 122.1, "dayHigh": 130.3, "regularMarketPreviousClose": 127.85, "regularMarketOpen": 130.3, "regularMarketDayLow": 122.1, "regularMarketDayHigh": 130.3, "volume": 14582, "regularMarketVolume": 14582, "averageVolume": 40597, "averageVolume10days": 72449, "averageDailyVolume10Day": 72449, "bid": 122.15, "ask": 123.25, "bidSize": 0, "askSize": 0, "marketCap": 5393937920, "fiftyTwoWeekLow": 22.0, "fiftyTwoWeekHigh": 130.3, "fiftyDayAverage": 61.694286, "twoHundredDayAverage": 45.71934, "trailingAnnualDividendRate": 0.75, "trailingAnnualDividendYield": 0.0058662496, "currency": "INR", "fromCurrency": null, "toCurrency": null, "lastMarket": null, "algorithm": null, "tradeable": false}, "incomeStatementHistoryQuarterly": {"incomeStatementHistory": [{"maxAge": 1, "endDate": "2020-06-30", "totalRevenue": 1334200000, "costOfRevenue": 885800000, "grossProfit": 448400000, "researchDevelopment": {}, "sellingGeneralAdministrative": 322100000, "nonRecurring": {}, "otherOperatingExpenses": 179900000, "totalOperatingExpenses": 1532100000, "operatingIncome": -197900000, "totalOtherIncomeExpenseNet": -36000000, "ebit": -197900000, "interestExpense": -88100000, "incomeBeforeTax": -233900000, "incomeTaxExpense": -3800000, "minorityInterest": {}, "netIncomeFromContinuingOps": -230100000, "discontinuedOperations": {}, "extraordinaryItems": {}, "effectOfAccountingCharges": {}, "otherItems": {}, "netIncome": -213700000, "netIncomeApplicableToCommonShares": -213700000}, {"maxAge": 1, "endDate": "2020-03-31", "totalRevenue": 2650890000, "costOfRevenue": 1790630000, "grossProfit": 860260000, "researchDevelopment": {}, "sellingGeneralAdministrative": 453320000, "nonRecurring": {}, "otherOperatingExpenses": 231730000, "totalOperatingExpenses": 2623710000, "operatingIncome": 27180000, "totalOtherIncomeExpenseNet": -120000000, "ebit": 27180000, "interestExpense": -74750000, "incomeBeforeTax": -92820000, "incomeTaxExpense": -20000, "minorityInterest": 119930000, "netIncomeFromContinuingOps": -92800000, "discontinuedOperations": {}, "extraordinaryItems": {}, "effectOfAccountingCharges": {}, "otherItems": {}, "netIncome": -79800000, "netIncomeApplicableToCommonShares": -79800000}, {"maxAge": 1, "endDate": "2019-12-31", "totalRevenue": 2347200000, "costOfRevenue": 1587300000, "grossProfit": 759900000, "researchDevelopment": {}, "sellingGeneralAdministrative": 389600000, "nonRecurring": {}, "otherOperatingExpenses": 333200000, "totalOperatingExpenses": 2454700000, "operatingIncome": -107500000, "totalOtherIncomeExpenseNet": 38000000, "ebit": -107500000, "interestExpense": -95000000, "incomeBeforeTax": -69500000, "incomeTaxExpense": -20900000, "minorityInterest": 119930000, "netIncomeFromContinuingOps": -48600000, "discontinuedOperations": {}, "extraordinaryItems": {}, "effectOfAccountingCharges": {}, "otherItems": {}, "netIncome": -37800000, "netIncomeApplicableToCommonShares": -37800000}, {"maxAge": 1, "endDate": "2019-09-30", "totalRevenue": 2485400000, "costOfRevenue": 1790100000, "grossProfit": 695300000, "researchDevelopment": {}, "sellingGeneralAdministrative": 387000000, "nonRecurring": {}, "otherOperatingExpenses": 325700000, "totalOperatingExpenses": 2634500000, "operatingIncome": -149100000, "totalOtherIncomeExpenseNet": -30000000, "ebit": -149100000, "interestExpense": -88000000, "incomeBeforeTax": -179100000, "incomeTaxExpense": -103500000, "minorityInterest": 125500000, "netIncomeFromContinuingOps": -75600000, "discontinuedOperations": {}, "extraordinaryItems": {}, "effectOfAccountingCharges": {}, "otherItems": {}, "netIncome": -60900000, "netIncomeApplicableToCommonShares": -60900000}], "maxAge": 86400}, "cashflowStatementHistoryQuarterly": {"cashflowStatements": [{"maxAge": 1, "endDate": "2020-06-30", "netIncome": -213700000, "changeToLiabilities": 0}, {"maxAge": 1, "endDate": "2020-03-31", "netIncome": -79800000, "changeToLiabilities": 0}, {"maxAge": 1, "endDate": "2019-12-31", "netIncome": -37800000, "changeToLiabilities": 0}, {"maxAge": 1, "endDate": "2019-09-30", "netIncome": -60900000, "changeToLiabilities": 0}], "maxAge": 86400}, "insiderHolders": {"holders": [{"maxAge": 1, "name": "Arunachalam (Valli)", "relation": "Director (Non-Executive)", "url": "", "transactionDescription": "Sale", "latestTransDate": "2013-02-19", "positionDirect": 0, "positionDirectDate": "2013-02-19"}, {"maxAge": 1, "name": "International Finance Corporation", "relation": "Institution- Corporation", "url": "", "transactionDescription": "Sale", "latestTransDate": "2012-12-13", "positionDirect": 0, "positionDirectDate": "2012-12-13"}, {"maxAge": 1, "name": "Kanoria (Rajya Vardhan)", "relation": "Executive Chairman", "url": "", "transactionDescription": "Gift", "latestTransDate": "2016-12-20", "positionDirect": 461481, "positionDirectDate": "2016-12-20"}, {"maxAge": 1, "name": "Ludlow Jute & Specialities Ltd", "relation": "Promoter", "url": "", "transactionDescription": "Sale", "latestTransDate": "2011-12-22", "positionDirect": 0, "positionDirectDate": "2011-12-22"}, {"maxAge": 1, "name": "Narayanan (V)", "relation": "UNREPORTED", "url": "", "transactionDescription": "Sale", "latestTransDate": "2013-02-19", "positionDirect": 0, "positionDirectDate": "2013-02-19"}, {"maxAge": 1, "name": "R V Investment & Dealers Ltd", "relation": "Promoter", "url": "", "transactionDescription": "Acquisition", "latestTransDate": "2012-12-31", "positionDirect": 3210120, "positionDirectDate": "2012-12-31"}, {"maxAge": 1, "name": "Vardhan Ltd", "relation": "Promoter", "url": "", "transactionDescription": "Acquisition", "latestTransDate": "2017-07-24", "positionDirect": 26190872, "positionDirectDate": "2017-07-24"}, {"maxAge": 1, "name": "Vellayan (Lalitha)", "relation": "UNREPORTED", "url": "", "transactionDescription": "Sale", "latestTransDate": "2013-02-19", "positionDirect": 0, "positionDirectDate": "2013-02-19"}], "maxAge": 1}, "calendarEvents": {"maxAge": 1, "earnings": {"earningsDate": []}}, "price": {"maxAge": 1, "regularMarketChangePercent": -0.034415342, "regularMarketChange": -4.4000015, "regularMarketTime": "2021-04-30 15:27:41", "priceHint": 2, "regularMarketPrice": 123.45, "regularMarketDayHigh": 130.3, "regularMarketDayLow": 122.1, "regularMarketVolume": 14582, "averageDailyVolume10Day": 72449, "averageDailyVolume3Month": 40597, "regularMarketPreviousClose": 127.85, "regularMarketSource": "FREE_REALTIME", "regularMarketOpen": 130.3, "exchange": "BSE", "exchangeName": "BSE", "exchangeDataDelayedBy": 0, "marketState": "CLOSED", "quoteType": "EQUITY", "symbol": "KANORICHEM.BO", "underlyingSymbol": null, "shortName": "KANORIA CHEMICALS & INDUSTRIES", "longName": "Kanoria Chemicals & Industries Limited", "currency": "INR", "quoteSourceName": "Delayed Quote", "currencySymbol": "\u20b9", "fromCurrency": null, "toCurrency": null, "lastMarket": null, "marketCap": 5393937920}, "balanceSheetHistory": {"balanceSheetStatements": [{"maxAge": 1, "endDate": "2020-03-31", "cash": 362210000, "netReceivables": 1478870000, "inventory": 1813160000, "otherCurrentAssets": 664980000, "totalCurrentAssets": 4340240000, "longTermInvestments": 234210000, "propertyPlantEquipment": 8705420000, "goodWill": 343650000, "intangibleAssets": 10460000, "otherAssets": 103950000, "totalAssets": 13737930000, "accountsPayable": 1594680000, "shortLongTermDebt": 459990000, "otherCurrentLiab": 166550000, "longTermDebt": 3378320000, "otherLiab": 510260000, "deferredLongTermLiab": 35260000, "minorityInterest": 119930000, "totalCurrentLiabilities": 4044270000, "totalLiab": 7932850000, "commonStock": 218470000, "retainedEarnings": 4824330000, "treasuryStock": 16760000, "capitalSurplus": 625590000, "otherStockholderEquity": 16760000, "totalStockholderEquity": 5685150000, "netTangibleAssets": 5331040000}, {"maxAge": 1, "endDate": "2019-03-31", "cash": 194460000, "netReceivables": 1491430000, "inventory": 1903210000, "otherCurrentAssets": 918910000, "totalCurrentAssets": 4555770000, "longTermInvestments": 427420000, "propertyPlantEquipment": 8485710000, "goodWill": 338120000, "intangibleAssets": 21630000, "otherAssets": 179420000, "totalAssets": 14008070000, "accountsPayable": 1472590000, "shortLongTermDebt": 544520000, "otherCurrentLiab": 279340000, "longTermDebt": 3120810000, "otherLiab": 619180000, "deferredLongTermLiab": 78670000, "minorityInterest": 164030000, "totalCurrentLiabilities": 4119060000, "totalLiab": 7859050000, "commonStock": 218470000, "retainedEarnings": 5256050000, "treasuryStock": -63000000, "capitalSurplus": 573470000, "otherStockholderEquity": -63000000, "totalStockholderEquity": 5984990000, "netTangibleAssets": 5625240000}, {"maxAge": 1, "endDate": "2018-03-31", "cash": 109480000, "netReceivables": 1507490000, "inventory": 1413640000, "otherCurrentAssets": 900990000, "totalCurrentAssets": 3951440000, "longTermInvestments": 608730000, "propertyPlantEquipment": 7649700000, "goodWill": 337370000, "intangibleAssets": 30750000, "otherAssets": 200020000, "totalAssets": 12778010000, "accountsPayable": 1284610000, "shortLongTermDebt": 462500000, "otherCurrentLiab": 206480000, "longTermDebt": 2595010000, "otherLiab": 592790000, "deferredLongTermLiab": 105510000, "minorityInterest": 60390000, "totalCurrentLiabilities": 3650530000, "totalLiab": 6838330000, "commonStock": 218470000, "retainedEarnings": 5539610000, "treasuryStock": -40290000, "capitalSurplus": 161500000, "otherStockholderEquity": -40290000, "totalStockholderEquity": 5879290000, "netTangibleAssets": 5511170000}, {"maxAge": 1, "endDate": "2017-03-31", "cash": 157430000, "netReceivables": 1303700000, "inventory": 1028950000, "otherCurrentAssets": 848280000, "totalCurrentAssets": 3379440000, "longTermInvestments": 960870000, "propertyPlantEquipment": 7187260000, "goodWill": 335210000, "intangibleAssets": 36640000, "otherAssets": 195290000, "totalAssets": 12094710000, "accountsPayable": 914110000, "shortLongTermDebt": 394470000, "otherCurrentLiab": 233450000, "longTermDebt": 2656480000, "otherLiab": 642200000, "deferredLongTermLiab": 131780000, "minorityInterest": 89520000, "totalCurrentLiabilities": 2905900000, "totalLiab": 6204580000, "commonStock": 218470000, "retainedEarnings": 5488370000, "treasuryStock": -67730000, "capitalSurplus": 161500000, "otherStockholderEquity": -67730000, "totalStockholderEquity": 5800610000, "netTangibleAssets": 5428760000}], "maxAge": 86400}, "financialData": {"maxAge": 86400, "currentPrice": 123.45, "recommendationKey": "none", "grossProfits": 3136860000, "financialCurrency": "INR"}}}