{"KANPRPLA.BO": {"recommendationTrend": {"trend": [{"period": "0m", "strongBuy": 0, "buy": 0, "hold": 0, "sell": 0, "strongSell": 0}, {"period": "-1m", "strongBuy": 0, "buy": 0, "hold": 0, "sell": 0, "strongSell": 0}, {"period": "-2m", "strongBuy": 0, "buy": 0, "hold": 0, "sell": 0, "strongSell": 0}, {"period": "-3m", "strongBuy": 0, "buy": 0, "hold": 0, "sell": 0, "strongSell": 0}], "maxAge": 86400}, "cashflowStatementHistory": {"cashflowStatements": [{"maxAge": 1, "endDate": "2020-03-31", "netIncome": 49304000, "depreciation": 88814000, "changeToNetincome": 117023000, "changeToAccountReceivables": 80163000, "changeToLiabilities": -16634000, "changeToInventory": 37608000, "changeToOperatingActivities": 52465000, "totalCashFromOperatingActivities": 408743000, "capitalExpenditures": -91151000, "investments": 60597000, "otherCashflowsFromInvestingActivities": 6860000, "totalCashflowsFromInvestingActivities": -8445000, "dividendsPaid": -25763000, "netBorrowings": -273002000, "otherCashflowsFromFinancingActivities": -103507000, "totalCashFromFinancingActivities": -402272000, "changeInCash": -1974000}, {"maxAge": 1, "endDate": "2019-03-31", "netIncome": 162012000, "depreciation": 66862000, "changeToNetincome": 83616000, "changeToAccountReceivables": 115126000, "changeToLiabilities": -16147000, "changeToInventory": -114076000, "changeToOperatingActivities": -39987000, "totalCashFromOperatingActivities": 257406000, "capitalExpenditures": -590950000, "investments": -23500000, "otherCashflowsFromInvestingActivities": 13279000, "totalCashflowsFromInvestingActivities": -598507000, "dividendsPaid": -25771000, "netBorrowings": 379766000, "otherCashflowsFromFinancingActivities": -101137000, "totalCashFromFinancingActivities": 341872000, "changeInCash": 771000, "issuanceOfStock": 89014000}, {"maxAge": 1, "endDate": "2018-03-31", "netIncome": 159213000, "depreciation": 41064000, "changeToNetincome": 57506000, "changeToAccountReceivables": -58304000, "changeToLiabilities": 41216000, "changeToInventory": -4917000, "changeToOperatingActivities": 51750000, "totalCashFromOperatingActivities": 287528000, "capitalExpenditures": -416059000, "investments": 30406000, "otherCashflowsFromInvestingActivities": 9932000, "totalCashflowsFromInvestingActivities": -375721000, "dividendsPaid": -21490000, "netBorrowings": 97591000, "otherCashflowsFromFinancingActivities": -72445000, "totalCashFromFinancingActivities": 93198000, "changeInCash": 5005000, "issuanceOfStock": 89542000}, {"maxAge": 1, "endDate": "2017-03-31", "netIncome": 144631000, "depreciation": 41886000, "changeToNetincome": 62044000, "changeToAccountReceivables": -75388000, "changeToLiabilities": -11585000, "changeToInventory": -108268000, "changeToOperatingActivities": 12258000, "totalCashFromOperatingActivities": 65578000, "capitalExpenditures": -98785000, "investments": -59646000, "otherCashflowsFromInvestingActivities": 11213000, "totalCashflowsFromInvestingActivities": -144653000, "dividendsPaid": -4776000, "netBorrowings": 149687000, "otherCashflowsFromFinancingActivities": -68366000, "totalCashFromFinancingActivities": 76545000, "changeInCash": -2530000, "issuanceOfStock": 89542000}], "maxAge": 86400}, "institutionOwnership": {"ownershipList": [], "maxAge": 1}, "balanceSheetHistoryQuarterly": {"balanceSheetStatements": [{"maxAge": 1, "endDate": "2020-06-30", "totalStockholderEquity": 1285680000, "netTangibleAssets": 1285680000}, {"maxAge": 1, "endDate": "2020-03-31", "cash": 244000, "shortTermInvestments": 2374000, "netReceivables": 443325000, "inventory": 479992000, "otherCurrentAssets": 27822000, "totalCurrentAssets": 965142000, "propertyPlantEquipment": 1643322000, "otherAssets": 39471000, "totalAssets": 2647935000, "accountsPayable": 56686000, "shortLongTermDebt": 98900000, "otherCurrentLiab": 33921000, "longTermDebt": 546805000, "otherLiab": 150082000, "totalCurrentLiabilities": 658329000, "totalLiab": 1362255000, "commonStock": 143125000, "retainedEarnings": 971776000, "treasuryStock": 20071000, "capitalSurplus": 150708000, "otherStockholderEquity": 20071000, "totalStockholderEquity": 1285680000, "netTangibleAssets": 1285680000}, {"maxAge": 1, "endDate": "2019-12-31", "totalStockholderEquity": 1266655000, "netTangibleAssets": 1266655000}, {"maxAge": 1, "endDate": "2019-09-30", "cash": 15995000, "shortTermInvestments": 30416000, "netReceivables": 406658000, "inventory": 560796000, "otherCurrentAssets": 76177000, "totalCurrentAssets": 1090042000, "longTermInvestments": 29365000, "propertyPlantEquipment": 1656422000, "otherAssets": 299000, "totalAssets": 2776128000, "accountsPayable": 66803000, "otherCurrentLiab": 196079000, "longTermDebt": 542899000, "otherLiab": 151242000, "totalCurrentLiabilities": 815332000, "totalLiab": 1509473000, "commonStock": 143196000, "treasuryStock": 1123459000, "otherStockholderEquity": 1123459000, "totalStockholderEquity": 1266655000, "netTangibleAssets": 1266655000}], "maxAge": 86400}, "earningsHistory": {"history": [{"maxAge": 1, "epsActual": {}, "epsEstimate": {}, "epsDifference": {}, "surprisePercent": {}, "quarter": {}, "period": "-4q"}, {"maxAge": 1, "epsActual": 2.01, "epsEstimate": 3.01, "epsDifference": -1.0, "surprisePercent": -0.33200002, "quarter": "2017-03-31", "period": "-3q"}, {"maxAge": 1, "epsActual": 2.71, "epsEstimate": 2.57, "epsDifference": 0.14, "surprisePercent": 0.054, "quarter": "2017-09-30", "period": "-2q"}, {"maxAge": 1, "epsActual": 4.89, "epsEstimate": 4.16, "epsDifference": 0.73, "surprisePercent": 0.175, "quarter": "2018-03-31", "period": "-1q"}], "maxAge": 86400}, "indexTrend": {"maxAge": 1, "symbol": "SP5", "peRatio": 19.7411, "pegRatio": 1.34172, "estimates": [{"period": "0q", "growth": 0.549}, {"period": "+1q", "growth": 0.431}, {"period": "0y", "growth": 0.305}, {"period": "+1y", "growth": 0.109}, {"period": "+5y", "growth": 0.120865}, {"period": "-5y"}]}, "industryTrend": {"maxAge": 1, "symbol": null, "estimates": []}, "insiderTransactions": {"transactions": [{"maxAge": 1, "shares": 4000, "filerUrl": "", "transactionText": "", "filerName": "Shashank Private Family Trust", "filerRelation": "Promoter", "moneyText": "", "startDate": "2020-03-31", "ownership": "D"}, {"maxAge": 1, "shares": 21002, "filerUrl": "", "transactionText": "", "filerName": "MA Private Family Trust.", "filerRelation": "Promoter", "moneyText": "", "startDate": "2020-03-30", "ownership": "D"}, {"maxAge": 1, "shares": 12000, "filerUrl": "", "transactionText": "", "filerName": "Ua Private Family Trust", "filerRelation": "Promoter", "moneyText": "", "startDate": "2020-03-16", "ownership": "D"}, {"maxAge": 1, "shares": 12500, "filerUrl": "", "transactionText": "", "filerName": "Ua Private Family Trust", "filerRelation": "Promoter", "moneyText": "", "startDate": "2019-12-31", "ownership": "D"}, {"maxAge": 1, "shares": 13350, "filerUrl": "", "transactionText": "", "filerName": "Shashank Private Family Trust", "filerRelation": "Promoter", "moneyText": "", "startDate": "2019-12-24", "ownership": "D"}, {"maxAge": 1, "shares": 10000, "filerUrl": "", "transactionText": "", "filerName": "MA Private Family Trust.", "filerRelation": "Institution- Corporation", "moneyText": "", "startDate": "2019-12-10", "ownership": "D"}, {"maxAge": 1, "shares": 10250, "filerUrl": "", "transactionText": "", "filerName": "MSA Investment & Trading Company Pvt Ltd", "filerRelation": "Promoter", "moneyText": "", "startDate": "2019-09-24", "ownership": "D"}, {"maxAge": 1, "shares": 1000, "filerUrl": "", "transactionText": "", "filerName": "Agarwal (Manoj)", "filerRelation": "UNREPORTED", "moneyText": "", "startDate": "2019-06-11", "ownership": "D"}, {"maxAge": 1, "shares": 1000, "filerUrl": "", "transactionText": "", "filerName": "Agarwal (Usha)", "filerRelation": "UNREPORTED", "moneyText": "", "startDate": "2019-06-11", "ownership": "D"}, {"maxAge": 1, "shares": 1275281, "filerUrl": "", "transactionText": "", "filerName": "Agarwal (Mahesh Swarup)", "filerRelation": "Chairman Emeritus", "moneyText": "", "startDate": "2019-03-26", "ownership": "D"}, {"maxAge": 1, "shares": 150000, "filerUrl": "", "transactionText": "", "filerName": "Agarwal (Usha)", "filerRelation": "Promoter", "moneyText": "", "startDate": "2019-03-26", "ownership": "D"}, {"maxAge": 1, "shares": 212324, "filerUrl": "", "transactionText": "", "filerName": "Agarwal (Manjari)", "filerRelation": "Promoter", "moneyText": "", "startDate": "2019-03-26", "ownership": "D"}, {"maxAge": 1, "shares": 200000, "filerUrl": "", "transactionText": "", "filerName": "Agarwal (Manoj)", "filerRelation": "Managing Director", "moneyText": "", "startDate": "2019-03-26", "ownership": "D"}, {"maxAge": 1, "shares": 200000, "filerUrl": "", "transactionText": "", "filerName": "Agarwal (Shashank)", "filerRelation": "Director (Executive)", "moneyText": "", "startDate": "2019-03-26", "ownership": "D"}, {"maxAge": 1, "shares": 500, "filerUrl": "", "transactionText": "", "filerName": "Agarwal (Manoj)", "filerRelation": "Managing Director", "moneyText": "", "startDate": "2019-02-19", "ownership": "D"}, {"maxAge": 1, "shares": 576126, "filerUrl": "", "transactionText": "", "filerName": "Agarwal (Shashank)", "filerRelation": "Director (Executive)", "moneyText": "", "startDate": "2019-02-18", "ownership": "D"}, {"maxAge": 1, "shares": 4000, "filerUrl": "", "transactionText": "", "filerName": "Agarwal (Manoj)", "filerRelation": "Managing Director", "moneyText": "", "startDate": "2018-10-08", "ownership": "D"}, {"maxAge": 1, "shares": 21573, "filerUrl": "", "transactionText": "", "filerName": "Goenka (Pradeep Kumar)", "filerRelation": "Director (Non-Executive)", "moneyText": "", "startDate": "2015-11-27", "ownership": "D"}, {"maxAge": 1, "shares": 24689, "filerUrl": "", "transactionText": "", "filerName": "Goenka (Pradeep Kumar)", "filerRelation": "Director (Non-Executive)", "moneyText": "", "startDate": "2015-11-26", "ownership": "D"}, {"maxAge": 1, "shares": 2859, "filerUrl": "", "transactionText": "", "filerName": "Kumar (Subodh)", "filerRelation": "UNREPORTED", "moneyText": "", "startDate": "2015-08-31", "ownership": "D"}, {"maxAge": 1, "shares": 3892, "filerUrl": "", "transactionText": "", "filerName": "Kumar (Subodh)", "filerRelation": "UNREPORTED", "moneyText": "", "startDate": "2015-08-25", "ownership": "D"}, {"maxAge": 1, "shares": 54900, "filerUrl": "", "transactionText": "", "filerName": "Goenka (Pradeep Kumar)", "filerRelation": "Director (Non-Executive)", "moneyText": "", "startDate": "2015-08-17", "ownership": "D"}, {"maxAge": 1, "shares": 127535, "filerUrl": "", "transactionText": "", "filerName": "Agarwal (Manjari)", "filerRelation": "Promoter", "moneyText": "", "startDate": "2015-06-15", "ownership": "D"}, {"maxAge": 1, "shares": 127535, "filerUrl": "", "transactionText": "", "filerName": "Agarwal (Mahesh Swarup)", "filerRelation": "Chairman Emeritus", "moneyText": "", "startDate": "2015-06-15", "ownership": "D"}, {"maxAge": 1, "shares": 3449, "filerUrl": "", "transactionText": "", "filerName": "Goenka (Pradeep Kumar)", "filerRelation": "Director (Non-Executive)", "moneyText": "", "startDate": "2015-03-13", "ownership": "D"}, {"maxAge": 1, "shares": 4997, "filerUrl": "", "transactionText": "", "filerName": "Goenka (Pradeep Kumar)", "filerRelation": "Director (Non-Executive)", "moneyText": "", "startDate": "2015-02-28", "ownership": "D"}, {"maxAge": 1, "shares": 14332, "filerUrl": "", "transactionText": "", "filerName": "Goenka (Pradeep Kumar)", "filerRelation": "Director (Non-Executive)", "moneyText": "", "startDate": "2015-02-11", "ownership": "D"}, {"maxAge": 1, "shares": 2116, "filerUrl": "", "transactionText": "", "filerName": "Goenka (Pradeep Kumar)", "filerRelation": "Director (Non-Executive)", "moneyText": "", "startDate": "2014-11-07", "ownership": "D"}, {"maxAge": 1, "shares": 10562, "filerUrl": "", "transactionText": "", "filerName": "Goenka (Pradeep Kumar)", "filerRelation": "Director (Non-Executive)", "moneyText": "", "startDate": "2014-09-23", "ownership": "D"}, {"maxAge": 1, "shares": 10100, "filerUrl": "", "transactionText": "", "filerName": "Goenka (Pradeep Kumar)", "filerRelation": "Director (Non-Executive)", "moneyText": "", "startDate": "2014-09-17", "ownership": "D"}, {"maxAge": 1, "shares": 453160, "filerUrl": "", "transactionText": "", "filerName": "Agarwal (Santosh)", "filerRelation": "Director (Non-Executive)", "moneyText": "", "startDate": "2010-09-07", "ownership": "D"}, {"maxAge": 1, "shares": 253160, "filerUrl": "", "transactionText": "", "filerName": "Agarwal (Shashank)", "filerRelation": "Director", "moneyText": "", "startDate": "2010-09-07", "ownership": "D"}], "maxAge": 1}, "quoteType": {"exchange": "BSE", "quoteType": "EQUITY", "symbol": "KANPRPLA.BO", "underlyingSymbol": "KANPRPLA.BO", "shortName": "KANPUR PLASTIPACK LTD.", "longName": "Kanpur Plastipack Limited", "firstTradeDateEpochUtc": "2000-01-03 09:15:00", "timeZoneFullName": "Asia/Kolkata", "timeZoneShortName": "IST", "uuid": "6f58f3d3-13d9-372b-934d-4ca595491940", "gmtOffSetMilliseconds": 19800000, "maxAge": 1}, "incomeStatementHistory": {"incomeStatementHistory": [{"maxAge": 1, "endDate": "2020-03-31", "totalRevenue": 3191504000, "costOfRevenue": 1920184000, "grossProfit": 1271320000, "researchDevelopment": {}, "sellingGeneralAdministrative": 350522000, "nonRecurring": {}, "otherOperatingExpenses": 696553000, "totalOperatingExpenses": 3055585000, "operatingIncome": 135919000, "totalOtherIncomeExpenseNet": -72777000, "ebit": 135919000, "interestExpense": -93092000, "incomeBeforeTax": 63142000, "incomeTaxExpense": 13838000, "minorityInterest": {}, "netIncomeFromContinuingOps": 49304000, "discontinuedOperations": {}, "extraordinaryItems": {}, "effectOfAccountingCharges": {}, "otherItems": {}, "netIncome": 49304000, "netIncomeApplicableToCommonShares": 49304000}, {"maxAge": 1, "endDate": "2019-03-31", "totalRevenue": 3272829000, "costOfRevenue": 1988211000, "grossProfit": 1284618000, "researchDevelopment": {}, "sellingGeneralAdministrative": 332075000, "nonRecurring": {}, "otherOperatingExpenses": 641859000, "totalOperatingExpenses": 3029007000, "operatingIncome": 243822000, "totalOtherIncomeExpenseNet": -27212000, "ebit": 243822000, "interestExpense": -78098000, "incomeBeforeTax": 216610000, "incomeTaxExpense": 54598000, "minorityInterest": {}, "netIncomeFromContinuingOps": 162012000, "discontinuedOperations": {}, "extraordinaryItems": {}, "effectOfAccountingCharges": {}, "otherItems": {}, "netIncome": 162012000, "netIncomeApplicableToCommonShares": 162012000}, {"maxAge": 1, "endDate": "2018-03-31", "totalRevenue": 2836728000, "costOfRevenue": 1596903000, "grossProfit": 1239825000, "researchDevelopment": {}, "sellingGeneralAdministrative": 289663000, "nonRecurring": {}, "otherOperatingExpenses": 616716000, "totalOperatingExpenses": 2544346000, "operatingIncome": 292382000, "totalOtherIncomeExpenseNet": -48909000, "ebit": 292382000, "interestExpense": -54362000, "incomeBeforeTax": 243473000, "incomeTaxExpense": 84260000, "minorityInterest": {}, "netIncomeFromContinuingOps": 159213000, "discontinuedOperations": {}, "extraordinaryItems": {}, "effectOfAccountingCharges": {}, "otherItems": {}, "netIncome": 159213000, "netIncomeApplicableToCommonShares": 159213000}, {"maxAge": 1, "endDate": "2017-03-31", "totalRevenue": 2451015000, "costOfRevenue": 1310787000, "grossProfit": 1140228000, "researchDevelopment": {}, "sellingGeneralAdministrative": 227731000, "nonRecurring": {}, "otherOperatingExpenses": 580302000, "totalOperatingExpenses": 2160224000, "operatingIncome": 290791000, "totalOtherIncomeExpenseNet": -59420000, "ebit": 290791000, "interestExpense": -55419000, "incomeBeforeTax": 231371000, "incomeTaxExpense": 86740000, "minorityInterest": {}, "netIncomeFromContinuingOps": 144631000, "discontinuedOperations": {}, "extraordinaryItems": {}, "effectOfAccountingCharges": {}, "otherItems": {}, "netIncome": 144631000, "netIncomeApplicableToCommonShares": 144631000}], "maxAge": 86400}, "fundOwnership": {"ownershipList": [], "maxAge": 1}, "summaryDetail": {"maxAge": 1, "priceHint": 2, "previousClose": 143.25, "open": 142.25, "dayLow": 142.25, "dayHigh": 150.75, "regularMarketPreviousClose": 143.25, "regularMarketOpen": 142.25, "regularMarketDayLow": 142.25, "regularMarketDayHigh": 150.75, "trailingPE": 28.820324, "forwardPE": 9.613637, "volume": 11838, "regularMarketVolume": 11838, "averageVolume": 14936, "averageVolume10days": 2135, "averageDailyVolume10Day": 2135, "bid": 145.0, "ask": 152.4, "bidSize": 0, "askSize": 0, "marketCap": 2472479488, "fiftyTwoWeekLow": 35.0, "fiftyTwoWeekHigh": 150.75, "fiftyDayAverage": 122.412125, "twoHundredDayAverage": 103.43346, "trailingAnnualDividendRate": 0.6, "trailingAnnualDividendYield": 0.0041884817, "currency": "INR", "fromCurrency": null, "lastMarket": null, "algorithm": null, "tradeable": false}, "sectorTrend": {"maxAge": 1, "symbol": null, "estimates": []}, "incomeStatementHistoryQuarterly": {"incomeStatementHistory": [{"maxAge": 1, "endDate": "2020-06-30", "totalRevenue": 779170000, "costOfRevenue": 385604000, "grossProfit": 393566000, "researchDevelopment": {}, "sellingGeneralAdministrative": 88902000, "nonRecurring": {}, "otherOperatingExpenses": 197887000, "totalOperatingExpenses": 694503000, "operatingIncome": 84667000, "totalOtherIncomeExpenseNet": -20107000, "ebit": 84667000, "interestExpense": -20107000, "incomeBeforeTax": 64560000, "incomeTaxExpense": 26129000, "minorityInterest": {}, "netIncomeFromContinuingOps": 38431000, "discontinuedOperations": {}, "extraordinaryItems": {}, "effectOfAccountingCharges": {}, "otherItems": {}, "netIncome": 38431000, "netIncomeApplicableToCommonShares": 38431000}, {"maxAge": 1, "endDate": "2020-03-31", "totalRevenue": 819225000, "costOfRevenue": 563502000, "grossProfit": 255723000, "researchDevelopment": {}, "sellingGeneralAdministrative": 87440000, "nonRecurring": {}, "otherOperatingExpenses": 151675000, "totalOperatingExpenses": 824304000, "operatingIncome": -5079000, "totalOtherIncomeExpenseNet": 5428000, "ebit": -5079000, "interestExpense": -14887000, "incomeBeforeTax": 349000, "incomeTaxExpense": -4440000, "minorityInterest": {}, "netIncomeFromContinuingOps": 4789000, "discontinuedOperations": {}, "extraordinaryItems": {}, "effectOfAccountingCharges": {}, "otherItems": {}, "netIncome": 4789000, "netIncomeApplicableToCommonShares": 4789000}, {"maxAge": 1, "endDate": "2019-12-31", "totalRevenue": 789619000, "costOfRevenue": 446053000, "grossProfit": 343566000, "researchDevelopment": {}, "sellingGeneralAdministrative": 88007000, "nonRecurring": {}, "otherOperatingExpenses": 188762000, "totalOperatingExpenses": 745045000, "operatingIncome": 44574000, "totalOtherIncomeExpenseNet": -25172000, "ebit": 44574000, "interestExpense": -25172000, "incomeBeforeTax": 19402000, "incomeTaxExpense": 5197000, "minorityInterest": {}, "netIncomeFromContinuingOps": 14205000, "discontinuedOperations": {}, "extraordinaryItems": {}, "effectOfAccountingCharges": {}, "otherItems": {}, "netIncome": 14205000, "netIncomeApplicableToCommonShares": 14205000}, {"maxAge": 1, "endDate": "2019-09-30", "totalRevenue": 802590000, "costOfRevenue": 466994000, "grossProfit": 335596000, "researchDevelopment": {}, "sellingGeneralAdministrative": 90264000, "nonRecurring": {}, "otherOperatingExpenses": 176869000, "totalOperatingExpenses": 756420000, "operatingIncome": 46170000, "totalOtherIncomeExpenseNet": -23146000, "ebit": 46170000, "interestExpense": -23146000, "incomeBeforeTax": 23024000, "incomeTaxExpense": 6860000, "minorityInterest": {}, "netIncomeFromContinuingOps": 16164000, "discontinuedOperations": {}, "extraordinaryItems": {}, "effectOfAccountingCharges": {}, "otherItems": {}, "netIncome": 16164000, "netIncomeApplicableToCommonShares": 16164000}], "maxAge": 86400}, "cashflowStatementHistoryQuarterly": {"cashflowStatements": [{"maxAge": 1, "endDate": "2020-06-30", "netIncome": 38431000, "changeToLiabilities": 0}, {"maxAge": 1, "endDate": "2020-03-31", "netIncome": 4789000, "changeToLiabilities": 0}, {"maxAge": 1, "endDate": "2019-12-31", "netIncome": 14205000, "changeToLiabilities": 0}, {"maxAge": 1, "endDate": "2019-09-30", "netIncome": 16164000, "changeToLiabilities": 0}], "maxAge": 86400}, "insiderHolders": {"holders": [{"maxAge": 1, "name": "Agarwal (Mahesh Swarup)", "relation": "Chairman Emeritus", "url": "", "transactionDescription": "Other", "latestTransDate": "2019-03-26", "positionDirect": 2542401, "positionDirectDate": "2019-03-26"}, {"maxAge": 1, "name": "Agarwal (Manjari)", "relation": "Promoter", "url": "", "transactionDescription": "Other", "latestTransDate": "2019-03-26", "positionDirect": 339859, "positionDirectDate": "2019-03-26"}, {"maxAge": 1, "name": "Agarwal (Manoj)", "relation": "UNREPORTED", "url": "", "transactionDescription": "Acquisition", "latestTransDate": "2019-06-11", "positionDirect": 1352523, "positionDirectDate": "2019-06-11"}, {"maxAge": 1, "name": "Agarwal (Shashank)", "relation": "Director (Executive)", "url": "", "transactionDescription": "Other", "latestTransDate": "2019-03-26", "positionDirect": 1090564, "positionDirectDate": "2019-03-26"}, {"maxAge": 1, "name": "Agarwal (Usha)", "relation": "UNREPORTED", "url": "", "transactionDescription": "Acquisition", "latestTransDate": "2019-06-11", "positionDirect": 2009866, "positionDirectDate": "2019-06-11"}, {"maxAge": 1, "name": "Goenka (Pradeep Kumar)", "relation": "Director (Non-Executive)", "url": "", "transactionDescription": "Sale", "latestTransDate": "2015-11-27", "positionDirect": 8638, "positionDirectDate": "2015-11-27"}, {"maxAge": 1, "name": "MA Private Family Trust.", "relation": "Promoter", "url": "", "transactionDescription": "Acquisition", "latestTransDate": "2020-03-30", "positionDirect": 31002, "positionDirectDate": "2020-03-30"}, {"maxAge": 1, "name": "MSA Investment & Trading Company Pvt Ltd", "relation": "Promoter", "url": "", "transactionDescription": "Acquisition", "latestTransDate": "2019-09-24", "positionDirect": 948126, "positionDirectDate": "2019-09-24"}, {"maxAge": 1, "name": "Shashank Private Family Trust", "relation": "Promoter", "url": "", "transactionDescription": "Acquisition", "latestTransDate": "2020-03-31", "positionDirect": 17350, "positionDirectDate": "2020-03-31"}, {"maxAge": 1, "name": "Ua Private Family Trust", "relation": "Promoter", "url": "", "transactionDescription": "Acquisition", "latestTransDate": "2020-03-16", "positionDirect": 24500, "positionDirectDate": "2020-03-16"}], "maxAge": 1}, "earnings": {"maxAge": 86400, "earningsChart": {"quarterly": [{"date": "1Q2017", "actual": 2.01, "estimate": 3.01}, {"date": "3Q2017", "actual": 2.71, "estimate": 2.57}, {"date": "1Q2018", "actual": 4.89, "estimate": 4.16}], "currentQuarterEstimateDate": "2Q", "currentQuarterEstimateYear": 2018, "earningsDate": []}, "financialsChart": {"yearly": [{"date": 2017, "revenue": 2451015000, "earnings": 144631000}, {"date": 2018, "revenue": 2836728000, "earnings": 159213000}, {"date": 2019, "revenue": 3272829000, "earnings": 162012000}, {"date": 2020, "revenue": 3191504000, "earnings": 49304000}], "quarterly": [{"date": "3Q2019", "revenue": 802590000, "earnings": 16164000}, {"date": "4Q2019", "revenue": 789619000, "earnings": 14205000}, {"date": "1Q2020", "revenue": 819225000, "earnings": 4789000}, {"date": "2Q2020", "revenue": 779170000, "earnings": 38431000}]}, "financialCurrency": "INR"}, "calendarEvents": {"maxAge": 1, "earnings": {"earningsDate": [], "revenueAverage": 726981000}}, "upgradeDowngradeHistory": {"history": [], "maxAge": 86400}, "price": {"maxAge": 1, "regularMarketChangePercent": 0.033507876, "regularMarketChange": 4.800003, "regularMarketTime": "2021-04-30 15:50:39", "priceHint": 2, "regularMarketPrice": 148.05, "regularMarketDayHigh": 150.75, "regularMarketDayLow": 142.25, "regularMarketVolume": 11838, "averageDailyVolume10Day": 2135, "averageDailyVolume3Month": 14936, "regularMarketPreviousClose": 143.25, "regularMarketSource": "FREE_REALTIME", "regularMarketOpen": 142.25, "exchange": "BSE", "exchangeName": "BSE", "exchangeDataDelayedBy": 0, "marketState": "CLOSED", "quoteType": "EQUITY", "symbol": "KANPRPLA.BO", "underlyingSymbol": null, "shortName": "KANPUR PLASTIPACK LTD.", "longName": "Kanpur Plastipack Limited", "currency": "INR", "quoteSourceName": "Delayed Quote", "currencySymbol": "\u20b9", "fromCurrency": null, "lastMarket": null, "marketCap": 2472479488}, "balanceSheetHistory": {"balanceSheetStatements": [{"maxAge": 1, "endDate": "2020-03-31", "cash": 244000, "shortTermInvestments": 2374000, "netReceivables": 443325000, "inventory": 479992000, "otherCurrentAssets": 27822000, "totalCurrentAssets": 965142000, "propertyPlantEquipment": 1643322000, "otherAssets": 39471000, "totalAssets": 2647935000, "accountsPayable": 56686000, "shortLongTermDebt": 98900000, "otherCurrentLiab": 33921000, "longTermDebt": 546805000, "otherLiab": 150082000, "totalCurrentLiabilities": 658329000, "totalLiab": 1362255000, "commonStock": 143125000, "retainedEarnings": 971776000, "treasuryStock": 20071000, "capitalSurplus": 150708000, "otherStockholderEquity": 20071000, "totalStockholderEquity": 1285680000, "netTangibleAssets": 1285680000}, {"maxAge": 1, "endDate": "2019-03-31", "cash": 2218000, "shortTermInvestments": 62129000, "netReceivables": 545419000, "inventory": 517600000, "otherCurrentAssets": 39937000, "totalCurrentAssets": 1173507000, "propertyPlantEquipment": 1657563000, "otherAssets": 47981000, "totalAssets": 2879051000, "accountsPayable": 73352000, "shortLongTermDebt": 64000000, "otherCurrentLiab": 66073000, "longTermDebt": 569899000, "otherLiab": 143804000, "totalCurrentLiabilities": 884705000, "totalLiab": 1611648000, "commonStock": 143125000, "retainedEarnings": 953499000, "treasuryStock": 20071000, "capitalSurplus": 150708000, "otherStockholderEquity": 20071000, "totalStockholderEquity": 1267403000, "netTangibleAssets": 1267403000}, {"maxAge": 1, "endDate": "2018-03-31", "cash": 1447000, "shortTermInvestments": 35546000, "netReceivables": 641179000, "inventory": 403524000, "otherCurrentAssets": 22056000, "totalCurrentAssets": 1109564000, "propertyPlantEquipment": 1136720000, "otherAssets": 48666000, "totalAssets": 2294950000, "accountsPayable": 89499000, "shortLongTermDebt": 61335000, "otherCurrentLiab": 85433000, "longTermDebt": 276017000, "otherLiab": 137540000, "totalCurrentLiabilities": 832960000, "totalLiab": 1248870000, "commonStock": 131327000, "retainedEarnings": 821190000, "treasuryStock": 20000000, "capitalSurplus": 73563000, "otherStockholderEquity": 20000000, "totalStockholderEquity": 1046080000, "netTangibleAssets": 1046080000}, {"maxAge": 1, "endDate": "2017-03-31", "cash": 1611000, "shortTermInvestments": 60762000, "netReceivables": 631339000, "inventory": 398607000, "otherCurrentAssets": 23751000, "totalCurrentAssets": 1121398000, "propertyPlantEquipment": 761725000, "otherAssets": 42793000, "totalAssets": 1925916000, "accountsPayable": 48284000, "shortLongTermDebt": 97300000, "otherCurrentLiab": 57932000, "longTermDebt": 120822000, "otherLiab": 128949000, "totalCurrentLiabilities": 847485000, "totalLiab": 1101850000, "commonStock": 119388000, "retainedEarnings": 704678000, "totalStockholderEquity": 824066000, "netTangibleAssets": 824066000}], "maxAge": 86400}, "earningsTrend": {"trend": [{"maxAge": 1, "period": "0q", "endDate": "2018-06-30", "growth": {}, "earningsEstimate": {"avg": 0.0, "low": 0.0, "high": 0.0, "yearAgoEps": {}, "numberOfAnalysts": 0, "growth": {}}, "revenueEstimate": {"avg": 726981000, "low": 0, "high": 0, "numberOfAnalysts": 0, "yearAgoRevenue": 669508000, "growth": 0.086}, "epsTrend": {"current": 0.0, "7daysAgo": 0.0, "30daysAgo": 0.0, "60daysAgo": 0.0, "90daysAgo": 0.0}, "epsRevisions": {"upLast7days": 0, "upLast30days": 0, "downLast30days": 0, "downLast90days": {}}}, {"maxAge": 1, "period": "+1q", "endDate": "2018-09-30", "growth": {}, "earningsEstimate": {"avg": 0.0, "low": 0.0, "high": 0.0, "yearAgoEps": 2.01, "numberOfAnalysts": 0, "growth": {}}, "revenueEstimate": {"avg": 843288000, "low": 0, "high": 0, "numberOfAnalysts": 0, "yearAgoRevenue": 678879000, "growth": 0.24200001}, "epsTrend": {"current": 0.0, "7daysAgo": 0.0, "30daysAgo": 0.0, "60daysAgo": 0.0, "90daysAgo": 0.0}, "epsRevisions": {"upLast7days": 0, "upLast30days": 0, "downLast30days": 0, "downLast90days": {}}}, {"maxAge": 1, "period": "0y", "endDate": "2019-03-31", "growth": {}, "earningsEstimate": {"avg": 0.0, "low": 0.0, "high": 0.0, "yearAgoEps": {}, "numberOfAnalysts": 0, "growth": {}}, "revenueEstimate": {"avg": 3262000000, "low": 3262000000, "high": 3262000000, "numberOfAnalysts": 1, "yearAgoRevenue": 2836600000, "growth": 0.15}, "epsTrend": {"current": 0.0, "7daysAgo": 12.9, "30daysAgo": 12.9, "60daysAgo": 12.9, "90daysAgo": 12.9}, "epsRevisions": {"upLast7days": 0, "upLast30days": 0, "downLast30days": 0, "downLast90days": {}}}, {"maxAge": 1, "period": "+1y", "endDate": "2020-03-31", "growth": {}, "earningsEstimate": {"avg": 0.0, "low": 0.0, "high": 0.0, "yearAgoEps": {}, "numberOfAnalysts": 0, "growth": {}}, "revenueEstimate": {"avg": 4113000000, "low": 4113000000, "high": 4113000000, "numberOfAnalysts": 1, "yearAgoRevenue": 3262000000, "growth": 0.261}, "epsTrend": {"current": 0.0, "7daysAgo": 15.4, "30daysAgo": 15.4, "60daysAgo": 15.4, "90daysAgo": 15.4}, "epsRevisions": {"upLast7days": 0, "upLast30days": 0, "downLast30days": 0, "downLast90days": {}}}, {"maxAge": 1, "period": "+5y", "endDate": null, "growth": 0.145, "earningsEstimate": {"avg": {}, "low": {}, "high": {}, "yearAgoEps": {}, "numberOfAnalysts": {}, "growth": {}}, "revenueEstimate": {"avg": {}, "low": {}, "high": {}, "numberOfAnalysts": {}, "yearAgoRevenue": {}, "growth": {}}, "epsTrend": {"current": {}, "7daysAgo": {}, "30daysAgo": {}, "60daysAgo": {}, "90daysAgo": {}}, "epsRevisions": {"upLast7days": {}, "upLast30days": {}, "downLast30days": {}, "downLast90days": {}}}, {"maxAge": 1, "period": "-5y", "endDate": null, "growth": {}, "earningsEstimate": {"avg": {}, "low": {}, "high": {}, "yearAgoEps": {}, "numberOfAnalysts": {}, "growth": {}}, "revenueEstimate": {"avg": {}, "low": {}, "high": {}, "numberOfAnalysts": {}, "yearAgoRevenue": {}, "growth": {}}, "epsTrend": {"current": {}, "7daysAgo": {}, "30daysAgo": {}, "60daysAgo": {}, "90daysAgo": {}}, "epsRevisions": {"upLast7days": {}, "upLast30days": {}, "downLast30days": {}, "downLast90days": {}}}], "maxAge": 1}, "financialData": {"maxAge": 86400, "currentPrice": 148.05, "targetHighPrice": 180.0, "targetLowPrice": 180.0, "targetMeanPrice": 180.0, "targetMedianPrice": 180.0, "recommendationKey": "none", "numberOfAnalystOpinions": 1, "grossProfits": 1271320000, "financialCurrency": "INR"}}}