{"KAPSTON.NS": {"assetProfile": {"address1": "Plot No.75", "address2": "Kavuri Hills Madhapur", "city": "Hyderabad", "zip": "500034", "country": "India", "phone": "91 96 4050 4050", "website": "http://www.kapstonfm.com", "industry": "Specialty Business Services", "sector": "Industrials", "longBusinessSummary": "Kapston Facilities Management Limited operates as an integrated facilities management company in India. The company offers security, housekeeping, engineering, office support, fa\u00c3\u00a7ade cleaning, pest control, pantry, landscaping and gardening, canine brigade, and e-security services. It serves clients in various industries, such as IT and ITES, schools, hotels, hospitals, shopping malls, manufacturing companies, financial services establishments, infrastructure projects, and residential complexes. The company was founded in 2009 and is based in Hyderabad, India.", "fullTimeEmployees": 10791, "companyOfficers": [{"maxAge": 1, "name": "Dr. Chereddi Ramachandra Naidu", "age": 70, "title": "Exec. Chairman", "yearBorn": 1950, "fiscalYear": 2020, "totalPay": 1500000, "exercisedValue": 0, "unexercisedValue": 0}, {"maxAge": 1, "name": "Mr. Srikanth  Kodali", "age": 45, "title": "MD & Exec. Director", "yearBorn": 1975, "fiscalYear": 2020, "totalPay": 12000000, "exercisedValue": 0, "unexercisedValue": 0}, {"maxAge": 1, "name": "Mr. Brendon Thomas Pereira", "age": 45, "title": "Chief Financial Officer", "yearBorn": 1975, "fiscalYear": 2020, "totalPay": 1200000, "exercisedValue": 0, "unexercisedValue": 0}, {"maxAge": 1, "name": "Ms. Amreen  Gulnaaz", "age": 29, "title": "Company Sec. & Compliance Officer", "yearBorn": 1991, "fiscalYear": 2020, "totalPay": 540000, "exercisedValue": 0, "unexercisedValue": 0}, {"maxAge": 1, "name": "Mr. M. V. Vishnu Bhopal Rao", "age": 48, "title": "Chief Operating Officer", "yearBorn": 1972, "fiscalYear": 2019, "exercisedValue": 0, "unexercisedValue": 0}, {"maxAge": 1, "name": "Mr. K. G. R. J. Satya Prakash", "age": 44, "title": "Associate Director of Sales & Facilities", "yearBorn": 1976, "exercisedValue": 0, "unexercisedValue": 0}, {"maxAge": 1, "name": "Nandula Srinivas Radhakrishna", "age": 52, "title": "VP of Sales", "yearBorn": 1968, "fiscalYear": 2019, "exercisedValue": 0, "unexercisedValue": 0}, {"maxAge": 1, "name": "Prasenjit  Benerjee", "age": 55, "title": "VP", "yearBorn": 1965, "fiscalYear": 2019, "exercisedValue": 0, "unexercisedValue": 0}], "compensationAsOfEpochDate": "2020-12-31 05:30:00", "maxAge": 86400}, "cashflowStatementHistory": {"cashflowStatements": [{"maxAge": 1, "endDate": "2020-03-31", "netIncome": 101976057, "depreciation": 20440128, "changeToNetincome": 13850156, "changeToAccountReceivables": -227855647, "changeToLiabilities": 15271264, "changeToInventory": -6701230, "changeToOperatingActivities": -35570819, "totalCashFromOperatingActivities": -118590091, "capitalExpenditures": -75744212, "totalCashflowsFromInvestingActivities": -75365690, "netBorrowings": 236341605, "otherCashflowsFromFinancingActivities": -39505090, "totalCashFromFinancingActivities": 196836515, "changeInCash": 2880734}, {"maxAge": 1, "endDate": "2019-03-31", "netIncome": 85573507, "depreciation": 12833640, "changeToNetincome": 16623010, "changeToAccountReceivables": -185980644, "changeToLiabilities": -2498207, "changeToInventory": -14118768, "changeToOperatingActivities": -26033747, "totalCashFromOperatingActivities": -113601209, "capitalExpenditures": -15925302, "totalCashflowsFromInvestingActivities": -15590302, "netBorrowings": 38402745, "otherCashflowsFromFinancingActivities": -25339126, "totalCashFromFinancingActivities": 13063619, "changeInCash": -116127892}, {"maxAge": 1, "endDate": "2018-03-31", "netIncome": 60150129, "depreciation": 12063517, "changeToNetincome": 20088648, "changeToAccountReceivables": -56340619, "changeToLiabilities": 9492525, "changeToInventory": -6180652, "changeToOperatingActivities": -62722291, "totalCashFromOperatingActivities": -23448743, "capitalExpenditures": -46327536, "totalCashflowsFromInvestingActivities": -46327536, "netBorrowings": 93456815, "otherCashflowsFromFinancingActivities": -23763767, "totalCashFromFinancingActivities": 175677048, "changeInCash": 105900769, "issuanceOfStock": 105984000}, {"maxAge": 1, "endDate": "2017-03-31", "netIncome": 28863649, "depreciation": 11073927, "changeToNetincome": 31891120, "changeToAccountReceivables": -39176047, "changeToLiabilities": -3485999, "changeToInventory": -146923, "changeToOperatingActivities": 56310250, "totalCashFromOperatingActivities": 85329977, "capitalExpenditures": -85536994, "totalCashflowsFromInvestingActivities": -82948043, "netBorrowings": 3018019, "otherCashflowsFromFinancingActivities": -15657984, "totalCashFromFinancingActivities": -12639965, "changeInCash": -10258031, "issuanceOfStock": 105984000}], "maxAge": 86400}, "institutionOwnership": {"maxAge": 1, "ownershipList": []}, "majorHoldersBreakdown": {"maxAge": 1}, "balanceSheetHistoryQuarterly": {"balanceSheetStatements": [{"maxAge": 1, "endDate": "2020-12-31", "totalStockholderEquity": 491559000, "netTangibleAssets": 491559000}, {"maxAge": 1, "endDate": "2020-09-30", "cash": 37163000, "shortTermInvestments": 110643000, "netReceivables": 509289000, "inventory": 22966000, "otherCurrentAssets": 165836000, "totalCurrentAssets": 845897000, "propertyPlantEquipment": 121225000, "otherAssets": 151440000, "deferredLongTermAssetCharges": 39646000, "totalAssets": 1118562000, "accountsPayable": 20737000, "otherCurrentLiab": 188988000, "longTermDebt": 84339000, "otherLiab": 45124000, "totalCurrentLiabilities": 497540000, "totalLiab": 627003000, "commonStock": 101441000, "treasuryStock": 390118000, "otherStockholderEquity": 390118000, "totalStockholderEquity": 491559000, "netTangibleAssets": 491559000}, {"maxAge": 1, "endDate": "2020-06-30", "totalStockholderEquity": 449434000, "netTangibleAssets": 449434000}, {"maxAge": 1, "endDate": "2019-12-31"}], "maxAge": 86400}, "indexTrend": {"maxAge": 1, "symbol": "SP5", "peRatio": 19.7411, "pegRatio": 1.34172, "estimates": [{"period": "0q", "growth": 0.549}, {"period": "+1q", "growth": 0.431}, {"period": "0y", "growth": 0.305}, {"period": "+1y", "growth": 0.109}, {"period": "+5y", "growth": 0.120865}, {"period": "-5y"}]}, "defaultKeyStatistics": {"maxAge": 1, "priceHint": 2, "enterpriseValue": 1175619456, "profitMargins": 0.04117, "floatShares": 781333, "sharesOutstanding": 10144100, "beta": 0.513984, "category": null, "bookValue": 48.539, "priceToBook": 1.9293764, "fundFamily": null, "legalType": null, "lastFiscalYearEnd": "2020-03-31 05:30:00", "nextFiscalYearEnd": "2022-03-31 05:30:00", "mostRecentQuarter": "2020-12-31 05:30:00", "earningsQuarterlyGrowth": 0.281, "netIncomeToCommon": 89876056, "trailingEps": 8.86, "lastSplitFactor": "7:6", "lastSplitDate": "2020-01-27 05:30:00", "enterpriseToRevenue": 0.538, "enterpriseToEbitda": 7.152, "52WeekChange": 0.029120922, "SandP52WeekChange": 0.48148263, "lastDividendValue": 1.0, "lastDividendDate": 1605571200}, "summaryProfile": {"address1": "Plot No.75", "address2": "Kavuri Hills Madhapur", "city": "Hyderabad", "zip": "500034", "country": "India", "phone": "91 96 4050 4050", "website": "http://www.kapstonfm.com", "industry": "Specialty Business Services", "sector": "Industrials", "longBusinessSummary": "Kapston Facilities Management Limited operates as an integrated facilities management company in India. The company offers security, housekeeping, engineering, office support, fa\u00c3\u00a7ade cleaning, pest control, pantry, landscaping and gardening, canine brigade, and e-security services. It serves clients in various industries, such as IT and ITES, schools, hotels, hospitals, shopping malls, manufacturing companies, financial services establishments, infrastructure projects, and residential complexes. The company was founded in 2009 and is based in Hyderabad, India.", "fullTimeEmployees": 10791, "companyOfficers": [], "maxAge": 86400}, "netSharePurchaseActivity": {"maxAge": 1, "period": "6m", "buyInfoCount": 0, "buyInfoShares": 0, "sellInfoCount": 0, "netInfoCount": 0, "netInfoShares": 0, "totalInsiderShares": 0}, "quoteType": {"exchange": "NSI", "quoteType": "EQUITY", "symbol": "KAPSTON.NS", "underlyingSymbol": "KAPSTON.NS", "shortName": "Kapston Facilities Mgmt L", "longName": "Kapston Facilities Management Limited", "firstTradeDateEpochUtc": "2018-04-18 09:00:00", "timeZoneFullName": "Asia/Kolkata", "timeZoneShortName": "IST", "uuid": "c647ccb7-477f-3735-9237-3e44753e6acf", "messageBoardId": "finmb_427644686", "gmtOffSetMilliseconds": 19800000, "maxAge": 1}, "incomeStatementHistory": {"incomeStatementHistory": [{"maxAge": 1, "endDate": "2020-03-31", "totalRevenue": 2133927316, "costOfRevenue": 1901825244, "grossProfit": 232102072, "researchDevelopment": {}, "sellingGeneralAdministrative": 19059779, "nonRecurring": {}, "otherOperatingExpenses": 46743640, "totalOperatingExpenses": 1991332583, "operatingIncome": 142594733, "totalOtherIncomeExpenseNet": -38668356, "ebit": 142594733, "interestExpense": -30518273, "incomeBeforeTax": 103926377, "incomeTaxExpense": 1950320, "minorityInterest": {}, "netIncomeFromContinuingOps": 101976057, "discontinuedOperations": {}, "extraordinaryItems": {}, "effectOfAccountingCharges": {}, "otherItems": {}, "netIncome": 101976057, "netIncomeApplicableToCommonShares": 101976057}, {"maxAge": 1, "endDate": "2019-03-31", "totalRevenue": 1472303769, "costOfRevenue": 1289685884, "grossProfit": 182617885, "researchDevelopment": {}, "sellingGeneralAdministrative": 6966775, "nonRecurring": {}, "otherOperatingExpenses": 42709900, "totalOperatingExpenses": 1352196199, "operatingIncome": 120107570, "totalOtherIncomeExpenseNet": -24871594, "ebit": 120107570, "interestExpense": -23679181, "incomeBeforeTax": 95235976, "incomeTaxExpense": 9662469, "minorityInterest": {}, "netIncomeFromContinuingOps": 85573507, "discontinuedOperations": {}, "extraordinaryItems": {}, "effectOfAccountingCharges": {}, "otherItems": {}, "netIncome": 85573507, "netIncomeApplicableToCommonShares": 85573507}, {"maxAge": 1, "endDate": "2018-03-31", "totalRevenue": 1184519125, "costOfRevenue": 1019142093, "grossProfit": 165377032, "researchDevelopment": {}, "sellingGeneralAdministrative": 10880158, "nonRecurring": {}, "otherOperatingExpenses": 43312493, "totalOperatingExpenses": 1085398261, "operatingIncome": 99120864, "totalOtherIncomeExpenseNet": -24338413, "ebit": 99120864, "interestExpense": -22455093, "incomeBeforeTax": 74782451, "incomeTaxExpense": 14632322, "minorityInterest": {}, "netIncomeFromContinuingOps": 60150129, "discontinuedOperations": {}, "extraordinaryItems": {}, "effectOfAccountingCharges": {}, "otherItems": {}, "netIncome": 60150129, "netIncomeApplicableToCommonShares": 60150129}, {"maxAge": 1, "endDate": "2017-03-31", "totalRevenue": 906308003, "costOfRevenue": 792152691, "grossProfit": 114155312, "researchDevelopment": {}, "sellingGeneralAdministrative": 10994293, "nonRecurring": {}, "otherOperatingExpenses": 32562851, "totalOperatingExpenses": 846783762, "operatingIncome": 59524241, "totalOtherIncomeExpenseNet": -14427458, "ebit": 59524241, "interestExpense": -14456155, "incomeBeforeTax": 45096783, "incomeTaxExpense": 16233134, "minorityInterest": {}, "netIncomeFromContinuingOps": 28863649, "discontinuedOperations": {}, "extraordinaryItems": {}, "effectOfAccountingCharges": {}, "otherItems": {}, "netIncome": 28863649, "netIncomeApplicableToCommonShares": 28863649}], "maxAge": 86400}, "fundOwnership": {"maxAge": 1, "ownershipList": []}, "summaryDetail": {"maxAge": 1, "priceHint": 2, "previousClose": 93.65, "open": 92.7, "dayLow": 92.6, "dayHigh": 93.65, "regularMarketPreviousClose": 93.65, "regularMarketOpen": 92.7, "regularMarketDayLow": 92.6, "regularMarketDayHigh": 93.65, "dividendRate": 2.0, "dividendYield": 0.0214, "exDividendDate": "2020-11-17 05:30:00", "payoutRatio": 0.1129, "beta": 0.513984, "trailingPE": 10.569978, "volume": 364, "regularMarketVolume": 364, "averageVolume": 638, "averageVolume10days": 841, "averageDailyVolume10Day": 841, "bid": 0.0, "ask": 0.0, "marketCap": 949995008, "fiftyTwoWeekLow": 73.15, "fiftyTwoWeekHigh": 131.35, "priceToSalesTrailing12Months": 0.4351262, "fiftyDayAverage": 97.69394, "twoHundredDayAverage": 100.779434, "currency": "INR", "fromCurrency": null, "toCurrency": null, "lastMarket": null, "algorithm": null, "tradeable": false}, "incomeStatementHistoryQuarterly": {"incomeStatementHistory": [{"maxAge": 1, "endDate": "2020-12-31", "totalRevenue": 543630000, "costOfRevenue": 472491000, "grossProfit": 71139000, "researchDevelopment": {}, "sellingGeneralAdministrative": {}, "nonRecurring": {}, "otherOperatingExpenses": 16015000, "totalOperatingExpenses": 501779000, "operatingIncome": 41851000, "totalOtherIncomeExpenseNet": -10987000, "ebit": 41851000, "interestExpense": -11759000, "incomeBeforeTax": 30864000, "incomeTaxExpense": 11158000, "minorityInterest": {}, "netIncomeFromContinuingOps": 19706000, "discontinuedOperations": {}, "extraordinaryItems": {}, "effectOfAccountingCharges": {}, "otherItems": {}, "netIncome": 19706000, "netIncomeApplicableToCommonShares": 19706000}, {"maxAge": 1, "endDate": "2020-09-30", "totalRevenue": 497892000, "costOfRevenue": 450359000, "grossProfit": 47533000, "researchDevelopment": {}, "sellingGeneralAdministrative": {}, "nonRecurring": {}, "otherOperatingExpenses": 10714000, "totalOperatingExpenses": 469534000, "operatingIncome": 28358000, "totalOtherIncomeExpenseNet": -8494000, "ebit": 28358000, "interestExpense": -9382000, "incomeBeforeTax": 19864000, "incomeTaxExpense": -2112000, "minorityInterest": {}, "netIncomeFromContinuingOps": 21976000, "discontinuedOperations": {}, "extraordinaryItems": {}, "effectOfAccountingCharges": {}, "otherItems": {}, "netIncome": 21976000, "netIncomeApplicableToCommonShares": 21976000}, {"maxAge": 1, "endDate": "2020-06-30", "totalRevenue": 514789000, "costOfRevenue": 458579000, "grossProfit": 56210000, "researchDevelopment": {}, "sellingGeneralAdministrative": {}, "nonRecurring": {}, "otherOperatingExpenses": 13097000, "totalOperatingExpenses": 482569000, "operatingIncome": 32220000, "totalOtherIncomeExpenseNet": -12046000, "ebit": 32220000, "interestExpense": -12646000, "incomeBeforeTax": 20174000, "incomeTaxExpense": -1702000, "minorityInterest": {}, "netIncomeFromContinuingOps": 21876000, "discontinuedOperations": {}, "extraordinaryItems": {}, "effectOfAccountingCharges": {}, "otherItems": {}, "netIncome": 21876000, "netIncomeApplicableToCommonShares": 21876000}, {"maxAge": 1, "endDate": "2019-12-31", "totalRevenue": 528906000, "costOfRevenue": 454246000, "grossProfit": 74660000, "researchDevelopment": {}, "sellingGeneralAdministrative": {}, "nonRecurring": {}, "otherOperatingExpenses": 25289000, "totalOperatingExpenses": 489373000, "operatingIncome": 39533000, "totalOtherIncomeExpenseNet": -10805000, "ebit": 39533000, "interestExpense": -11444000, "incomeBeforeTax": 28728000, "incomeTaxExpense": 13341000, "minorityInterest": {}, "netIncomeFromContinuingOps": 15387000, "discontinuedOperations": {}, "extraordinaryItems": {}, "effectOfAccountingCharges": {}, "otherItems": {}, "netIncome": 15387000, "netIncomeApplicableToCommonShares": 15387000}], "maxAge": 86400}, "cashflowStatementHistoryQuarterly": {"cashflowStatements": [{"maxAge": 1, "endDate": "2020-12-31", "netIncome": 19706000, "changeToLiabilities": 0}, {"maxAge": 1, "endDate": "2020-09-30", "netIncome": 21976000, "changeToLiabilities": 0}, {"maxAge": 1, "endDate": "2020-06-30", "netIncome": 21876000, "changeToLiabilities": 0}, {"maxAge": 1, "endDate": "2019-12-31", "netIncome": 15387000, "changeToLiabilities": 0}], "maxAge": 86400}, "insiderHolders": {"holders": [], "maxAge": 1}, "calendarEvents": {"maxAge": 1, "earnings": {"earningsDate": []}, "exDividendDate": "2020-11-17 05:30:00"}, "price": {"maxAge": 1, "regularMarketChangePercent": 0.0, "regularMarketChange": 0.0, "regularMarketTime": "2021-04-30 14:26:26", "priceHint": 2, "regularMarketPrice": 93.65, "regularMarketDayHigh": 93.65, "regularMarketDayLow": 92.6, "regularMarketVolume": 364, "averageDailyVolume10Day": 841, "averageDailyVolume3Month": 638, "regularMarketPreviousClose": 93.65, "regularMarketSource": "FREE_REALTIME", "regularMarketOpen": 92.7, "exchange": "NSI", "exchangeName": "NSE", "exchangeDataDelayedBy": 15, "marketState": "CLOSED", "quoteType": "EQUITY", "symbol": "KAPSTON.NS", "underlyingSymbol": null, "shortName": "Kapston Facilities Mgmt L", "longName": "Kapston Facilities Management Limited", "currency": "INR", "quoteSourceName": "Delayed Quote", "currencySymbol": "\u20b9", "fromCurrency": null, "toCurrency": null, "lastMarket": null, "marketCap": 949995008}, "balanceSheetHistory": {"balanceSheetStatements": [{"maxAge": 1, "endDate": "2020-03-31", "cash": 24176513, "netReceivables": 734636234, "inventory": 28285800, "otherCurrentAssets": 152059959, "totalCurrentAssets": 943620584, "propertyPlantEquipment": 200588986, "otherAssets": 33990113, "deferredLongTermAssetCharges": 33990113, "totalAssets": 1178199683, "accountsPayable": 39036726, "shortLongTermDebt": 13402010, "otherCurrentLiab": 33355219, "longTermDebt": 84656777, "totalCurrentLiabilities": 644109235, "totalLiab": 728766012, "commonStock": 101440610, "retainedEarnings": 272412559, "capitalSurplus": 75580502, "totalStockholderEquity": 449433671, "netTangibleAssets": 449433671}, {"maxAge": 1, "endDate": "2019-03-31", "cash": 21295779, "netReceivables": 488620577, "inventory": 21584570, "otherCurrentAssets": 73301684, "totalCurrentAssets": 606138634, "propertyPlantEquipment": 140322162, "otherAssets": 19844433, "deferredLongTermAssetCharges": 19844433, "totalAssets": 766305229, "accountsPayable": 18532016, "shortLongTermDebt": 13307495, "otherCurrentLiab": 8970203, "longTermDebt": 56546342, "totalCurrentLiabilities": 362301273, "totalLiab": 418847615, "commonStock": 86949090, "retainedEarnings": 170436502, "capitalSurplus": 90072022, "totalStockholderEquity": 347457614, "netTangibleAssets": 347457614}, {"maxAge": 1, "endDate": "2018-03-31", "cash": 137423671, "netReceivables": 254268933, "inventory": 7465802, "otherCurrentAssets": 86977094, "totalCurrentAssets": 487248474, "propertyPlantEquipment": 137295689, "otherAssets": 6880287, "deferredLongTermAssetCharges": 6880287, "totalAssets": 631424450, "accountsPayable": 21030223, "shortLongTermDebt": 48749057, "otherCurrentLiab": 26648589, "longTermDebt": 76515428, "totalCurrentLiabilities": 293024913, "totalLiab": 369540341, "commonStock": 86949090, "retainedEarnings": 84862996, "capitalSurplus": 90072022, "totalStockholderEquity": 261884108, "netTangibleAssets": 261884108}, {"maxAge": 1, "endDate": "2017-03-31", "cash": 31522902, "netReceivables": 188660613, "inventory": 1285150, "otherCurrentAssets": 40678600, "totalCurrentAssets": 262275380, "propertyPlantEquipment": 103031669, "otherAssets": 3330406, "deferredLongTermAssetCharges": 3330406, "totalAssets": 368637455, "accountsPayable": 9377698, "shortLongTermDebt": 18699541, "otherCurrentLiab": 27314540, "longTermDebt": 38678843, "totalCurrentLiabilities": 225117935, "totalLiab": 263796778, "commonStock": 13968350, "retainedEarnings": 86173607, "capitalSurplus": 4698720, "totalStockholderEquity": 104840677, "netTangibleAssets": 104840677}], "maxAge": 86400}, "financialData": {"maxAge": 86400, "currentPrice": 93.65, "recommendationKey": "none", "totalCash": 147806000, "totalCashPerShare": 14.551, "ebitda": 164382720, "totalDebt": 372153984, "totalRevenue": 2183263232, "debtToEquity": 75.709, "revenuePerShare": 215.305, "grossProfits": 232102072, "earningsGrowth": 0.276, "revenueGrowth": 0.028, "grossMargins": 0.104490004, "ebitdaMargins": 0.075289994, "operatingMargins": 0.063319996, "profitMargins": 0.04117, "financialCurrency": "INR"}}}