{"KARDA.NS": {"assetProfile": {"address1": "Gulmohar Status above Business Bank", "address2": "2nd Floor Samarth Nagar", "city": "Nashik", "zip": "422005", "country": "India", "phone": "91 25 3235 1090", "fax": "91 25 3246 5436", "website": "http://www.kardaconstruction.com", "industry": "Real Estate\u2014Development", "sector": "Real Estate", "longBusinessSummary": "Karda Constructions Limited develops real estate properties in India. The company develops and sells residential and residential and office projects. It also undertakes construction contracts. The company was founded in 1994 and is based in Nashik, India.", "fullTimeEmployees": 91, "companyOfficers": [{"maxAge": 1, "name": "Mr. Naresh Jagumal Karda", "age": 48, "title": "Chairman & MD", "yearBorn": 1972, "fiscalYear": 2020, "totalPay": 1200000, "exercisedValue": 0, "unexercisedValue": 0}, {"maxAge": 1, "name": "Mr. Liyakat Mohommad Khan", "age": 52, "title": "Chief Financial Officer", "yearBorn": 1968, "fiscalYear": 2020, "totalPay": 720084, "exercisedValue": 0, "unexercisedValue": 0}, {"maxAge": 1, "name": "Mr. Manohar Jagumal Karda", "age": 48, "title": "Whole Time Director", "yearBorn": 1972, "fiscalYear": 2020, "totalPay": 1200000, "exercisedValue": 0, "unexercisedValue": 0}, {"maxAge": 1, "name": "Ms. Disha Naresh Karda", "age": 46, "title": "Exec. Director", "yearBorn": 1974, "fiscalYear": 2020, "totalPay": 1200000, "exercisedValue": 0, "unexercisedValue": 0}, {"maxAge": 1, "name": "Ms. Mayura Dinesh Marathe", "age": 29, "title": "Compliance Officer & Company Sec.", "yearBorn": 1991, "fiscalYear": 2019, "exercisedValue": 0, "unexercisedValue": 0}, {"maxAge": 1, "name": "Mr. Anand  More", "age": 33, "title": "Marketing Head", "yearBorn": 1987, "exercisedValue": 0, "unexercisedValue": 0}, {"maxAge": 1, "name": "Mr. Prem Jagumal Karda", "age": 43, "title": "Sales Head", "yearBorn": 1977, "exercisedValue": 0, "unexercisedValue": 0}, {"maxAge": 1, "name": "Mr. Vilas  Raut", "age": 46, "title": "Liasoning Head", "yearBorn": 1974, "exercisedValue": 0, "unexercisedValue": 0}, {"maxAge": 1, "name": "Mr. Rajesh  Zagade", "age": 39, "title": "Project Head", "yearBorn": 1981, "exercisedValue": 0, "unexercisedValue": 0}, {"maxAge": 1, "name": "Amit  Mokar", "age": 44, "title": "Collection Department Head", "yearBorn": 1976, "exercisedValue": 0, "unexercisedValue": 0}], "compensationAsOfEpochDate": "2020-12-31 05:30:00", "maxAge": 86400}, "cashflowStatementHistory": {"cashflowStatements": [{"maxAge": 1, "endDate": "2020-03-31", "netIncome": 96364000, "depreciation": 1753000, "changeToNetincome": 155117000, "changeToLiabilities": 0, "changeToInventory": -93269000, "changeToOperatingActivities": 285427000, "totalCashFromOperatingActivities": 445392000, "capitalExpenditures": -3083000, "investments": -181305000, "otherCashflowsFromInvestingActivities": 29896000, "totalCashflowsFromInvestingActivities": -154492000, "netBorrowings": -173748000, "otherCashflowsFromFinancingActivities": -178517000, "totalCashFromFinancingActivities": -352265000, "changeInCash": -61366000}, {"maxAge": 1, "endDate": "2019-03-31", "netIncome": 120975000, "depreciation": 2782000, "changeToNetincome": 110163000, "changeToLiabilities": 0, "changeToInventory": -135640000, "changeToOperatingActivities": -277264000, "totalCashFromOperatingActivities": -178984000, "capitalExpenditures": -1674000, "investments": -240195000, "otherCashflowsFromInvestingActivities": 30214000, "totalCashflowsFromInvestingActivities": -211655000, "netBorrowings": -282304000, "otherCashflowsFromFinancingActivities": -181144000, "totalCashFromFinancingActivities": -463448000, "changeInCash": -854088000}, {"maxAge": 1, "endDate": "2018-03-31", "netIncome": 130530000, "depreciation": 2978000, "changeToNetincome": 123589000, "changeToLiabilities": 0, "changeToInventory": 299606000, "changeToOperatingActivities": 29302000, "totalCashFromOperatingActivities": 586005000, "capitalExpenditures": -2876000, "investments": 206022000, "otherCashflowsFromInvestingActivities": 44766000, "totalCashflowsFromInvestingActivities": 247912000, "netBorrowings": -142193000, "otherCashflowsFromFinancingActivities": -208645000, "totalCashFromFinancingActivities": 63162000, "changeInCash": 897079000, "issuanceOfStock": 414000000}, {"maxAge": 1, "endDate": "2017-03-31", "netIncome": 79100000, "depreciation": 2741000, "changeToNetincome": 151143000, "changeToLiabilities": 0, "changeToInventory": 169547000, "changeToOperatingActivities": -69333000, "totalCashFromOperatingActivities": 333198000, "capitalExpenditures": -4512000, "investments": -117650000, "otherCashflowsFromInvestingActivities": 37569000, "totalCashflowsFromInvestingActivities": -84593000, "netBorrowings": -55191000, "otherCashflowsFromFinancingActivities": -182679000, "totalCashFromFinancingActivities": -237870000, "changeInCash": 10735000, "issuanceOfStock": 414000000}], "maxAge": 86400}, "institutionOwnership": {"maxAge": 1, "ownershipList": []}, "majorHoldersBreakdown": {"maxAge": 1, "insidersPercentHeld": 0.79754996, "institutionsPercentHeld": 0.01716, "institutionsFloatPercentHeld": 0.08478, "institutionsCount": 1}, "balanceSheetHistoryQuarterly": {"balanceSheetStatements": [{"maxAge": 1, "endDate": "2020-12-31", "totalStockholderEquity": 1069860000, "netTangibleAssets": 1069860000}, {"maxAge": 1, "endDate": "2020-09-30", "cash": 16016000, "shortTermInvestments": 417286000, "netReceivables": 509350000, "inventory": 1696883000, "otherCurrentAssets": 7075000, "totalCurrentAssets": 2646610000, "longTermInvestments": 140970000, "propertyPlantEquipment": 9764000, "otherAssets": 135684000, "deferredLongTermAssetCharges": 1954000, "totalAssets": 2933028000, "accountsPayable": 143312000, "shortLongTermDebt": 615100000, "otherCurrentLiab": 36145000, "longTermDebt": 224882000, "otherLiab": 605951000, "totalCurrentLiabilities": 1032335000, "totalLiab": 1863168000, "commonStock": 123000000, "treasuryStock": 946860000, "otherStockholderEquity": 946860000, "totalStockholderEquity": 1069860000, "netTangibleAssets": 1069860000}, {"maxAge": 1, "endDate": "2020-06-30", "totalStockholderEquity": 1031786000, "netTangibleAssets": 1031786000}, {"maxAge": 1, "endDate": "2020-03-31", "cash": 3682000, "shortTermInvestments": 465445000, "netReceivables": 514377000, "inventory": 1640082000, "otherCurrentAssets": 16283000, "totalCurrentAssets": 2639869000, "longTermInvestments": 66022000, "propertyPlantEquipment": 8625000, "otherAssets": 191433000, "deferredLongTermAssetCharges": 2395000, "totalAssets": 2905949000, "accountsPayable": 144256000, "shortLongTermDebt": 427145000, "otherCurrentLiab": 105639000, "longTermDebt": 370798000, "otherLiab": 621486000, "totalCurrentLiabilities": 881879000, "totalLiab": 1874163000, "commonStock": 123000000, "retainedEarnings": 539653000, "capitalSurplus": 369133000, "totalStockholderEquity": 1031786000, "netTangibleAssets": 1031786000}], "maxAge": 86400}, "indexTrend": {"maxAge": 1, "symbol": "SP5", "peRatio": 19.7411, "pegRatio": 1.34172, "estimates": [{"period": "0q", "growth": 0.549}, {"period": "+1q", "growth": 0.431}, {"period": "0y", "growth": 0.305}, {"period": "+1y", "growth": 0.109}, {"period": "+5y", "growth": 0.120865}, {"period": "-5y"}]}, "defaultKeyStatistics": {"maxAge": 1, "priceHint": 2, "enterpriseValue": 8178336768, "profitMargins": 0.09097, "floatShares": 11432117, "sharesOutstanding": 61500000, "heldPercentInsiders": 0.79754996, "heldPercentInstitutions": 0.01716, "beta": 0.616321, "category": null, "bookValue": 17.294, "priceToBook": 7.0139933, "fundFamily": null, "legalType": null, "lastFiscalYearEnd": "2020-03-31 05:30:00", "nextFiscalYearEnd": "2022-03-31 05:30:00", "mostRecentQuarter": "2020-12-31 05:30:00", "earningsQuarterlyGrowth": -0.243, "netIncomeToCommon": 94035000, "trailingEps": 1.527, "lastSplitFactor": "5:1", "lastSplitDate": "2020-07-02 05:30:00", "enterpriseToRevenue": 7.912, "enterpriseToEbitda": 39.24, "52WeekChange": 4.2239447, "SandP52WeekChange": 0.48148263, "lastDividendValue": 0.05, "lastDividendDate": 1614124800}, "summaryProfile": {"address1": "Gulmohar Status above Business Bank", "address2": "2nd Floor Samarth Nagar", "city": "Nashik", "zip": "422005", "country": "India", "phone": "91 25 3235 1090", "fax": "91 25 3246 5436", "website": "http://www.kardaconstruction.com", "industry": "Real Estate\u2014Development", "sector": "Real Estate", "longBusinessSummary": "Karda Constructions Limited develops real estate properties in India. The company develops and sells residential and residential and office projects. It also undertakes construction contracts. The company was founded in 1994 and is based in Nashik, India.", "fullTimeEmployees": 91, "companyOfficers": [], "maxAge": 86400}, "netSharePurchaseActivity": {"maxAge": 1, "period": "6m", "buyInfoCount": 0, "buyInfoShares": 0, "sellInfoCount": 0, "netInfoCount": 0, "netInfoShares": 0, "netPercentInsiderShares": 0.0, "totalInsiderShares": 49671412}, "insiderTransactions": {"transactions": [{"maxAge": 1, "shares": 97950, "value": 148962, "filerUrl": "", "transactionText": "Sale at price 1.52 per share.", "filerName": "Karda (Prem)", "filerRelation": "Promoter", "moneyText": "", "startDate": "2021-03-30", "ownership": "D"}, {"maxAge": 1, "shares": 302050, "value": 477178, "filerUrl": "", "transactionText": "Sale at price 1.58 per share.", "filerName": "Karda (Prem)", "filerRelation": "Promoter", "moneyText": "", "startDate": "2021-03-24", "ownership": "D"}, {"maxAge": 1, "shares": 200000, "value": 314160, "filerUrl": "", "transactionText": "Sale at price 1.57 per share.", "filerName": "Karda (Prem)", "filerRelation": "Promoter", "moneyText": "", "startDate": "2021-03-22", "ownership": "D"}, {"maxAge": 1, "shares": 100000, "value": 156870, "filerUrl": "", "transactionText": "Sale at price 1.57 per share.", "filerName": "Karda (Prem)", "filerRelation": "Promoter", "moneyText": "", "startDate": "2021-03-19", "ownership": "D"}, {"maxAge": 1, "shares": 300000, "value": 469169, "filerUrl": "", "transactionText": "Sale at price 1.56 per share.", "filerName": "Karda (Prem)", "filerRelation": "Promoter", "moneyText": "", "startDate": "2021-03-18", "ownership": "D"}, {"maxAge": 1, "shares": 300000, "value": 472590, "filerUrl": "", "transactionText": "Sale at price 1.58 per share.", "filerName": "Karda (Manohar)", "filerRelation": "Promoter", "moneyText": "", "startDate": "2021-03-09", "ownership": "D"}, {"maxAge": 1, "shares": 100000, "value": 157460, "filerUrl": "", "transactionText": "Sale at price 1.57 per share.", "filerName": "Karda (Manohar)", "filerRelation": "Promoter", "moneyText": "", "startDate": "2021-03-09", "ownership": "D"}, {"maxAge": 1, "shares": 200000, "value": 322020, "filerUrl": "", "transactionText": "Sale at price 1.61 per share.", "filerName": "Karda (Manohar)", "filerRelation": "Wholetime Director", "moneyText": "", "startDate": "2021-03-04", "ownership": "D"}, {"maxAge": 1, "shares": 15000, "filerUrl": "", "transactionText": "", "filerName": "Karda (Naresh)", "filerRelation": "Chairman of the Board", "moneyText": "", "startDate": "2019-09-17", "ownership": "D"}], "maxAge": 1}, "quoteType": {"exchange": "NSI", "quoteType": "EQUITY", "symbol": "KARDA.NS", "underlyingSymbol": "KARDA.NS", "shortName": "KARDA CONSTRUCTIO.", "longName": "Karda Constructions Limited", "firstTradeDateEpochUtc": "2018-04-02 09:15:00", "timeZoneFullName": "Asia/Kolkata", "timeZoneShortName": "IST", "uuid": "c53e136b-0e13-39fd-ac30-3313ecc46581", "messageBoardId": "finmb_272072229", "gmtOffSetMilliseconds": 19800000, "maxAge": 1}, "incomeStatementHistory": {"incomeStatementHistory": [{"maxAge": 1, "endDate": "2020-03-31", "totalRevenue": 1141214000, "costOfRevenue": 708078000, "grossProfit": 433136000, "researchDevelopment": {}, "sellingGeneralAdministrative": 97905000, "nonRecurring": {}, "otherOperatingExpenses": 61309000, "totalOperatingExpenses": 869045000, "operatingIncome": 272169000, "totalOtherIncomeExpenseNet": -145695000, "ebit": 272169000, "interestExpense": -148456000, "incomeBeforeTax": 126474000, "incomeTaxExpense": 30110000, "minorityInterest": {}, "netIncomeFromContinuingOps": 96364000, "discontinuedOperations": {}, "extraordinaryItems": {}, "effectOfAccountingCharges": {}, "otherItems": {}, "netIncome": 96364000, "netIncomeApplicableToCommonShares": 96364000}, {"maxAge": 1, "endDate": "2019-03-31", "totalRevenue": 1052966000, "costOfRevenue": 647690000, "grossProfit": 405276000, "researchDevelopment": {}, "sellingGeneralAdministrative": 72657000, "nonRecurring": {}, "otherOperatingExpenses": 33125000, "totalOperatingExpenses": 756254000, "operatingIncome": 296712000, "totalOtherIncomeExpenseNet": -136365000, "ebit": 296712000, "interestExpense": -144946000, "incomeBeforeTax": 160347000, "incomeTaxExpense": 39372000, "minorityInterest": {}, "netIncomeFromContinuingOps": 120975000, "discontinuedOperations": {}, "extraordinaryItems": {}, "effectOfAccountingCharges": {}, "otherItems": {}, "netIncome": 120975000, "netIncomeApplicableToCommonShares": 120975000}, {"maxAge": 1, "endDate": "2018-03-31", "totalRevenue": 1267913000, "costOfRevenue": 848884000, "grossProfit": 419029000, "researchDevelopment": {}, "sellingGeneralAdministrative": 72120000, "nonRecurring": {}, "otherOperatingExpenses": 28864000, "totalOperatingExpenses": 952846000, "operatingIncome": 315067000, "totalOtherIncomeExpenseNet": -126392000, "ebit": 315067000, "interestExpense": -189530000, "incomeBeforeTax": 188675000, "incomeTaxExpense": 58145000, "minorityInterest": {}, "netIncomeFromContinuingOps": 130530000, "discontinuedOperations": {}, "extraordinaryItems": {}, "effectOfAccountingCharges": {}, "otherItems": {}, "netIncome": 130530000, "netIncomeApplicableToCommonShares": 130530000}, {"maxAge": 1, "endDate": "2017-03-31", "totalRevenue": 1057786000, "costOfRevenue": 710168000, "grossProfit": 347618000, "researchDevelopment": {}, "sellingGeneralAdministrative": 50875000, "nonRecurring": {}, "otherOperatingExpenses": 29858000, "totalOperatingExpenses": 793642000, "operatingIncome": 264144000, "totalOtherIncomeExpenseNet": -142042000, "ebit": 264144000, "interestExpense": -173672000, "incomeBeforeTax": 122102000, "incomeTaxExpense": 43002000, "minorityInterest": {}, "netIncomeFromContinuingOps": 79100000, "discontinuedOperations": {}, "extraordinaryItems": {}, "effectOfAccountingCharges": {}, "otherItems": {}, "netIncome": 79100000, "netIncomeApplicableToCommonShares": 79100000}], "maxAge": 86400}, "fundOwnership": {"maxAge": 1, "ownershipList": []}, "summaryDetail": {"maxAge": 1, "priceHint": 2, "previousClose": 124.3, "open": 123.65, "dayLow": 120.8, "dayHigh": 126.35, "regularMarketPreviousClose": 124.3, "regularMarketOpen": 123.65, "regularMarketDayLow": 120.8, "regularMarketDayHigh": 126.35, "dividendRate": 0.1, "dividendYield": 0.0008, "exDividendDate": "2021-02-24 05:30:00", "payoutRatio": 0.0, "beta": 0.616321, "trailingPE": 79.436806, "volume": 121885, "regularMarketVolume": 121885, "averageVolume": 180694, "averageVolume10days": 227042, "averageDailyVolume10Day": 227042, "bid": 0.0, "ask": 0.0, "bidSize": 0, "askSize": 0, "marketCap": 7468950528, "fiftyTwoWeekLow": 22.28, "fiftyTwoWeekHigh": 139.45, "priceToSalesTrailing12Months": 7.2256346, "fiftyDayAverage": 116.719696, "twoHundredDayAverage": 112.860916, "trailingAnnualDividendRate": 0.05, "trailingAnnualDividendYield": 0.0004022526, "currency": "INR", "fromCurrency": null, "toCurrency": null, "lastMarket": null, "algorithm": null, "tradeable": false}, "incomeStatementHistoryQuarterly": {"incomeStatementHistory": [{"maxAge": 1, "endDate": "2020-12-31", "totalRevenue": 394064000, "costOfRevenue": 301628000, "grossProfit": 92436000, "researchDevelopment": {}, "sellingGeneralAdministrative": 16615000, "nonRecurring": {}, "otherOperatingExpenses": 4639000, "totalOperatingExpenses": 323152000, "operatingIncome": 70912000, "totalOtherIncomeExpenseNet": -20503000, "ebit": 70912000, "interestExpense": -39792000, "incomeBeforeTax": 50409000, "incomeTaxExpense": 13041000, "minorityInterest": {}, "netIncomeFromContinuingOps": 37368000, "discontinuedOperations": {}, "extraordinaryItems": {}, "effectOfAccountingCharges": {}, "otherItems": {}, "netIncome": 37368000, "netIncomeApplicableToCommonShares": 37368000}, {"maxAge": 1, "endDate": "2020-09-30", "totalRevenue": 202285000, "costOfRevenue": 141853000, "grossProfit": 60432000, "researchDevelopment": {}, "sellingGeneralAdministrative": 16598000, "nonRecurring": {}, "otherOperatingExpenses": 2805000, "totalOperatingExpenses": 161528000, "operatingIncome": 40757000, "totalOtherIncomeExpenseNet": -14555000, "ebit": 40757000, "interestExpense": -28611000, "incomeBeforeTax": 26202000, "incomeTaxExpense": 5169000, "minorityInterest": {}, "netIncomeFromContinuingOps": 21033000, "discontinuedOperations": {}, "extraordinaryItems": {}, "effectOfAccountingCharges": {}, "otherItems": {}, "netIncome": 21033000, "netIncomeApplicableToCommonShares": 21033000}, {"maxAge": 1, "endDate": "2020-06-30", "totalRevenue": 162120000, "costOfRevenue": 102471000, "grossProfit": 59649000, "researchDevelopment": {}, "sellingGeneralAdministrative": 15509000, "nonRecurring": {}, "otherOperatingExpenses": 3004000, "totalOperatingExpenses": 121230000, "operatingIncome": 40890000, "totalOtherIncomeExpenseNet": -17943000, "ebit": 40890000, "interestExpense": -33518000, "incomeBeforeTax": 22947000, "incomeTaxExpense": 5501000, "minorityInterest": {}, "netIncomeFromContinuingOps": 17446000, "discontinuedOperations": {}, "extraordinaryItems": {}, "effectOfAccountingCharges": {}, "otherItems": {}, "netIncome": 17446000, "netIncomeApplicableToCommonShares": 17446000}, {"maxAge": 1, "endDate": "2020-03-31", "totalRevenue": 275204000, "costOfRevenue": 185807000, "grossProfit": 89397000, "researchDevelopment": {}, "sellingGeneralAdministrative": 26690000, "nonRecurring": {}, "otherOperatingExpenses": 7590000, "totalOperatingExpenses": 220327000, "operatingIncome": 54877000, "totalOtherIncomeExpenseNet": -31082000, "ebit": 54877000, "interestExpense": -8366000, "incomeBeforeTax": 23795000, "incomeTaxExpense": 5607000, "minorityInterest": {}, "netIncomeFromContinuingOps": 18188000, "discontinuedOperations": {}, "extraordinaryItems": {}, "effectOfAccountingCharges": {}, "otherItems": {}, "netIncome": 18188000, "netIncomeApplicableToCommonShares": 18188000}], "maxAge": 86400}, "cashflowStatementHistoryQuarterly": {"cashflowStatements": [{"maxAge": 1, "endDate": "2020-12-31", "netIncome": 37368000, "changeToLiabilities": 0}, {"maxAge": 1, "endDate": "2020-09-30", "netIncome": 21033000, "changeToLiabilities": 0}, {"maxAge": 1, "endDate": "2020-06-30", "netIncome": 17446000, "changeToLiabilities": 0}, {"maxAge": 1, "endDate": "2020-03-31", "netIncome": 18188000, "changeToLiabilities": 0}], "maxAge": 86400}, "insiderHolders": {"holders": [{"maxAge": 1, "name": "Karda (Manohar)", "relation": "Promoter", "url": "", "transactionDescription": "Sale", "latestTransDate": "2021-03-09", "positionDirect": 1350000, "positionDirectDate": "2021-03-09"}, {"maxAge": 1, "name": "Karda (Naresh)", "relation": "Chairman of the Board", "url": "", "transactionDescription": "Acquisition", "latestTransDate": "2019-09-17", "positionDirect": 5615000, "positionDirectDate": "2019-09-17"}, {"maxAge": 1, "name": "Karda (Prem)", "relation": "Promoter", "url": "", "transactionDescription": "Sale", "latestTransDate": "2021-03-30", "positionDirect": 1950000, "positionDirectDate": "2021-03-30"}], "maxAge": 1}, "calendarEvents": {"maxAge": 1, "earnings": {"earningsDate": ["2021-02-13 05:30:S"]}, "exDividendDate": "2021-02-24 05:30:00"}, "price": {"maxAge": 1, "regularMarketChangePercent": -0.024135156, "regularMarketChange": -3.0, "regularMarketTime": "2021-04-30 15:29:09", "priceHint": 2, "regularMarketPrice": 121.3, "regularMarketDayHigh": 126.35, "regularMarketDayLow": 120.8, "regularMarketVolume": 121885, "averageDailyVolume10Day": 227042, "averageDailyVolume3Month": 180694, "regularMarketPreviousClose": 124.3, "regularMarketSource": "FREE_REALTIME", "regularMarketOpen": 123.65, "exchange": "NSI", "exchangeName": "NSE", "exchangeDataDelayedBy": 15, "marketState": "CLOSED", "quoteType": "EQUITY", "symbol": "KARDA.NS", "underlyingSymbol": null, "shortName": "KARDA CONSTRUCTIO.", "longName": "Karda Constructions Limited", "currency": "INR", "quoteSourceName": "Delayed Quote", "currencySymbol": "\u20b9", "fromCurrency": null, "toCurrency": null, "lastMarket": null, "marketCap": 7468950528}, "balanceSheetHistory": {"balanceSheetStatements": [{"maxAge": 1, "endDate": "2020-03-31", "cash": 3682000, "shortTermInvestments": 465445000, "netReceivables": 514377000, "inventory": 1640082000, "otherCurrentAssets": 16283000, "totalCurrentAssets": 2639869000, "longTermInvestments": 66022000, "propertyPlantEquipment": 8625000, "otherAssets": 191433000, "deferredLongTermAssetCharges": 2395000, "totalAssets": 2905949000, "accountsPayable": 144256000, "shortLongTermDebt": 427145000, "otherCurrentLiab": 105639000, "longTermDebt": 370798000, "otherLiab": 621486000, "totalCurrentLiabilities": 881879000, "totalLiab": 1874163000, "commonStock": 123000000, "retainedEarnings": 539653000, "capitalSurplus": 369133000, "totalStockholderEquity": 1031786000, "netTangibleAssets": 1031786000}, {"maxAge": 1, "endDate": "2019-03-31", "cash": 65047000, "shortTermInvestments": 270101000, "netReceivables": 384291000, "inventory": 1546813000, "otherCurrentAssets": 14957000, "totalCurrentAssets": 2281209000, "longTermInvestments": 24755000, "propertyPlantEquipment": 16607000, "otherAssets": 332066000, "totalAssets": 2654637000, "accountsPayable": 174821000, "shortLongTermDebt": 545506000, "otherCurrentLiab": 93910000, "longTermDebt": 469756000, "otherLiab": 156422000, "totalCurrentLiabilities": 1086056000, "totalLiab": 1712234000, "commonStock": 123000000, "retainedEarnings": 450270000, "capitalSurplus": 369133000, "totalStockholderEquity": 942403000, "netTangibleAssets": 942403000}, {"maxAge": 1, "endDate": "2018-03-31", "cash": 919135000, "shortTermInvestments": 20286000, "netReceivables": 414363000, "inventory": 1411173000, "otherCurrentAssets": 33294000, "totalCurrentAssets": 2798251000, "longTermInvestments": 38736000, "propertyPlantEquipment": 17715000, "otherAssets": 139694000, "totalAssets": 2994396000, "accountsPayable": 144963000, "shortLongTermDebt": 249094000, "otherCurrentLiab": 601819000, "longTermDebt": 669623000, "otherLiab": 136571000, "totalCurrentLiabilities": 1354548000, "totalLiab": 2160742000, "commonStock": 123000000, "retainedEarnings": 331153000, "capitalSurplus": 379501000, "totalStockholderEquity": 833654000, "netTangibleAssets": 833654000}, {"maxAge": 1, "endDate": "2017-03-31", "cash": 22056000, "shortTermInvestments": 181956000, "netReceivables": 357163000, "inventory": 1710779000, "otherCurrentAssets": 28914000, "totalCurrentAssets": 2300868000, "longTermInvestments": 47568000, "propertyPlantEquipment": 19773000, "otherAssets": 112908000, "totalAssets": 2481117000, "accountsPayable": 63303000, "shortLongTermDebt": 189850000, "otherCurrentLiab": 170302000, "longTermDebt": 812876000, "otherLiab": 571671000, "totalCurrentLiabilities": 793064000, "totalLiab": 2177611000, "commonStock": 90000000, "retainedEarnings": 213506000, "totalStockholderEquity": 303506000, "netTangibleAssets": 303506000}], "maxAge": 86400}, "financialData": {"maxAge": 86400, "currentPrice": 121.3, "recommendationKey": "none", "totalCash": 433302016, "totalCashPerShare": 6.957, "ebitda": 208417248, "totalDebt": 1057075008, "totalRevenue": 1033673984, "debtToEquity": 98.805, "revenuePerShare": 16.782, "grossProfits": 433136000, "earningsGrowth": -0.25, "revenueGrowth": -0.036, "grossMargins": 0.29208001, "ebitdaMargins": 0.20163, "operatingMargins": 0.20068, "profitMargins": 0.09097, "financialCurrency": "INR"}}}