{"KARNAVATI.BO": {"cashflowStatementHistory": {"cashflowStatements": [{"maxAge": 1, "endDate": "2020-03-31", "netIncome": 1075022, "depreciation": 126187, "changeToNetincome": 17136768, "changeToLiabilities": 0, "changeToInventory": -2636, "changeToOperatingActivities": 30240469, "totalCashFromOperatingActivities": 48575809, "capitalExpenditures": -6000, "totalCashflowsFromInvestingActivities": -6000, "netBorrowings": -47340590, "otherCashflowsFromFinancingActivities": -2610102, "totalCashFromFinancingActivities": -49950692, "changeInCash": -1380882}, {"maxAge": 1, "endDate": "2019-03-31", "netIncome": 7222175, "depreciation": 144796, "changeToNetincome": 17989921, "changeToLiabilities": 0, "changeToInventory": -2636, "changeToOperatingActivities": -24546674, "totalCashFromOperatingActivities": 810218, "capitalExpenditures": -6000, "totalCashflowsFromInvestingActivities": -6000, "netBorrowings": 15118056, "otherCashflowsFromFinancingActivities": -15876397, "totalCashFromFinancingActivities": -758341, "changeInCash": 51877}, {"maxAge": 1, "endDate": "2018-03-31", "netIncome": 6213510, "depreciation": 206397, "changeToNetincome": 6316427, "changeToLiabilities": 0, "changeToInventory": 19364, "changeToOperatingActivities": -178343735, "totalCashFromOperatingActivities": -165588036, "capitalExpenditures": -24300, "totalCashflowsFromInvestingActivities": -24300, "netBorrowings": 145256389, "otherCashflowsFromFinancingActivities": -6787853, "totalCashFromFinancingActivities": 165508536, "changeInCash": -103798, "issuanceOfStock": 27040000}, {"maxAge": 1, "endDate": "2017-03-31", "netIncome": 7542513, "depreciation": 161477, "changeToNetincome": -1694164, "changeToLiabilities": 0, "changeToInventory": -35962, "changeToOperatingActivities": -2461665, "totalCashFromOperatingActivities": 3512199, "capitalExpenditures": -12000, "totalCashflowsFromInvestingActivities": -12000, "netBorrowings": -200000, "otherCashflowsFromFinancingActivities": -127448, "totalCashFromFinancingActivities": -327448, "changeInCash": 3172751, "issuanceOfStock": 27040000}], "maxAge": 86400}, "institutionOwnership": {"ownershipList": [], "maxAge": 1}, "balanceSheetHistoryQuarterly": {"balanceSheetStatements": [{"maxAge": 1, "endDate": "2020-06-30", "totalStockholderEquity": 125881226, "netTangibleAssets": 125881226}, {"maxAge": 1, "endDate": "2020-03-31", "cash": 3078483, "netReceivables": 240072619, "inventory": 19233, "otherCurrentAssets": 349229, "totalCurrentAssets": 243519564, "propertyPlantEquipment": 377670, "otherAssets": 354881, "deferredLongTermAssetCharges": 354881, "totalAssets": 244252115, "accountsPayable": 4115008, "otherCurrentLiab": 1168577, "longTermDebt": 110717606, "totalCurrentLiabilities": 7653281, "totalLiab": 118370887, "commonStock": 100500000, "retainedEarnings": 15241227, "capitalSurplus": 10139999, "totalStockholderEquity": 125881226, "netTangibleAssets": 125881226}, {"maxAge": 1, "endDate": "2019-12-31", "totalStockholderEquity": 119104000, "netTangibleAssets": 119104000}, {"maxAge": 1, "endDate": "2019-09-30", "cash": 3678000, "netReceivables": 268550000, "inventory": 17000, "otherCurrentAssets": 1119000, "totalCurrentAssets": 273364000, "propertyPlantEquipment": 504000, "otherAssets": 521000, "deferredLongTermAssetCharges": 347000, "totalAssets": 274389000, "otherCurrentLiab": 53000, "longTermDebt": 141420000, "otherLiab": 13812000, "deferredLongTermLiab": 173000, "totalCurrentLiabilities": 53000, "totalLiab": 155285000, "commonStock": 100500000, "treasuryStock": 18604000, "otherStockholderEquity": 18604000, "totalStockholderEquity": 119104000, "netTangibleAssets": 119104000}], "maxAge": 86400}, "indexTrend": {"maxAge": 1, "symbol": "SP5", "peRatio": 19.7411, "pegRatio": 1.34172, "estimates": [{"period": "0q", "growth": 0.549}, {"period": "+1q", "growth": 0.431}, {"period": "0y", "growth": 0.305}, {"period": "+1y", "growth": 0.109}, {"period": "+5y", "growth": 0.120859005}, {"period": "-5y"}]}, "insiderTransactions": {"transactions": [{"maxAge": 1, "shares": 5000, "filerUrl": "", "transactionText": "", "filerName": "Morzaria (Raman P)", "filerRelation": "Wholetime Director", "moneyText": "", "startDate": "2019-12-17", "ownership": "D"}, {"maxAge": 1, "shares": 10300, "filerUrl": "", "transactionText": "", "filerName": "Morzaria (Raman P)", "filerRelation": "Wholetime Director", "moneyText": "", "startDate": "2019-02-27", "ownership": "D"}, {"maxAge": 1, "shares": 10450, "filerUrl": "", "transactionText": "", "filerName": "Morzaria (Raman P)", "filerRelation": "Wholetime Director", "moneyText": "", "startDate": "2019-02-26", "ownership": "D"}, {"maxAge": 1, "shares": 40758, "filerUrl": "", "transactionText": "", "filerName": "Morzaria (Raman P)", "filerRelation": "Wholetime Director", "moneyText": "", "startDate": "2019-02-25", "ownership": "D"}], "maxAge": 1}, "quoteType": {"exchange": "BSE", "quoteType": "EQUITY", "symbol": "KARNAVATI.BO", "underlyingSymbol": "KARNAVATI.BO", "shortName": "Karnavati Finance Limited", "longName": "Karnavati Finance Limited", "firstTradeDateEpochUtc": "2015-02-05 09:15:00", "timeZoneFullName": "Asia/Kolkata", "timeZoneShortName": "IST", "uuid": "f80810d4-e042-3d06-81ae-361d6974c3fa", "gmtOffSetMilliseconds": 19800000, "maxAge": 1}, "incomeStatementHistory": {"incomeStatementHistory": [{"maxAge": 1, "endDate": "2020-03-31", "totalRevenue": 25019281, "costOfRevenue": 2991, "grossProfit": 25016290, "researchDevelopment": {}, "sellingGeneralAdministrative": 4947341, "nonRecurring": {}, "otherOperatingExpenses": 18492694, "totalOperatingExpenses": 23572176, "operatingIncome": 1447105, "totalOtherIncomeExpenseNet": -51630, "ebit": 0, "interestExpense": {}, "incomeBeforeTax": 1395475, "incomeTaxExpense": 320453, "minorityInterest": {}, "netIncomeFromContinuingOps": 1075022, "discontinuedOperations": {}, "extraordinaryItems": {}, "effectOfAccountingCharges": {}, "otherItems": {}, "netIncome": 1075022, "netIncomeApplicableToCommonShares": 1075022}, {"maxAge": 1, "endDate": "2019-03-31", "totalRevenue": 16631528, "costOfRevenue": 0, "grossProfit": 16631528, "researchDevelopment": {}, "sellingGeneralAdministrative": 3492403, "nonRecurring": {}, "otherOperatingExpenses": 3010226, "totalOperatingExpenses": 6763347, "operatingIncome": 9868181, "totalOtherIncomeExpenseNet": 0, "ebit": 0, "interestExpense": {}, "incomeBeforeTax": 9868181, "incomeTaxExpense": 2646006, "minorityInterest": {}, "netIncomeFromContinuingOps": 7222175, "discontinuedOperations": {}, "extraordinaryItems": {}, "effectOfAccountingCharges": {}, "otherItems": {}, "netIncome": 7222175, "netIncomeApplicableToCommonShares": 7222175}, {"maxAge": 1, "endDate": "2018-03-31", "totalRevenue": 13404952, "costOfRevenue": 183114, "grossProfit": 13221838, "researchDevelopment": {}, "sellingGeneralAdministrative": 2966476, "nonRecurring": {}, "otherOperatingExpenses": 1735590, "totalOperatingExpenses": 5091577, "operatingIncome": 8313375, "totalOtherIncomeExpenseNet": 0, "ebit": 0, "interestExpense": {}, "incomeBeforeTax": 8313375, "incomeTaxExpense": 2099865, "minorityInterest": {}, "netIncomeFromContinuingOps": 6213510, "discontinuedOperations": {}, "extraordinaryItems": {}, "effectOfAccountingCharges": {}, "otherItems": {}, "netIncome": 6213510, "netIncomeApplicableToCommonShares": 6213510}, {"maxAge": 1, "endDate": "2017-03-31", "totalRevenue": 9340714, "costOfRevenue": 136938, "grossProfit": 9203776, "researchDevelopment": {}, "sellingGeneralAdministrative": 1050060, "nonRecurring": {}, "otherOperatingExpenses": -1676837, "totalOperatingExpenses": -328362, "operatingIncome": 9669076, "totalOtherIncomeExpenseNet": 0, "ebit": 0, "interestExpense": {}, "incomeBeforeTax": 9669076, "incomeTaxExpense": 2126563, "minorityInterest": {}, "netIncomeFromContinuingOps": 7542513, "discontinuedOperations": {}, "extraordinaryItems": {}, "effectOfAccountingCharges": {}, "otherItems": {}, "netIncome": 7542513, "netIncomeApplicableToCommonShares": 7542513}], "maxAge": 86400}, "fundOwnership": {"ownershipList": [], "maxAge": 1}, "summaryDetail": {"maxAge": 1, "priceHint": 2, "previousClose": 14.55, "open": 14.55, "dayLow": 14.55, "dayHigh": 14.55, "regularMarketPreviousClose": 14.55, "regularMarketOpen": 14.55, "regularMarketDayLow": 14.55, "regularMarketDayHigh": 14.55, "trailingPE": 154.78725, "volume": 690, "regularMarketVolume": 690, "averageVolume": 1560, "averageVolume10days": 3788, "averageDailyVolume10Day": 3788, "bid": 14.55, "ask": 15.25, "bidSize": 0, "askSize": 0, "marketCap": 146227504, "fiftyTwoWeekLow": 11.45, "fiftyTwoWeekHigh": 33.45, "fiftyDayAverage": 17.05606, "twoHundredDayAverage": 16.673162, "currency": "INR", "fromCurrency": null, "lastMarket": null, "algorithm": null, "tradeable": false}, "incomeStatementHistoryQuarterly": {"incomeStatementHistory": [{"maxAge": 1, "endDate": "2020-06-30", "totalRevenue": 3597000, "costOfRevenue": 0, "grossProfit": 3597000, "researchDevelopment": {}, "sellingGeneralAdministrative": 581000, "nonRecurring": {}, "otherOperatingExpenses": 322000, "totalOperatingExpenses": 927000, "operatingIncome": 2670000, "totalOtherIncomeExpenseNet": -1249000, "ebit": 0, "interestExpense": {}, "incomeBeforeTax": 1421000, "incomeTaxExpense": 358000, "minorityInterest": {}, "netIncomeFromContinuingOps": 1063000, "discontinuedOperations": {}, "extraordinaryItems": {}, "effectOfAccountingCharges": {}, "otherItems": {}, "netIncome": 1063000, "netIncomeApplicableToCommonShares": 1063000}, {"maxAge": 1, "endDate": "2020-03-31", "totalRevenue": 13888281, "costOfRevenue": -2106009, "grossProfit": 15994290, "researchDevelopment": {}, "sellingGeneralAdministrative": 2450341, "nonRecurring": {}, "otherOperatingExpenses": 15682694, "totalOperatingExpenses": 16156176, "operatingIncome": -2267895, "totalOtherIncomeExpenseNet": -52630, "ebit": 0, "interestExpense": {}, "incomeBeforeTax": -2320525, "incomeTaxExpense": -645547, "minorityInterest": {}, "netIncomeFromContinuingOps": -1674978, "discontinuedOperations": {}, "extraordinaryItems": {}, "effectOfAccountingCharges": {}, "otherItems": {}, "netIncome": -1674978, "netIncomeApplicableToCommonShares": -1674978}, {"maxAge": 1, "endDate": "2019-12-31", "totalRevenue": 8485000, "costOfRevenue": 1419000, "grossProfit": 7066000, "researchDevelopment": {}, "sellingGeneralAdministrative": 1275000, "nonRecurring": {}, "otherOperatingExpenses": -3627000, "totalOperatingExpenses": -933000, "operatingIncome": 9418000, "totalOtherIncomeExpenseNet": 1000, "ebit": 0, "interestExpense": {}, "incomeBeforeTax": 9419000, "incomeTaxExpense": 966000, "minorityInterest": {}, "netIncomeFromContinuingOps": 8453000, "discontinuedOperations": {}, "extraordinaryItems": {}, "effectOfAccountingCharges": {}, "otherItems": {}, "netIncome": 8453000, "netIncomeApplicableToCommonShares": 8453000}, {"maxAge": 1, "endDate": "2019-09-30", "totalRevenue": -5758000, "costOfRevenue": 456000, "grossProfit": -6214000, "researchDevelopment": {}, "sellingGeneralAdministrative": 559000, "nonRecurring": {}, "otherOperatingExpenses": 554000, "totalOperatingExpenses": 1569000, "operatingIncome": -7327000, "totalOtherIncomeExpenseNet": 0, "ebit": 0, "interestExpense": {}, "incomeBeforeTax": -7327000, "incomeTaxExpense": -422000, "minorityInterest": {}, "netIncomeFromContinuingOps": -6905000, "discontinuedOperations": {}, "extraordinaryItems": {}, "effectOfAccountingCharges": {}, "otherItems": {}, "netIncome": -6905000, "netIncomeApplicableToCommonShares": -6905000}], "maxAge": 86400}, "cashflowStatementHistoryQuarterly": {"cashflowStatements": [{"maxAge": 1, "endDate": "2020-06-30", "netIncome": 1063000, "changeToLiabilities": 0}, {"maxAge": 1, "endDate": "2020-03-31", "netIncome": -1674978, "changeToLiabilities": 0}, {"maxAge": 1, "endDate": "2019-12-31", "netIncome": 8453000, "changeToLiabilities": 0}, {"maxAge": 1, "endDate": "2019-09-30", "netIncome": -6905000, "changeToLiabilities": 0}], "maxAge": 86400}, "insiderHolders": {"holders": [{"maxAge": 1, "name": "Morzaria (Raman P)", "relation": "Wholetime Director", "url": "", "transactionDescription": "Acquisition", "latestTransDate": "2019-12-17", "positionDirect": 2934208, "positionDirectDate": "2019-12-17"}], "maxAge": 1}, "calendarEvents": {"maxAge": 1, "earnings": {"earningsDate": []}}, "upgradeDowngradeHistory": {"history": [], "maxAge": 86400}, "price": {"maxAge": 1, "regularMarketChangePercent": 0.0, "regularMarketChange": 0.0, "regularMarketTime": "2021-04-28 14:37:08", "priceHint": 2, "regularMarketPrice": 14.55, "regularMarketDayHigh": 14.55, "regularMarketDayLow": 14.55, "regularMarketVolume": 690, "averageDailyVolume10Day": 3788, "averageDailyVolume3Month": 1560, "regularMarketPreviousClose": 14.55, "regularMarketSource": "FREE_REALTIME", "regularMarketOpen": 14.55, "exchange": "BSE", "exchangeName": "BSE", "exchangeDataDelayedBy": 0, "marketState": "CLOSED", "quoteType": "EQUITY", "symbol": "KARNAVATI.BO", "underlyingSymbol": null, "shortName": "Karnavati Finance Limited", "longName": "Karnavati Finance Limited", "currency": "INR", "quoteSourceName": "Delayed Quote", "currencySymbol": "\u20b9", "fromCurrency": null, "lastMarket": null, "marketCap": 146227504}, "balanceSheetHistory": {"balanceSheetStatements": [{"maxAge": 1, "endDate": "2020-03-31", "cash": 3078483, "netReceivables": 240072619, "inventory": 19233, "otherCurrentAssets": 349229, "totalCurrentAssets": 243519564, "propertyPlantEquipment": 377670, "otherAssets": 354881, "deferredLongTermAssetCharges": 354881, "totalAssets": 244252115, "accountsPayable": 4115008, "otherCurrentLiab": 1168577, "longTermDebt": 110717606, "totalCurrentLiabilities": 7653281, "totalLiab": 118370887, "commonStock": 100500000, "retainedEarnings": 15241227, "capitalSurplus": 10139999, "totalStockholderEquity": 125881226, "netTangibleAssets": 125881226}, {"maxAge": 1, "endDate": "2019-03-31", "cash": 4459365, "netReceivables": 286413177, "inventory": 16598, "otherCurrentAssets": 1492702, "totalCurrentAssets": 292381842, "propertyPlantEquipment": 497860, "otherAssets": 347402, "deferredLongTermAssetCharges": 347402, "totalAssets": 293227104, "accountsPayable": 3014891, "otherCurrentLiab": 4923115, "longTermDebt": 143254460, "totalCurrentLiabilities": 25166438, "totalLiab": 168420898, "commonStock": 100500000, "retainedEarnings": 14166206, "capitalSurplus": 10140000, "totalStockholderEquity": 124806206, "netTangibleAssets": 124806206}, {"maxAge": 1, "endDate": "2018-03-31", "cash": 4407488, "netReceivables": 261662018, "inventory": 16598, "otherCurrentAssets": 2052918, "totalCurrentAssets": 268139022, "propertyPlantEquipment": 642654, "otherAssets": 703873, "deferredLongTermAssetCharges": 339083, "totalAssets": 269485549, "accountsPayable": 2960374, "otherCurrentLiab": 3766309, "longTermDebt": 145174836, "totalCurrentLiabilities": 6726683, "totalLiab": 151901519, "commonStock": 100500000, "retainedEarnings": 6944031, "capitalSurplus": 10139999, "totalStockholderEquity": 117584030, "netTangibleAssets": 117584030}, {"maxAge": 1, "endDate": "2017-03-31", "cash": 4511286, "netReceivables": 82785454, "inventory": 35962, "otherCurrentAssets": 39736, "totalCurrentAssets": 87372438, "propertyPlantEquipment": 824753, "otherAssets": 314000, "deferredLongTermAssetCharges": 314000, "totalAssets": 88511191, "otherCurrentLiab": 2216208, "totalCurrentLiabilities": 4180671, "totalLiab": 4180671, "commonStock": 83600000, "retainedEarnings": 730520, "totalStockholderEquity": 84330520, "netTangibleAssets": 84330520}], "maxAge": 86400}, "financialData": {"maxAge": 86400, "currentPrice": 14.55, "recommendationKey": "none", "grossProfits": 25016290, "financialCurrency": "INR"}}}