{"KARURVYSYA.BO": {"recommendationTrend": {"trend": [{"period": "0m", "strongBuy": 0, "buy": 0, "hold": 0, "sell": 0, "strongSell": 0}, {"period": "-1m", "strongBuy": 0, "buy": 0, "hold": 0, "sell": 0, "strongSell": 0}, {"period": "-2m", "strongBuy": 0, "buy": 0, "hold": 0, "sell": 0, "strongSell": 0}, {"period": "-3m", "strongBuy": 0, "buy": 0, "hold": 0, "sell": 0, "strongSell": 0}], "maxAge": 86400}, "cashflowStatementHistory": {"cashflowStatements": [{"maxAge": 1, "endDate": "2020-03-31", "netIncome": 2350247000, "depreciation": 1188816000, "changeToNetincome": 15610410000, "changeToLiabilities": 0, "changeToOperatingActivities": 13817457000, "totalCashFromOperatingActivities": 32966930000, "capitalExpenditures": -1225327000, "investments": -13996254000, "otherCashflowsFromInvestingActivities": -124566000, "totalCashflowsFromInvestingActivities": -15346147000, "dividendsPaid": -583918000, "netBorrowings": -1500000000, "otherCashflowsFromFinancingActivities": -8582418000, "totalCashFromFinancingActivities": -10665713000, "changeInCash": 6955070000, "issuanceOfStock": 623000}, {"maxAge": 1, "endDate": "2019-03-31", "netIncome": 2108674000, "depreciation": 1012166000, "changeToNetincome": 13800717000, "changeToLiabilities": 0, "changeToOperatingActivities": -62456718000, "totalCashFromOperatingActivities": -45535161000, "capitalExpenditures": -1560110000, "investments": 7041086000, "otherCashflowsFromInvestingActivities": -124566000, "totalCashflowsFromInvestingActivities": 5493514000, "dividendsPaid": -549132000, "netBorrowings": 4870000000, "otherCashflowsFromFinancingActivities": 29598825000, "totalCashFromFinancingActivities": 33919911000, "changeInCash": -6121736000, "issuanceOfStock": 218000}, {"maxAge": 1, "endDate": "2018-03-31", "netIncome": 3456722000, "depreciation": 852460000, "changeToNetincome": 11727596000, "changeToLiabilities": 0, "changeToOperatingActivities": -53434713000, "totalCashFromOperatingActivities": -37397935000, "capitalExpenditures": -1943100000, "investments": 245750000, "otherCashflowsFromInvestingActivities": -124566000, "totalCashflowsFromInvestingActivities": -1697350000, "dividendsPaid": -1902597000, "netBorrowings": 4870000000, "otherCashflowsFromFinancingActivities": 31723056000, "totalCashFromFinancingActivities": 38736558000, "changeInCash": -358727000, "issuanceOfStock": 8916099000}, {"maxAge": 1, "endDate": "2017-03-31", "netIncome": 6059826000, "depreciation": 858899000, "changeToNetincome": 6140048000, "changeToLiabilities": 0, "changeToOperatingActivities": -33155335000, "totalCashFromOperatingActivities": -20096562000, "capitalExpenditures": -852132000, "investments": 245750000, "otherCashflowsFromInvestingActivities": -124566000, "totalCashflowsFromInvestingActivities": -838630000, "dividendsPaid": -591372000, "netBorrowings": 4870000000, "otherCashflowsFromFinancingActivities": 36061504000, "totalCashFromFinancingActivities": 35470132000, "changeInCash": 14534940000, "issuanceOfStock": 8916099000}], "maxAge": 86400}, "institutionOwnership": {"ownershipList": [], "maxAge": 1}, "balanceSheetHistoryQuarterly": {"balanceSheetStatements": [{"maxAge": 1, "endDate": "2020-06-30", "totalStockholderEquity": 66002700000, "netTangibleAssets": 66002700000}, {"maxAge": 1, "endDate": "2020-03-31", "cash": 21764475000, "shortTermInvestments": 2600000000, "otherCurrentAssets": 23914256000, "totalCurrentAssets": 48278731000, "longTermInvestments": 157624457000, "propertyPlantEquipment": 5866369000, "otherAssets": 471012144000, "deferredLongTermAssetCharges": 177860000, "totalAssets": 682781701000, "accountsPayable": 590750786000, "shortLongTermDebt": 2218255000, "otherCurrentLiab": 2135465000, "longTermDebt": 9623500000, "otherLiab": 10286314000, "totalCurrentLiabilities": 596869135000, "totalLiab": 616778949000, "commonStock": 1598642000, "retainedEarnings": 39113668000, "treasuryStock": 4636120000, "capitalSurplus": 20654322000, "otherStockholderEquity": 4636120000, "totalStockholderEquity": 66002752000, "netTangibleAssets": 66002752000}, {"maxAge": 1, "endDate": "2019-12-31", "totalStockholderEquity": 65013000000, "netTangibleAssets": 65013000000}, {"maxAge": 1, "endDate": "2019-09-30", "cash": 54209700000, "totalCurrentAssets": 54209700000, "longTermInvestments": 183983500000, "propertyPlantEquipment": 6127600000, "otherAssets": 489822300000, "totalAssets": 734143100000, "accountsPayable": 622127900000, "longTermDebt": 30526900000, "otherLiab": 16475300000, "totalCurrentLiabilities": 622127900000, "totalLiab": 669130100000, "commonStock": 1598600000, "treasuryStock": 63414400000, "otherStockholderEquity": 63414400000, "totalStockholderEquity": 65013000000, "netTangibleAssets": 65013000000}], "maxAge": 86400}, "earningsHistory": {"history": [{"maxAge": 1, "epsActual": 2.26, "epsEstimate": 2.89, "epsDifference": -0.63, "surprisePercent": -0.218, "quarter": "2017-06-30", "period": "-4q"}, {"maxAge": 1, "epsActual": 1.24, "epsEstimate": 2.36, "epsDifference": -1.12, "surprisePercent": -0.475, "quarter": "2017-09-30", "period": "-3q"}, {"maxAge": 1, "epsActual": 1.04, "epsEstimate": 2.07, "epsDifference": -1.03, "surprisePercent": -0.498, "quarter": "2017-12-31", "period": "-2q"}, {"maxAge": 1, "epsActual": 0.66, "epsEstimate": 1.5, "epsDifference": -0.84, "surprisePercent": -0.56, "quarter": "2018-03-31", "period": "-1q"}], "maxAge": 86400}, "indexTrend": {"maxAge": 1, "symbol": "SP5", "peRatio": 19.7411, "pegRatio": 1.34172, "estimates": [{"period": "0q", "growth": 0.549}, {"period": "+1q", "growth": 0.431}, {"period": "0y", "growth": 0.305}, {"period": "+1y", "growth": 0.109}, {"period": "+5y", "growth": 0.120865}, {"period": "-5y"}]}, "industryTrend": {"maxAge": 1, "symbol": null, "estimates": []}, "quoteType": {"exchange": "BSE", "quoteType": "EQUITY", "symbol": "KARURVYSYA.BO", "underlyingSymbol": "KARURVYSYA.BO", "shortName": "KARUR VYSYA BANK LTD.", "longName": "The Karur Vysya Bank Limited", "firstTradeDateEpochUtc": "2002-04-22 09:15:00", "timeZoneFullName": "Asia/Kolkata", "timeZoneShortName": "IST", "uuid": "19538443-5518-3824-accd-bbd47adf21f4", "gmtOffSetMilliseconds": 19800000, "maxAge": 1}, "incomeStatementHistory": {"incomeStatementHistory": [{"maxAge": 1, "endDate": "2020-03-31", "totalRevenue": 20138957000, "costOfRevenue": 0, "grossProfit": 20138957000, "researchDevelopment": {}, "sellingGeneralAdministrative": 13570444000, "nonRecurring": {}, "otherOperatingExpenses": 3844658000, "totalOperatingExpenses": 17417110000, "operatingIncome": 2721847000, "totalOtherIncomeExpenseNet": 0, "ebit": 0, "interestExpense": {}, "incomeBeforeTax": 2721847000, "incomeTaxExpense": 371600000, "minorityInterest": {}, "netIncomeFromContinuingOps": 2350247000, "discontinuedOperations": {}, "extraordinaryItems": {}, "effectOfAccountingCharges": {}, "otherItems": {}, "netIncome": 2350247000, "netIncomeApplicableToCommonShares": 2350247000}, {"maxAge": 1, "endDate": "2019-03-31", "totalRevenue": 19370363000, "costOfRevenue": 0, "grossProfit": 19370363000, "researchDevelopment": {}, "sellingGeneralAdministrative": 12164267000, "nonRecurring": {}, "otherOperatingExpenses": 3980934000, "totalOperatingExpenses": 16148089000, "operatingIncome": 3222274000, "totalOtherIncomeExpenseNet": 0, "ebit": 0, "interestExpense": {}, "incomeBeforeTax": 3222274000, "incomeTaxExpense": 1113600000, "minorityInterest": {}, "netIncomeFromContinuingOps": 2108674000, "discontinuedOperations": {}, "extraordinaryItems": {}, "effectOfAccountingCharges": {}, "otherItems": {}, "netIncome": 2108674000, "netIncomeApplicableToCommonShares": 2108674000}, {"maxAge": 1, "endDate": "2018-03-31", "totalRevenue": 19243646000, "costOfRevenue": 0, "grossProfit": 19243646000, "researchDevelopment": {}, "sellingGeneralAdministrative": 10752913000, "nonRecurring": {}, "otherOperatingExpenses": 3454311000, "totalOperatingExpenses": 14207224000, "operatingIncome": 5036422000, "totalOtherIncomeExpenseNet": 0, "ebit": 0, "interestExpense": {}, "incomeBeforeTax": 5036422000, "incomeTaxExpense": 1579700000, "minorityInterest": {}, "netIncomeFromContinuingOps": 3456722000, "discontinuedOperations": {}, "extraordinaryItems": {}, "effectOfAccountingCharges": {}, "otherItems": {}, "netIncome": 3456722000, "netIncomeApplicableToCommonShares": 3456722000}, {"maxAge": 1, "endDate": "2017-03-31", "totalRevenue": 21684235000, "costOfRevenue": 0, "grossProfit": 21684235000, "researchDevelopment": {}, "sellingGeneralAdministrative": 9994805000, "nonRecurring": {}, "otherOperatingExpenses": 2854704000, "totalOperatingExpenses": 12849509000, "operatingIncome": 8834726000, "totalOtherIncomeExpenseNet": 0, "ebit": 0, "interestExpense": {}, "incomeBeforeTax": 8834726000, "incomeTaxExpense": 2774900000, "minorityInterest": {}, "netIncomeFromContinuingOps": 6059826000, "discontinuedOperations": {}, "extraordinaryItems": {}, "effectOfAccountingCharges": {}, "otherItems": {}, "netIncome": 6059826000, "netIncomeApplicableToCommonShares": 6059826000}], "maxAge": 86400}, "fundOwnership": {"ownershipList": [], "maxAge": 1}, "summaryDetail": {"maxAge": 1, "priceHint": 2, "previousClose": 52.85, "open": 52.4, "dayLow": 52.1, "dayHigh": 53.15, "regularMarketPreviousClose": 52.85, "regularMarketOpen": 52.4, "regularMarketDayLow": 52.1, "regularMarketDayHigh": 53.15, "trailingPE": 15.597015, "forwardPE": 4.469632, "volume": 59522, "regularMarketVolume": 59522, "averageVolume": 299883, "averageVolume10days": 98801, "averageDailyVolume10Day": 98801, "bid": 52.15, "ask": 0.0, "bidSize": 0, "askSize": 0, "marketCap": 41764524032, "fiftyTwoWeekLow": 18.15, "fiftyTwoWeekHigh": 53.15, "fiftyDayAverage": 46.151516, "twoHundredDayAverage": 37.799633, "trailingAnnualDividendRate": 0.6, "trailingAnnualDividendYield": 0.011352886, "currency": "INR", "fromCurrency": null, "lastMarket": null, "algorithm": null, "tradeable": false}, "sectorTrend": {"maxAge": 1, "symbol": null, "estimates": []}, "incomeStatementHistoryQuarterly": {"incomeStatementHistory": [{"maxAge": 1, "endDate": "2020-06-30", "totalRevenue": 5414000000, "costOfRevenue": 0, "grossProfit": 5414000000, "researchDevelopment": {}, "sellingGeneralAdministrative": 2136400000, "nonRecurring": {}, "otherOperatingExpenses": 1914500000, "totalOperatingExpenses": 4050900000, "operatingIncome": 1363100000, "totalOtherIncomeExpenseNet": 0, "ebit": 0, "interestExpense": {}, "incomeBeforeTax": 1363100000, "incomeTaxExpense": 308100000, "minorityInterest": {}, "netIncomeFromContinuingOps": 1055000000, "discontinuedOperations": {}, "extraordinaryItems": {}, "effectOfAccountingCharges": {}, "otherItems": {}, "netIncome": 1055000000, "netIncomeApplicableToCommonShares": 1055000000}, {"maxAge": 1, "endDate": "2020-03-31", "totalRevenue": 5082057000, "costOfRevenue": 0, "grossProfit": 5082057000, "researchDevelopment": {}, "sellingGeneralAdministrative": 7148144000, "nonRecurring": {}, "otherOperatingExpenses": -2773742000, "totalOperatingExpenses": 4376410000, "operatingIncome": 705647000, "totalOtherIncomeExpenseNet": 0, "ebit": 0, "interestExpense": {}, "incomeBeforeTax": 705647000, "incomeTaxExpense": -131400000, "minorityInterest": {}, "netIncomeFromContinuingOps": 837047000, "discontinuedOperations": {}, "extraordinaryItems": {}, "effectOfAccountingCharges": {}, "otherItems": {}, "netIncome": 837047000, "netIncomeApplicableToCommonShares": 837047000}, {"maxAge": 1, "endDate": "2019-12-31", "totalRevenue": 4730100000, "costOfRevenue": 0, "grossProfit": 4730100000, "researchDevelopment": {}, "sellingGeneralAdministrative": 2254900000, "nonRecurring": {}, "otherOperatingExpenses": 2270500000, "totalOperatingExpenses": 4525400000, "operatingIncome": 204700000, "totalOtherIncomeExpenseNet": 0, "ebit": 0, "interestExpense": {}, "incomeBeforeTax": 204700000, "incomeTaxExpense": 54000000, "minorityInterest": {}, "netIncomeFromContinuingOps": 150700000, "discontinuedOperations": {}, "extraordinaryItems": {}, "effectOfAccountingCharges": {}, "otherItems": {}, "netIncome": 150700000, "netIncomeApplicableToCommonShares": 150700000}, {"maxAge": 1, "endDate": "2019-09-30", "totalRevenue": 5088400000, "costOfRevenue": 0, "grossProfit": 5088400000, "researchDevelopment": {}, "sellingGeneralAdministrative": 2129900000, "nonRecurring": {}, "otherOperatingExpenses": 2298600000, "totalOperatingExpenses": 4428500000, "operatingIncome": 659900000, "totalOtherIncomeExpenseNet": 0, "ebit": 0, "interestExpense": {}, "incomeBeforeTax": 659900000, "incomeTaxExpense": 26600000, "minorityInterest": {}, "netIncomeFromContinuingOps": 633300000, "discontinuedOperations": {}, "extraordinaryItems": {}, "effectOfAccountingCharges": {}, "otherItems": {}, "netIncome": 633300000, "netIncomeApplicableToCommonShares": 633300000}], "maxAge": 86400}, "cashflowStatementHistoryQuarterly": {"cashflowStatements": [{"maxAge": 1, "endDate": "2020-06-30", "netIncome": 1055000000, "changeToLiabilities": 0}, {"maxAge": 1, "endDate": "2020-03-31", "netIncome": 837047000, "changeToLiabilities": 0}, {"maxAge": 1, "endDate": "2019-12-31", "netIncome": 150700000, "changeToLiabilities": 0}, {"maxAge": 1, "endDate": "2019-09-30", "netIncome": 633300000, "changeToLiabilities": 0}], "maxAge": 86400}, "insiderHolders": {"holders": [], "maxAge": 1}, "earnings": {"maxAge": 86400, "earningsChart": {"quarterly": [{"date": "2Q2017", "actual": 2.26, "estimate": 2.89}, {"date": "3Q2017", "actual": 1.24, "estimate": 2.36}, {"date": "4Q2017", "actual": 1.04, "estimate": 2.07}, {"date": "1Q2018", "actual": 0.66, "estimate": 1.5}], "currentQuarterEstimate": 2.0, "currentQuarterEstimateDate": "2Q", "currentQuarterEstimateYear": 2018, "earningsDate": []}, "financialsChart": {"yearly": [{"date": 2017, "revenue": 21684235000, "earnings": 6059826000}, {"date": 2018, "revenue": 19243646000, "earnings": 3456722000}, {"date": 2019, "revenue": 19370363000, "earnings": 2108674000}, {"date": 2020, "revenue": 20138957000, "earnings": 2350247000}], "quarterly": [{"date": "3Q2019", "revenue": 5088400000, "earnings": 633300000}, {"date": "4Q2019", "revenue": 4730100000, "earnings": 150700000}, {"date": "1Q2020", "revenue": 5082057000, "earnings": 837047000}, {"date": "2Q2020", "revenue": 5414000000, "earnings": 1055000000}]}, "financialCurrency": "INR"}, "calendarEvents": {"maxAge": 1, "earnings": {"earningsDate": [], "earningsAverage": 2.0, "earningsLow": 2.0, "earningsHigh": 2.0, "revenueAverage": 8284000000, "revenueLow": 8284000000, "revenueHigh": 8284000000}}, "upgradeDowngradeHistory": {"history": [], "maxAge": 86400}, "price": {"maxAge": 1, "regularMarketChangePercent": -0.011352856, "regularMarketChange": -0.5999985, "regularMarketTime": "2021-04-30 15:53:41", "priceHint": 2, "regularMarketPrice": 52.25, "regularMarketDayHigh": 53.15, "regularMarketDayLow": 52.1, "regularMarketVolume": 59522, "averageDailyVolume10Day": 98801, "averageDailyVolume3Month": 299883, "regularMarketPreviousClose": 52.85, "regularMarketSource": "FREE_REALTIME", "regularMarketOpen": 52.4, "exchange": "BSE", "exchangeName": "BSE", "exchangeDataDelayedBy": 0, "marketState": "CLOSED", "quoteType": "EQUITY", "symbol": "KARURVYSYA.BO", "underlyingSymbol": null, "shortName": "KARUR VYSYA BANK LTD.", "longName": "The Karur Vysya Bank Limited", "currency": "INR", "quoteSourceName": "Delayed Quote", "currencySymbol": "\u20b9", "fromCurrency": null, "lastMarket": null, "marketCap": 41764524032}, "balanceSheetHistory": {"balanceSheetStatements": [{"maxAge": 1, "endDate": "2020-03-31", "cash": 21764475000, "shortTermInvestments": 2600000000, "otherCurrentAssets": 23914256000, "totalCurrentAssets": 48278731000, "longTermInvestments": 157624457000, "propertyPlantEquipment": 5866369000, "otherAssets": 471012144000, "deferredLongTermAssetCharges": 177860000, "totalAssets": 682781701000, "accountsPayable": 590750786000, "shortLongTermDebt": 2218255000, "otherCurrentLiab": 2135465000, "longTermDebt": 9623500000, "otherLiab": 10286314000, "totalCurrentLiabilities": 596869135000, "totalLiab": 616778949000, "commonStock": 1598642000, "retainedEarnings": 39113668000, "treasuryStock": 4636120000, "capitalSurplus": 20654322000, "otherStockholderEquity": 4636120000, "totalStockholderEquity": 66002752000, "netTangibleAssets": 66002752000}, {"maxAge": 1, "endDate": "2019-03-31", "cash": 12638251000, "shortTermInvestments": 400000000, "otherCurrentAssets": 28855042000, "totalCurrentAssets": 41893293000, "longTermInvestments": 148815854000, "propertyPlantEquipment": 5829858000, "otherAssets": 496862139000, "totalAssets": 693401144000, "accountsPayable": 598679519000, "shortLongTermDebt": 5971796000, "otherCurrentLiab": 2757462000, "longTermDebt": 9681600000, "otherLiab": 10222675000, "totalCurrentLiabilities": 609268821000, "totalLiab": 629173096000, "commonStock": 1598622000, "retainedEarnings": 39104295000, "treasuryStock": 2871412000, "capitalSurplus": 20653719000, "otherStockholderEquity": 2871412000, "totalStockholderEquity": 64228048000, "netTangibleAssets": 64228048000}, {"maxAge": 1, "endDate": "2018-03-31", "cash": 17500811000, "shortTermInvestments": 3250000000, "otherCurrentAssets": 25578038000, "totalCurrentAssets": 46328849000, "longTermInvestments": 158032077000, "propertyPlantEquipment": 5281915000, "otherAssets": 459771484000, "totalAssets": 669414325000, "accountsPayable": 568900906000, "otherCurrentLiab": 3170525000, "longTermDebt": 23939865000, "otherLiab": 8977031000, "totalCurrentLiabilities": 573855560000, "totalLiab": 606772456000, "commonStock": 1453279000, "retainedEarnings": 38048192000, "treasuryStock": 2341554000, "capitalSurplus": 20798844000, "otherStockholderEquity": 2341554000, "totalStockholderEquity": 62641869000, "netTangibleAssets": 62641869000}, {"maxAge": 1, "endDate": "2017-03-31", "cash": 17094826000, "shortTermInvestments": 4100000000, "otherCurrentAssets": 25299613000, "totalCurrentAssets": 46494439000, "longTermInvestments": 148574848000, "propertyPlantEquipment": 4186081000, "otherAssets": 418820838000, "totalAssets": 618076206000, "accountsPayable": 536998112000, "shortLongTermDebt": 14163600000, "otherCurrentLiab": 3538932000, "longTermDebt": 2792900000, "otherLiab": 8511849000, "totalCurrentLiabilities": 556414488000, "totalLiab": 567719237000, "commonStock": 1218645000, "retainedEarnings": 34768084000, "treasuryStock": 2221024000, "capitalSurplus": 12149216000, "otherStockholderEquity": 2221024000, "totalStockholderEquity": 50356969000, "netTangibleAssets": 50356969000}], "maxAge": 86400}, "earningsTrend": {"trend": [{"maxAge": 1, "period": "0q", "endDate": "2018-06-30", "growth": -0.115, "earningsEstimate": {"avg": 2.0, "low": 2.0, "high": 2.0, "yearAgoEps": 2.26, "numberOfAnalysts": 1, "growth": -0.115}, "revenueEstimate": {"avg": 8284000000, "low": 8284000000, "high": 8284000000, "numberOfAnalysts": 1, "yearAgoRevenue": 7748700000, "growth": 0.069}, "epsTrend": {"current": 2.0, "7daysAgo": 2.0, "30daysAgo": 2.0, "60daysAgo": 2.0, "90daysAgo": 2.0}, "epsRevisions": {"upLast7days": 0, "upLast30days": 0, "downLast30days": 0, "downLast90days": {}}}, {"maxAge": 1, "period": "+1q", "endDate": "2018-09-30", "growth": 1.4189999, "earningsEstimate": {"avg": 3.0, "low": 3.0, "high": 3.0, "yearAgoEps": 1.24, "numberOfAnalysts": 1, "growth": 1.4189999}, "revenueEstimate": {"avg": 8660000000, "low": 8660000000, "high": 8660000000, "numberOfAnalysts": 1, "yearAgoRevenue": 7851400000, "growth": 0.103}, "epsTrend": {"current": 3.0, "7daysAgo": 3.0, "30daysAgo": 3.0, "60daysAgo": 3.0, "90daysAgo": 3.0}, "epsRevisions": {"upLast7days": 0, "upLast30days": 0, "downLast30days": 0, "downLast90days": {}}}, {"maxAge": 1, "period": "0y", "endDate": "2019-03-31", "growth": 0.89199996, "earningsEstimate": {"avg": 9.42, "low": 6.9, "high": 11.5, "yearAgoEps": 4.98, "numberOfAnalysts": 12, "growth": 0.89199996}, "revenueEstimate": {"avg": 35293600000, "low": 33224000000, "high": 36469000000, "numberOfAnalysts": 13, "yearAgoRevenue": 31980400000, "growth": 0.103999995}, "epsTrend": {"current": 9.42, "7daysAgo": 9.23, "30daysAgo": 9.93, "60daysAgo": 9.93, "90daysAgo": 9.91}, "epsRevisions": {"upLast7days": 0, "upLast30days": 3, "downLast30days": 0, "downLast90days": {}}}, {"maxAge": 1, "period": "+1y", "endDate": "2020-03-31", "growth": 0.45200002, "earningsEstimate": {"avg": 13.68, "low": 11.5, "high": 16.7, "yearAgoEps": 9.42, "numberOfAnalysts": 12, "growth": 0.45200002}, "revenueEstimate": {"avg": 40590300000, "low": 39094000000, "high": 42865000000, "numberOfAnalysts": 12, "yearAgoRevenue": 35293600000, "growth": 0.15}, "epsTrend": {"current": 13.68, "7daysAgo": 13.41, "30daysAgo": 13.73, "60daysAgo": 13.73, "90daysAgo": 13.75}, "epsRevisions": {"upLast7days": 0, "upLast30days": 4, "downLast30days": 0, "downLast90days": {}}}, {"maxAge": 1, "period": "+5y", "endDate": null, "growth": {}, "earningsEstimate": {"avg": {}, "low": {}, "high": {}, "yearAgoEps": {}, "numberOfAnalysts": {}, "growth": {}}, "revenueEstimate": {"avg": {}, "low": {}, "high": {}, "numberOfAnalysts": {}, "yearAgoRevenue": {}, "growth": {}}, "epsTrend": {"current": {}, "7daysAgo": {}, "30daysAgo": {}, "60daysAgo": {}, "90daysAgo": {}}, "epsRevisions": {"upLast7days": {}, "upLast30days": {}, "downLast30days": {}, "downLast90days": {}}}, {"maxAge": 1, "period": "-5y", "endDate": null, "growth": -0.07549, "earningsEstimate": {"avg": {}, "low": {}, "high": {}, "yearAgoEps": {}, "numberOfAnalysts": {}, "growth": {}}, "revenueEstimate": {"avg": {}, "low": {}, "high": {}, "numberOfAnalysts": {}, "yearAgoRevenue": {}, "growth": {}}, "epsTrend": {"current": {}, "7daysAgo": {}, "30daysAgo": {}, "60daysAgo": {}, "90daysAgo": {}}, "epsRevisions": {"upLast7days": {}, "upLast30days": {}, "downLast30days": {}, "downLast90days": {}}}], "maxAge": 1}, "financialData": {"maxAge": 86400, "currentPrice": 52.25, "targetHighPrice": 170.0, "targetLowPrice": 103.0, "targetMeanPrice": 133.29, "targetMedianPrice": 132.0, "recommendationMean": 1.7, "recommendationKey": "buy", "numberOfAnalystOpinions": 14, "grossProfits": 20138957000, "financialCurrency": "INR"}}}