{"KARURVYSYA.NS": {"assetProfile": {"address1": "No. 20, Erode Road", "address2": "Vadivel Nagar, L.N.S.", "city": "Karur", "zip": "639002", "country": "India", "phone": "91 43 2426 9000", "fax": "91 43 2422 5700", "website": "http://www.kvb.co.in", "industry": "Banks\u2014Regional", "sector": "Financial Services", "longBusinessSummary": "The Karur Vysya Bank Limited provides various banking and financial services for personal and corporate customers in India. It operates through Treasury, Corporate/Wholesale Banking, Retail Banking, and Other Banking Operations segments. The company offers savings and current accounts; recurring and tax saving deposits; personal, home, vehicle, educational, and mortgage loans; debit and credit cards; prepaid instruments, including gift, forex travel, and re-loadable cards, as well as cards for senior citizens; life, non-life, and health insurance products; demat, trading, and mutual fund services, as well as sovereign gold bond schemes; digital products; locker facilities; and government schemes. It also provides loans for micro, small, and medium enterprises, as well as commercial loans; payment collection and transaction banking services; FCNR, NRE, and NRO deposits; jewel loans and loans against deposits; bancassurance services; treasury and remittance services; and Internet and mobile banking services, as well as a range of products for the agricultural sector. As of March 31, 2020, the company operated 779 branches and 1,659 automated teller machines. The Karur Vysya Bank Limited was founded in 1916 and is based in Karur, India.", "fullTimeEmployees": 7935, "companyOfficers": [{"maxAge": 1, "name": "Mr. J.  Natarajan M.A, C.A.I.I.B.", "age": 59, "title": "Pres & COO", "yearBorn": 1961, "exercisedValue": 0, "unexercisedValue": 0}, {"maxAge": 1, "name": "Mr. Mocherla Durga Ramesh Murthy", "age": 55, "title": "GM & CFO", "yearBorn": 1965, "exercisedValue": 0, "unexercisedValue": 0}, {"maxAge": 1, "name": "Mr. G. S. Anantha Kumar", "age": 59, "title": "Chief Gen. Mang. & Head of CBG and ABG", "yearBorn": 1961, "exercisedValue": 0, "unexercisedValue": 0}, {"maxAge": 1, "name": "Mr. S.  Balaji LLB Sociology, M.A., C.A.I.I.B.", "age": 59, "title": "Chief Gen. Mang.", "yearBorn": 1961, "exercisedValue": 0, "unexercisedValue": 0}, {"maxAge": 1, "name": "Mr. Ramesh Babu Boddu", "age": 60, "title": "MD, CEO & Director", "yearBorn": 1960, "exercisedValue": 0, "unexercisedValue": 0}, {"maxAge": 1, "name": "Mr. G. P. Ashok Kumar B.Com., C.A.I.I.B., C.I.S.A., D.C.M.P", "title": "GM of Data Centre & CTO", "exercisedValue": 0, "unexercisedValue": 0}, {"maxAge": 1, "name": "Mr. V.  Srinivasan M.B.A, J.A.I.I.B.", "age": 58, "title": "GM & Head of Credit Monitoring, legal and Recovery", "yearBorn": 1962, "exercisedValue": 0, "unexercisedValue": 0}, {"maxAge": 1, "name": "Mr. K. V. S. M. Sudhakar", "title": "CCO & GM of Compliance", "exercisedValue": 0, "unexercisedValue": 0}, {"maxAge": 1, "name": "Mr. S.  Sekar B.Sc., B.Sc (Maths)", "age": 56, "title": "GM of IT & CIO", "yearBorn": 1964, "exercisedValue": 0, "unexercisedValue": 0}, {"maxAge": 1, "name": "Mr. K.  Mahendran", "age": 54, "title": "Head of Precious Metals Division & GM", "yearBorn": 1966, "exercisedValue": 0, "unexercisedValue": 0}], "maxAge": 86400}, "recommendationTrend": {"trend": [{"period": "0m", "strongBuy": 0, "buy": 0, "hold": 0, "sell": 0, "strongSell": 0}, {"period": "-1m", "strongBuy": 0, "buy": 0, "hold": 0, "sell": 0, "strongSell": 0}, {"period": "-2m", "strongBuy": 0, "buy": 0, "hold": 0, "sell": 0, "strongSell": 0}, {"period": "-3m", "strongBuy": 0, "buy": 0, "hold": 0, "sell": 0, "strongSell": 0}], "maxAge": 86400}, "cashflowStatementHistory": {"cashflowStatements": [{"maxAge": 1, "endDate": "2020-03-31", "netIncome": 2350247000, "depreciation": 1188816000, "changeToNetincome": 15610410000, "changeToLiabilities": 0, "changeToOperatingActivities": 13817457000, "totalCashFromOperatingActivities": 32966930000, "capitalExpenditures": -1225327000, "investments": -13996254000, "otherCashflowsFromInvestingActivities": -124566000, "totalCashflowsFromInvestingActivities": -15346147000, "dividendsPaid": -583918000, "netBorrowings": -1500000000, "otherCashflowsFromFinancingActivities": -8582418000, "totalCashFromFinancingActivities": -10665713000, "changeInCash": 6955070000, "issuanceOfStock": 623000}, {"maxAge": 1, "endDate": "2019-03-31", "netIncome": 2108674000, "depreciation": 1012166000, "changeToNetincome": 13800717000, "changeToLiabilities": 0, "changeToOperatingActivities": -62456718000, "totalCashFromOperatingActivities": -45535161000, "capitalExpenditures": -1560110000, "investments": 7041086000, "otherCashflowsFromInvestingActivities": -124566000, "totalCashflowsFromInvestingActivities": 5493514000, "dividendsPaid": -549132000, "netBorrowings": 4870000000, "otherCashflowsFromFinancingActivities": 29598825000, "totalCashFromFinancingActivities": 33919911000, "changeInCash": -6121736000, "issuanceOfStock": 218000}, {"maxAge": 1, "endDate": "2018-03-31", "netIncome": 3456722000, "depreciation": 852460000, "changeToNetincome": 11727596000, "changeToLiabilities": 0, "changeToOperatingActivities": -53434713000, "totalCashFromOperatingActivities": -37397935000, "capitalExpenditures": -1943100000, "investments": 245750000, "otherCashflowsFromInvestingActivities": -124566000, "totalCashflowsFromInvestingActivities": -1697350000, "dividendsPaid": -1902597000, "netBorrowings": 4870000000, "otherCashflowsFromFinancingActivities": 31723056000, "totalCashFromFinancingActivities": 38736558000, "changeInCash": -358727000, "issuanceOfStock": 8916099000}, {"maxAge": 1, "endDate": "2017-03-31", "netIncome": 6059826000, "depreciation": 858899000, "changeToNetincome": 6140048000, "changeToLiabilities": 0, "changeToOperatingActivities": -33155335000, "totalCashFromOperatingActivities": -20096562000, "capitalExpenditures": -852132000, "investments": 245750000, "otherCashflowsFromInvestingActivities": -124566000, "totalCashflowsFromInvestingActivities": -838630000, "dividendsPaid": -591372000, "netBorrowings": 4870000000, "otherCashflowsFromFinancingActivities": 36061504000, "totalCashFromFinancingActivities": 35470132000, "changeInCash": 14534940000, "issuanceOfStock": 8916099000}], "maxAge": 86400}, "indexTrend": {"maxAge": 1, "symbol": "SP5", "peRatio": 19.7411, "pegRatio": 1.34172, "estimates": [{"period": "0q", "growth": 0.549}, {"period": "+1q", "growth": 0.431}, {"period": "0y", "growth": 0.305}, {"period": "+1y", "growth": 0.109}, {"period": "+5y", "growth": 0.120865}, {"period": "-5y"}]}, "defaultKeyStatistics": {"maxAge": 1, "priceHint": 2, "enterpriseValue": 27922909184, "profitMargins": 0.1491, "floatShares": 671185774, "sharesOutstanding": 799321024, "heldPercentInsiders": 0.17827, "heldPercentInstitutions": 0.29163998, "beta": 1.55322, "category": null, "bookValue": 85.488, "priceToBook": 0.61061203, "fundFamily": null, "legalType": null, "lastFiscalYearEnd": "2020-03-31 05:30:00", "nextFiscalYearEnd": "2022-03-31 05:30:00", "mostRecentQuarter": "2020-12-31 05:30:00", "earningsQuarterlyGrowth": 1.298, "netIncomeToCommon": 3387247104, "trailingEps": 4.242, "forwardEps": 11.15, "lastSplitFactor": "11:10", "lastSplitDate": "2018-08-14 05:30:00", "enterpriseToRevenue": 1.229, "52WeekChange": 0.8776978, "SandP52WeekChange": 0.48148263, "lastDividendValue": 0.6, "lastDividendDate": 1562803200}, "industryTrend": {"maxAge": 1, "symbol": null, "estimates": []}, "quoteType": {"exchange": "NSI", "quoteType": "EQUITY", "symbol": "KARURVYSYA.NS", "underlyingSymbol": "KARURVYSYA.NS", "shortName": "KARUR VYSYA BANK", "longName": "The Karur Vysya Bank Limited", "firstTradeDateEpochUtc": "1996-01-01 09:15:00", "timeZoneFullName": "Asia/Kolkata", "timeZoneShortName": "IST", "uuid": "d2d0933f-8c84-3229-829b-15d540aeffe8", "messageBoardId": "finmb_20346407", "gmtOffSetMilliseconds": 19800000, "maxAge": 1}, "incomeStatementHistory": {"incomeStatementHistory": [{"maxAge": 1, "endDate": "2020-03-31", "totalRevenue": 20138957000, "costOfRevenue": 0, "grossProfit": 20138957000, "researchDevelopment": {}, "sellingGeneralAdministrative": 13570444000, "nonRecurring": {}, "otherOperatingExpenses": 3844658000, "totalOperatingExpenses": 17417110000, "operatingIncome": 2721847000, "totalOtherIncomeExpenseNet": 0, "ebit": 0, "interestExpense": {}, "incomeBeforeTax": 2721847000, "incomeTaxExpense": 371600000, "minorityInterest": {}, "netIncomeFromContinuingOps": 2350247000, "discontinuedOperations": {}, "extraordinaryItems": {}, "effectOfAccountingCharges": {}, "otherItems": {}, "netIncome": 2350247000, "netIncomeApplicableToCommonShares": 2350247000}, {"maxAge": 1, "endDate": "2019-03-31", "totalRevenue": 19370363000, "costOfRevenue": 0, "grossProfit": 19370363000, "researchDevelopment": {}, "sellingGeneralAdministrative": 12164267000, "nonRecurring": {}, "otherOperatingExpenses": 3980934000, "totalOperatingExpenses": 16148089000, "operatingIncome": 3222274000, "totalOtherIncomeExpenseNet": 0, "ebit": 0, "interestExpense": {}, "incomeBeforeTax": 3222274000, "incomeTaxExpense": 1113600000, "minorityInterest": {}, "netIncomeFromContinuingOps": 2108674000, "discontinuedOperations": {}, "extraordinaryItems": {}, "effectOfAccountingCharges": {}, "otherItems": {}, "netIncome": 2108674000, "netIncomeApplicableToCommonShares": 2108674000}, {"maxAge": 1, "endDate": "2018-03-31", "totalRevenue": 19243646000, "costOfRevenue": 0, "grossProfit": 19243646000, "researchDevelopment": {}, "sellingGeneralAdministrative": 10752913000, "nonRecurring": {}, "otherOperatingExpenses": 3454311000, "totalOperatingExpenses": 14207224000, "operatingIncome": 5036422000, "totalOtherIncomeExpenseNet": 0, "ebit": 0, "interestExpense": {}, "incomeBeforeTax": 5036422000, "incomeTaxExpense": 1579700000, "minorityInterest": {}, "netIncomeFromContinuingOps": 3456722000, "discontinuedOperations": {}, "extraordinaryItems": {}, "effectOfAccountingCharges": {}, "otherItems": {}, "netIncome": 3456722000, "netIncomeApplicableToCommonShares": 3456722000}, {"maxAge": 1, "endDate": "2017-03-31", "totalRevenue": 21684235000, "costOfRevenue": 0, "grossProfit": 21684235000, "researchDevelopment": {}, "sellingGeneralAdministrative": 9994805000, "nonRecurring": {}, "otherOperatingExpenses": 2854704000, "totalOperatingExpenses": 12849509000, "operatingIncome": 8834726000, "totalOtherIncomeExpenseNet": 0, "ebit": 0, "interestExpense": {}, "incomeBeforeTax": 8834726000, "incomeTaxExpense": 2774900000, "minorityInterest": {}, "netIncomeFromContinuingOps": 6059826000, "discontinuedOperations": {}, "extraordinaryItems": {}, "effectOfAccountingCharges": {}, "otherItems": {}, "netIncome": 6059826000, "netIncomeApplicableToCommonShares": 6059826000}], "maxAge": 86400}, "fundOwnership": {"maxAge": 1, "ownershipList": [{"maxAge": 1, "reportDate": "2021-01-31", "organization": "Vanguard International Stock Index-Emerging Markets Stk", "pctHeld": 0.1873, "position": 5618887, "value": 238521753}, {"maxAge": 1, "reportDate": "2021-01-31", "organization": "Vanguard International Stock Index-Total Intl Stock Indx", "pctHeld": 0.1446, "position": 4337526, "value": 184127978}, {"maxAge": 1, "reportDate": "2021-03-31", "organization": "iShares Core MSCI Emerging Markets ETF", "pctHeld": 0.1258, "position": 3775190, "value": 209900564}, {"maxAge": 1, "reportDate": "2021-01-31", "organization": "DFA Emerging Markets Core Equity Portfolio", "pctHeld": 0.0784, "position": 2351749, "value": 99831745}, {"maxAge": 1, "reportDate": "2021-01-31", "organization": "DFA Investment Dimensions-DFA Emerging Mkts Value", "pctHeld": 0.0753, "position": 2259617, "value": 95920741}, {"maxAge": 1, "reportDate": "2021-01-31", "organization": "DFA Emerging Markets Small Cap Series", "pctHeld": 0.0559, "position": 1677921, "value": 71227746}, {"maxAge": 1, "reportDate": "2021-01-31", "organization": "Vanguard Intl Equity Index Fds-FTSE All World ex U.S.Small Cap Index", "pctHeld": 0.0312, "position": 936302, "value": 39746019}, {"maxAge": 1, "reportDate": "2021-03-31", "organization": "iShares Core MSCI Total International Stock ETF", "pctHeld": 0.0294, "position": 882579, "value": 49071392}, {"maxAge": 1, "reportDate": "2021-02-28", "organization": "WisdomTree Tr-WisdomTree India Earnings Fd", "pctHeld": 0.0254, "position": 762822, "value": 45502332}, {"maxAge": 1, "reportDate": "2021-03-31", "organization": "iShares MSCI India Small Cap ETF", "pctHeld": 0.024500001, "position": 734019, "value": 40811456}]}, "summaryDetail": {"maxAge": 1, "priceHint": 2, "previousClose": 52.8, "open": 52.3, "dayLow": 52.0, "dayHigh": 53.1, "regularMarketPreviousClose": 52.8, "regularMarketOpen": 52.3, "regularMarketDayLow": 52.0, "regularMarketDayHigh": 53.1, "exDividendDate": "2019-07-11 05:30:00", "payoutRatio": 0.0, "beta": 1.55322, "trailingPE": 12.305516, "forwardPE": 4.6816144, "volume": 843664, "regularMarketVolume": 843664, "averageVolume": 2857976, "averageVolume10days": 1256288, "averageDailyVolume10Day": 1256288, "bid": 0.0, "ask": 0.0, "bidSize": 0, "askSize": 0, "marketCap": 41764073472, "fiftyTwoWeekLow": 22.8, "fiftyTwoWeekHigh": 64.55, "priceToSalesTrailing12Months": 1.8383808, "fiftyDayAverage": 55.544445, "twoHundredDayAverage": 47.27793, "trailingAnnualDividendRate": 0.6, "trailingAnnualDividendYield": 0.011363637, "currency": "INR", "fromCurrency": null, "toCurrency": null, "lastMarket": null, "algorithm": null, "tradeable": false}, "insiderHolders": {"holders": [], "maxAge": 1}, "calendarEvents": {"maxAge": 1, "earnings": {"earningsDate": [], "revenueAverage": 8724000000, "revenueLow": 8724000000, "revenueHigh": 8724000000}, "exDividendDate": "2019-07-11 05:30:00"}, "price": {"maxAge": 1, "regularMarketChangePercent": -0.011363608, "regularMarketChange": -0.5999985, "regularMarketTime": "2021-04-30 15:30:00", "priceHint": 2, "regularMarketPrice": 52.2, "regularMarketDayHigh": 53.1, "regularMarketDayLow": 52.0, "regularMarketVolume": 843664, "averageDailyVolume10Day": 1256288, "averageDailyVolume3Month": 2857976, "regularMarketPreviousClose": 52.8, "regularMarketSource": "FREE_REALTIME", "regularMarketOpen": 52.3, "exchange": "NSI", "exchangeName": "NSE", "exchangeDataDelayedBy": 15, "marketState": "CLOSED", "quoteType": "EQUITY", "symbol": "KARURVYSYA.NS", "underlyingSymbol": null, "shortName": "KARUR VYSYA BANK", "longName": "The Karur Vysya Bank Limited", "currency": "INR", "quoteSourceName": "Delayed Quote", "currencySymbol": "\u20b9", "fromCurrency": null, "toCurrency": null, "lastMarket": null, "marketCap": 41764073472}, "balanceSheetHistory": {"balanceSheetStatements": [{"maxAge": 1, "endDate": "2020-03-31", "cash": 21764475000, "shortTermInvestments": 2600000000, "otherCurrentAssets": 23914256000, "totalCurrentAssets": 48278731000, "longTermInvestments": 157624457000, "propertyPlantEquipment": 5866369000, "otherAssets": 471012144000, "deferredLongTermAssetCharges": 177860000, "totalAssets": 682781701000, "accountsPayable": 590750786000, "shortLongTermDebt": 2218255000, "otherCurrentLiab": 2135465000, "longTermDebt": 9623500000, "otherLiab": 10286314000, "totalCurrentLiabilities": 596869135000, "totalLiab": 616778949000, "commonStock": 1598642000, "retainedEarnings": 39113668000, "treasuryStock": 4636120000, "capitalSurplus": 20654322000, "otherStockholderEquity": 4636120000, "totalStockholderEquity": 66002752000, "netTangibleAssets": 66002752000}, {"maxAge": 1, "endDate": "2019-03-31", "cash": 12638251000, "shortTermInvestments": 400000000, "otherCurrentAssets": 28855042000, "totalCurrentAssets": 41893293000, "longTermInvestments": 148815854000, "propertyPlantEquipment": 5829858000, "otherAssets": 496862139000, "totalAssets": 693401144000, "accountsPayable": 598679519000, "shortLongTermDebt": 5971796000, "otherCurrentLiab": 2757462000, "longTermDebt": 9681600000, "otherLiab": 10222675000, "totalCurrentLiabilities": 609268821000, "totalLiab": 629173096000, "commonStock": 1598622000, "retainedEarnings": 39104295000, "treasuryStock": 2871412000, "capitalSurplus": 20653719000, "otherStockholderEquity": 2871412000, "totalStockholderEquity": 64228048000, "netTangibleAssets": 64228048000}, {"maxAge": 1, "endDate": "2018-03-31", "cash": 17500811000, "shortTermInvestments": 3250000000, "otherCurrentAssets": 25578038000, "totalCurrentAssets": 46328849000, "longTermInvestments": 158032077000, "propertyPlantEquipment": 5281915000, "otherAssets": 459771484000, "totalAssets": 669414325000, "accountsPayable": 568900906000, "otherCurrentLiab": 3170525000, "longTermDebt": 23939865000, "otherLiab": 8977031000, "totalCurrentLiabilities": 573855560000, "totalLiab": 606772456000, "commonStock": 1453279000, "retainedEarnings": 38048192000, "treasuryStock": 2341554000, "capitalSurplus": 20798844000, "otherStockholderEquity": 2341554000, "totalStockholderEquity": 62641869000, "netTangibleAssets": 62641869000}, {"maxAge": 1, "endDate": "2017-03-31", "cash": 17094826000, "shortTermInvestments": 4100000000, "otherCurrentAssets": 25299613000, "totalCurrentAssets": 46494439000, "longTermInvestments": 148574848000, "propertyPlantEquipment": 4186081000, "otherAssets": 418820838000, "totalAssets": 618076206000, "accountsPayable": 536998112000, "shortLongTermDebt": 14163600000, "otherCurrentLiab": 3538932000, "longTermDebt": 2792900000, "otherLiab": 8511849000, "totalCurrentLiabilities": 556414488000, "totalLiab": 567719237000, "commonStock": 1218645000, "retainedEarnings": 34768084000, "treasuryStock": 2221024000, "capitalSurplus": 12149216000, "otherStockholderEquity": 2221024000, "totalStockholderEquity": 50356969000, "netTangibleAssets": 50356969000}], "maxAge": 86400}, "earningsTrend": {"trend": [{"maxAge": 1, "period": "0q", "endDate": "2018-12-31", "growth": {}, "earningsEstimate": {"avg": 0.0, "low": 0.0, "high": 0.0, "yearAgoEps": 0.95, "numberOfAnalysts": 0, "growth": {}}, "revenueEstimate": {"avg": 8724000000, "low": 8724000000, "high": 8724000000, "numberOfAnalysts": 1, "yearAgoRevenue": 7864900000, "growth": 0.109}, "epsTrend": {"current": 0.0, "7daysAgo": 2.0, "30daysAgo": 2.0, "60daysAgo": 2.0, "90daysAgo": 2.0}, "epsRevisions": {"upLast7days": 0, "upLast30days": 0, "downLast30days": 0, "downLast90days": {}}}, {"maxAge": 1, "period": "+1q", "endDate": "2019-03-31", "growth": {}, "earningsEstimate": {"avg": 0.0, "low": 0.0, "high": 0.0, "yearAgoEps": 0.6, "numberOfAnalysts": 0, "growth": {}}, "revenueEstimate": {"avg": 9683000000, "low": 9683000000, "high": 9683000000, "numberOfAnalysts": 1, "yearAgoRevenue": 8515400000, "growth": 0.137}, "epsTrend": {"current": 0.0, "7daysAgo": 3.0, "30daysAgo": 3.0, "60daysAgo": 3.0, "90daysAgo": 3.0}, "epsRevisions": {"upLast7days": 0, "upLast30days": 0, "downLast30days": 0, "downLast90days": {}}}, {"maxAge": 1, "period": "0y", "endDate": "2019-03-31", "growth": {}, "earningsEstimate": {"avg": 0.0, "low": 0.0, "high": 0.0, "yearAgoEps": {}, "numberOfAnalysts": 0, "growth": {}}, "revenueEstimate": {"avg": 34051200000, "low": 32877000000, "high": 34786000000, "numberOfAnalysts": 5, "yearAgoRevenue": 31980400000, "growth": 0.065}, "epsTrend": {"current": 0.0, "7daysAgo": 3.55, "30daysAgo": 3.55, "60daysAgo": 3.55, "90daysAgo": 3.55}, "epsRevisions": {"upLast7days": 0, "upLast30days": 0, "downLast30days": 0, "downLast90days": {}}}, {"maxAge": 1, "period": "+1y", "endDate": "2020-03-31", "growth": {}, "earningsEstimate": {"avg": 0.0, "low": 0.0, "high": 0.0, "yearAgoEps": {}, "numberOfAnalysts": 0, "growth": {}}, "revenueEstimate": {"avg": 39752600000, "low": 37738000000, "high": 42250000000, "numberOfAnalysts": 10, "yearAgoRevenue": 34051200000, "growth": 0.16700001}, "epsTrend": {"current": 0.0, "7daysAgo": 11.15, "30daysAgo": 11.15, "60daysAgo": 11.15, "90daysAgo": 11.15}, "epsRevisions": {"upLast7days": 0, "upLast30days": 0, "downLast30days": 0, "downLast90days": {}}}, {"maxAge": 1, "period": "+5y", "endDate": null, "growth": {}, "earningsEstimate": {"avg": {}, "low": {}, "high": {}, "yearAgoEps": {}, "numberOfAnalysts": {}, "growth": {}}, "revenueEstimate": {"avg": {}, "low": {}, "high": {}, "numberOfAnalysts": {}, "yearAgoRevenue": {}, "growth": {}}, "epsTrend": {"current": {}, "7daysAgo": {}, "30daysAgo": {}, "60daysAgo": {}, "90daysAgo": {}}, "epsRevisions": {"upLast7days": {}, "upLast30days": {}, "downLast30days": {}, "downLast90days": {}}}, {"maxAge": 1, "period": "-5y", "endDate": null, "growth": {}, "earningsEstimate": {"avg": {}, "low": {}, "high": {}, "yearAgoEps": {}, "numberOfAnalysts": {}, "growth": {}}, "revenueEstimate": {"avg": {}, "low": {}, "high": {}, "numberOfAnalysts": {}, "yearAgoRevenue": {}, "growth": {}}, "epsTrend": {"current": {}, "7daysAgo": {}, "30daysAgo": {}, "60daysAgo": {}, "90daysAgo": {}}, "epsRevisions": {"upLast7days": {}, "upLast30days": {}, "downLast30days": {}, "downLast90days": {}}}], "maxAge": 1}, "institutionOwnership": {"maxAge": 1, "ownershipList": []}, "majorHoldersBreakdown": {"maxAge": 1, "insidersPercentHeld": 0.17827, "institutionsPercentHeld": 0.29163998, "institutionsFloatPercentHeld": 0.35491002, "institutionsCount": 32}, "balanceSheetHistoryQuarterly": {"balanceSheetStatements": [{"maxAge": 1, "endDate": "2020-12-31", "totalStockholderEquity": 68206700000, "netTangibleAssets": 68206700000}, {"maxAge": 1, "endDate": "2020-09-30", "cash": 27943200000, "totalCurrentAssets": 27943200000, "longTermInvestments": 184346400000, "propertyPlantEquipment": 5563500000, "otherAssets": 493894100000, "totalAssets": 711747200000, "accountsPayable": 611224100000, "longTermDebt": 13826900000, "otherLiab": 18489500000, "totalCurrentLiabilities": 611224100000, "totalLiab": 643540500000, "commonStock": 1598600000, "treasuryStock": 66608100000, "otherStockholderEquity": 66608100000, "totalStockholderEquity": 68206700000, "netTangibleAssets": 68206700000}, {"maxAge": 1, "endDate": "2020-06-30", "totalStockholderEquity": 66002700000, "netTangibleAssets": 66002700000}, {"maxAge": 1, "endDate": "2020-03-31", "cash": 21764475000, "shortTermInvestments": 2600000000, "otherCurrentAssets": 23914256000, "totalCurrentAssets": 48278731000, "longTermInvestments": 157624457000, "propertyPlantEquipment": 5866369000, "otherAssets": 471012144000, "deferredLongTermAssetCharges": 177860000, "totalAssets": 682781701000, "accountsPayable": 590750786000, "shortLongTermDebt": 2218255000, "otherCurrentLiab": 2135465000, "longTermDebt": 9623500000, "otherLiab": 10286314000, "totalCurrentLiabilities": 596869135000, "totalLiab": 616778949000, "commonStock": 1598642000, "retainedEarnings": 39113668000, "treasuryStock": 4636120000, "capitalSurplus": 20654322000, "otherStockholderEquity": 4636120000, "totalStockholderEquity": 66002752000, "netTangibleAssets": 66002752000}], "maxAge": 86400}, "earningsHistory": {"history": [{"maxAge": 1, "epsActual": 0.95, "epsEstimate": 1.88, "epsDifference": -0.93, "surprisePercent": -0.495, "quarter": "2017-12-31", "period": "-4q"}, {"maxAge": 1, "epsActual": 0.6, "epsEstimate": 1.36, "epsDifference": -0.76, "surprisePercent": -0.559, "quarter": "2018-03-31", "period": "-3q"}, {"maxAge": 1, "epsActual": 0.55, "epsEstimate": 1.18, "epsDifference": -0.63, "surprisePercent": -0.53400004, "quarter": "2018-06-30", "period": "-2q"}, {"maxAge": 1, "epsActual": 1.05, "epsEstimate": 2.66, "epsDifference": -1.61, "surprisePercent": -0.605, "quarter": "2018-09-30", "period": "-1q"}], "maxAge": 86400}, "summaryProfile": {"address1": "No. 20, Erode Road", "address2": "Vadivel Nagar, L.N.S.", "city": "Karur", "zip": "639002", "country": "India", "phone": "91 43 2426 9000", "fax": "91 43 2422 5700", "website": "http://www.kvb.co.in", "industry": "Banks\u2014Regional", "sector": "Financial Services", "longBusinessSummary": "The Karur Vysya Bank Limited provides various banking and financial services for personal and corporate customers in India. It operates through Treasury, Corporate/Wholesale Banking, Retail Banking, and Other Banking Operations segments. The company offers savings and current accounts; recurring and tax saving deposits; personal, home, vehicle, educational, and mortgage loans; debit and credit cards; prepaid instruments, including gift, forex travel, and re-loadable cards, as well as cards for senior citizens; life, non-life, and health insurance products; demat, trading, and mutual fund services, as well as sovereign gold bond schemes; digital products; locker facilities; and government schemes. It also provides loans for micro, small, and medium enterprises, as well as commercial loans; payment collection and transaction banking services; FCNR, NRE, and NRO deposits; jewel loans and loans against deposits; bancassurance services; treasury and remittance services; and Internet and mobile banking services, as well as a range of products for the agricultural sector. As of March 31, 2020, the company operated 779 branches and 1,659 automated teller machines. The Karur Vysya Bank Limited was founded in 1916 and is based in Karur, India.", "fullTimeEmployees": 7935, "companyOfficers": [], "maxAge": 86400}, "netSharePurchaseActivity": {"maxAge": 1, "period": "6m", "buyInfoCount": 0, "buyInfoShares": 0, "sellInfoCount": 0, "netInfoCount": 0, "netInfoShares": 0, "netPercentInsiderShares": 0.0, "totalInsiderShares": 143569536}, "sectorTrend": {"maxAge": 1, "symbol": null, "estimates": []}, "incomeStatementHistoryQuarterly": {"incomeStatementHistory": [{"maxAge": 1, "endDate": "2020-12-31", "totalRevenue": 6338600000, "costOfRevenue": 0, "grossProfit": 6338600000, "researchDevelopment": {}, "sellingGeneralAdministrative": 3682800000, "nonRecurring": {}, "otherOperatingExpenses": 2098800000, "totalOperatingExpenses": 5781600000, "operatingIncome": 557000000, "totalOtherIncomeExpenseNet": 0, "ebit": 0, "interestExpense": {}, "incomeBeforeTax": 557000000, "incomeTaxExpense": 210700000, "minorityInterest": {}, "netIncomeFromContinuingOps": 346300000, "discontinuedOperations": {}, "extraordinaryItems": {}, "effectOfAccountingCharges": {}, "otherItems": {}, "netIncome": 346300000, "netIncomeApplicableToCommonShares": 346300000}, {"maxAge": 1, "endDate": "2020-09-30", "totalRevenue": 5883200000, "costOfRevenue": 0, "grossProfit": 5883200000, "researchDevelopment": {}, "sellingGeneralAdministrative": 2205500000, "nonRecurring": {}, "otherOperatingExpenses": 2037400000, "totalOperatingExpenses": 4242900000, "operatingIncome": 1640300000, "totalOtherIncomeExpenseNet": 0, "ebit": 0, "interestExpense": {}, "incomeBeforeTax": 1640300000, "incomeTaxExpense": 491400000, "minorityInterest": {}, "netIncomeFromContinuingOps": 1148900000, "discontinuedOperations": {}, "extraordinaryItems": {}, "effectOfAccountingCharges": {}, "otherItems": {}, "netIncome": 1148900000, "netIncomeApplicableToCommonShares": 1148900000}, {"maxAge": 1, "endDate": "2020-06-30", "totalRevenue": 5414000000, "costOfRevenue": 0, "grossProfit": 5414000000, "researchDevelopment": {}, "sellingGeneralAdministrative": 2136400000, "nonRecurring": {}, "otherOperatingExpenses": 1914500000, "totalOperatingExpenses": 4050900000, "operatingIncome": 1363100000, "totalOtherIncomeExpenseNet": 0, "ebit": 0, "interestExpense": {}, "incomeBeforeTax": 1363100000, "incomeTaxExpense": 308100000, "minorityInterest": {}, "netIncomeFromContinuingOps": 1055000000, "discontinuedOperations": {}, "extraordinaryItems": {}, "effectOfAccountingCharges": {}, "otherItems": {}, "netIncome": 1055000000, "netIncomeApplicableToCommonShares": 1055000000}, {"maxAge": 1, "endDate": "2020-03-31", "totalRevenue": 5082057000, "costOfRevenue": 0, "grossProfit": 5082057000, "researchDevelopment": {}, "sellingGeneralAdministrative": 7148144000, "nonRecurring": {}, "otherOperatingExpenses": -2773742000, "totalOperatingExpenses": 4376410000, "operatingIncome": 705647000, "totalOtherIncomeExpenseNet": 0, "ebit": 0, "interestExpense": {}, "incomeBeforeTax": 705647000, "incomeTaxExpense": -131400000, "minorityInterest": {}, "netIncomeFromContinuingOps": 837047000, "discontinuedOperations": {}, "extraordinaryItems": {}, "effectOfAccountingCharges": {}, "otherItems": {}, "netIncome": 837047000, "netIncomeApplicableToCommonShares": 837047000}], "maxAge": 86400}, "cashflowStatementHistoryQuarterly": {"cashflowStatements": [{"maxAge": 1, "endDate": "2020-12-31", "netIncome": 346300000, "changeToLiabilities": 0}, {"maxAge": 1, "endDate": "2020-09-30", "netIncome": 1148900000, "changeToLiabilities": 0}, {"maxAge": 1, "endDate": "2020-06-30", "netIncome": 1055000000, "changeToLiabilities": 0}, {"maxAge": 1, "endDate": "2020-03-31", "netIncome": 837047000, "changeToLiabilities": 0}], "maxAge": 86400}, "earnings": {"maxAge": 86400, "earningsChart": {"quarterly": [{"date": "4Q2017", "actual": 0.95, "estimate": 1.88}, {"date": "1Q2018", "actual": 0.6, "estimate": 1.36}, {"date": "2Q2018", "actual": 0.55, "estimate": 1.18}, {"date": "3Q2018", "actual": 1.05, "estimate": 2.66}], "currentQuarterEstimateDate": "4Q", "currentQuarterEstimateYear": 2018, "earningsDate": []}, "financialsChart": {"yearly": [{"date": 2017, "revenue": 21684235000, "earnings": 6059826000}, {"date": 2018, "revenue": 19243646000, "earnings": 3456722000}, {"date": 2019, "revenue": 19370363000, "earnings": 2108674000}, {"date": 2020, "revenue": 20138957000, "earnings": 2350247000}], "quarterly": [{"date": "1Q2020", "revenue": 5082057000, "earnings": 837047000}, {"date": "2Q2020", "revenue": 5414000000, "earnings": 1055000000}, {"date": "3Q2020", "revenue": 5883200000, "earnings": 1148900000}, {"date": "4Q2020", "revenue": 6338600000, "earnings": 346300000}]}, "financialCurrency": "INR"}, "financialData": {"maxAge": 86400, "currentPrice": 52.2, "targetHighPrice": 140.91, "targetLowPrice": 87.0, "targetMeanPrice": 111.88, "targetMedianPrice": 110.5, "recommendationKey": "none", "numberOfAnalystOpinions": 14, "totalCash": 27943200768, "totalCashPerShare": 34.697, "totalDebt": 13826899968, "totalRevenue": 22717857792, "revenuePerShare": 28.453, "grossProfits": 20138957000, "earningsGrowth": 1.263, "revenueGrowth": 0.34, "grossMargins": 0.0, "ebitdaMargins": 0.0, "operatingMargins": 0.18778, "profitMargins": 0.1491, "financialCurrency": "INR"}}}