{"KAUSHALYA.NS": {"assetProfile": {"address1": "HB-170, Sector III", "address2": "Salt Lake", "city": "Kolkata", "zip": "700106", "country": "India", "phone": "91 33 2334 4148", "fax": "91 33 2334 4148", "website": "http://www.kaushalya.net", "industry": "Engineering & Construction", "sector": "Industrials", "longBusinessSummary": "Kaushalya Infrastructure Development Corporation Limited primarily engages in executing construction contracts relating to infrastructure and real estate developments in India. The company operates in two segments, Construction and Hotel. It develops highways, bridges, and industrial infrastructure; electrification and irrigation projects; and residential and commercial complexes. The company is also involved in the operation of hotels; and acquisition, development, and sale of land. Kaushalya Infrastructure Development Corporation Limited was incorporated in 1992 and is headquartered in Kolkata, India.", "fullTimeEmployees": 6, "companyOfficers": [{"maxAge": 1, "name": "Mr. Tarak Nath Mishra", "age": 51, "title": "CFO & Whole Time Director", "yearBorn": 1969, "fiscalYear": 2020, "totalPay": 528000, "exercisedValue": 0, "unexercisedValue": 0}, {"maxAge": 1, "name": "Mr. Sanjay Lal Gupta", "age": 30, "title": "Company Sec., Compliance Officer & Whole Time Director", "yearBorn": 1990, "fiscalYear": 2020, "totalPay": 210000, "exercisedValue": 0, "unexercisedValue": 0}, {"maxAge": 1, "name": "Mr. Mahesh  Mehra", "age": 65, "title": "Whole-Time Director", "yearBorn": 1955, "fiscalYear": 2020, "totalPay": 1140000, "exercisedValue": 0, "unexercisedValue": 0}, {"maxAge": 1, "name": "Mr. T. K. Mishra", "title": "Account Head", "exercisedValue": 0, "unexercisedValue": 0}, {"maxAge": 1, "name": "Mr. Karan  Mehra", "title": "Gen. Mang. of Operation - Central", "exercisedValue": 0, "unexercisedValue": 0}], "compensationAsOfEpochDate": "2020-12-31 05:30:00", "maxAge": 86400}, "cashflowStatementHistory": {"cashflowStatements": [{"maxAge": 1, "endDate": "2020-03-31", "netIncome": -61507000, "depreciation": 4220000, "changeToNetincome": 42302000, "changeToAccountReceivables": 1000, "changeToLiabilities": 2088000, "changeToInventory": 58000, "changeToOperatingActivities": 2019000, "totalCashFromOperatingActivities": -10819000, "capitalExpenditures": -22000, "investments": 5709000, "otherCashflowsFromInvestingActivities": 500000, "totalCashflowsFromInvestingActivities": 26678000, "netBorrowings": -15655000, "otherCashflowsFromFinancingActivities": -336000, "totalCashFromFinancingActivities": -15991000, "changeInCash": -132000}, {"maxAge": 1, "endDate": "2019-03-31", "netIncome": 224947000, "depreciation": 4359000, "changeToNetincome": -240548000, "changeToAccountReceivables": 5727000, "changeToLiabilities": -11720000, "changeToInventory": 146000, "changeToOperatingActivities": 4536000, "totalCashFromOperatingActivities": -12553000, "capitalExpenditures": -22000, "investments": 5709000, "otherCashflowsFromInvestingActivities": 1130000, "totalCashflowsFromInvestingActivities": 14297000, "netBorrowings": -7201000, "otherCashflowsFromFinancingActivities": -579000, "totalCashFromFinancingActivities": -7780000, "changeInCash": -6037000}, {"maxAge": 1, "endDate": "2018-03-31", "netIncome": -10387000, "depreciation": 4441000, "changeToNetincome": 2208000, "changeToAccountReceivables": 67373000, "changeToLiabilities": 4167000, "changeToInventory": 20000, "changeToOperatingActivities": -5367000, "totalCashFromOperatingActivities": 62455000, "capitalExpenditures": -22000, "investments": 2643000, "otherCashflowsFromInvestingActivities": -194000, "totalCashflowsFromInvestingActivities": -10264000, "netBorrowings": -44902000, "otherCashflowsFromFinancingActivities": -672000, "totalCashFromFinancingActivities": -45574000, "changeInCash": 6617000}, {"maxAge": 1, "endDate": "2017-03-31", "netIncome": -38750000, "depreciation": 4571000, "changeToNetincome": -9797000, "changeToAccountReceivables": 81102000, "changeToLiabilities": -22000, "changeToInventory": 593000, "changeToOperatingActivities": -21702000, "totalCashFromOperatingActivities": 15995000, "capitalExpenditures": -36277000, "investments": -982000, "otherCashflowsFromInvestingActivities": 6775000, "totalCashflowsFromInvestingActivities": -30484000, "netBorrowings": 11606000, "otherCashflowsFromFinancingActivities": 2863000, "totalCashFromFinancingActivities": 14469000, "changeInCash": -21000}], "maxAge": 86400}, "institutionOwnership": {"maxAge": 1, "ownershipList": []}, "majorHoldersBreakdown": {"maxAge": 1, "insidersPercentHeld": 0.59362, "institutionsPercentHeld": 0.0, "institutionsFloatPercentHeld": 0.0, "institutionsCount": 0}, "balanceSheetHistoryQuarterly": {"balanceSheetStatements": [{"maxAge": 1, "endDate": "2020-12-31", "totalStockholderEquity": 426582000, "netTangibleAssets": 426565000}, {"maxAge": 1, "endDate": "2020-09-30", "cash": 9575000, "netReceivables": 75230000, "inventory": 4630000, "otherCurrentAssets": 1314000, "totalCurrentAssets": 90749000, "longTermInvestments": 412041000, "propertyPlantEquipment": 16135000, "goodWill": 17000, "otherAssets": 215908000, "deferredLongTermAssetCharges": 48281000, "totalAssets": 734850000, "accountsPayable": 15857000, "otherCurrentLiab": 38713000, "otherLiab": 846000, "minorityInterest": 7846000, "totalCurrentLiabilities": 299576000, "totalLiab": 300422000, "commonStock": 346306000, "treasuryStock": 80276000, "otherStockholderEquity": 80276000, "totalStockholderEquity": 426582000, "netTangibleAssets": 426565000}, {"maxAge": 1, "endDate": "2020-06-30", "totalStockholderEquity": 388737000, "netTangibleAssets": 388720000}, {"maxAge": 1, "endDate": "2020-03-31", "cash": 1656000, "shortTermInvestments": 220000, "netReceivables": 176935000, "inventory": 4630000, "otherCurrentAssets": 33962000, "totalCurrentAssets": 217403000, "longTermInvestments": 410787000, "propertyPlantEquipment": 18215000, "goodWill": 17000, "otherAssets": 198197000, "deferredLongTermAssetCharges": 60432000, "totalAssets": 844619000, "accountsPayable": 107056000, "otherCurrentLiab": 38244000, "otherLiab": 846000, "minorityInterest": 6617000, "totalCurrentLiabilities": 448419000, "totalLiab": 449265000, "commonStock": 346306000, "retainedEarnings": -415782000, "treasuryStock": -21172000, "capitalSurplus": 479385000, "otherStockholderEquity": -21172000, "totalStockholderEquity": 388737000, "netTangibleAssets": 388720000}], "maxAge": 86400}, "indexTrend": {"maxAge": 1, "symbol": "SP5", "peRatio": 19.7411, "pegRatio": 1.34172, "estimates": [{"period": "0q", "growth": 0.549}, {"period": "+1q", "growth": 0.431}, {"period": "0y", "growth": 0.305}, {"period": "+1y", "growth": 0.109}, {"period": "+5y", "growth": 0.120865}, {"period": "-5y"}]}, "defaultKeyStatistics": {"maxAge": 1, "priceHint": 4, "enterpriseValue": 288434496, "profitMargins": -0.85385, "floatShares": 13080622, "sharesOutstanding": 34630600, "heldPercentInsiders": 0.59362, "heldPercentInstitutions": 0.0, "beta": 1.512105, "category": null, "bookValue": 12.337, "priceToBook": 0.10942693, "fundFamily": null, "legalType": null, "lastFiscalYearEnd": "2020-03-31 05:30:00", "nextFiscalYearEnd": "2022-03-31 05:30:00", "mostRecentQuarter": "2020-12-31 05:30:00", "netIncomeToCommon": -18573000, "trailingEps": -0.535, "lastSplitFactor": null, "enterpriseToRevenue": 13.26, "enterpriseToEbitda": -9.503, "52WeekChange": 2.375, "SandP52WeekChange": 0.48148263}, "summaryProfile": {"address1": "HB-170, Sector III", "address2": "Salt Lake", "city": "Kolkata", "zip": "700106", "country": "India", "phone": "91 33 2334 4148", "fax": "91 33 2334 4148", "website": "http://www.kaushalya.net", "industry": "Engineering & Construction", "sector": "Industrials", "longBusinessSummary": "Kaushalya Infrastructure Development Corporation Limited primarily engages in executing construction contracts relating to infrastructure and real estate developments in India. The company operates in two segments, Construction and Hotel. It develops highways, bridges, and industrial infrastructure; electrification and irrigation projects; and residential and commercial complexes. The company is also involved in the operation of hotels; and acquisition, development, and sale of land. Kaushalya Infrastructure Development Corporation Limited was incorporated in 1992 and is headquartered in Kolkata, India.", "fullTimeEmployees": 6, "companyOfficers": [], "maxAge": 86400}, "netSharePurchaseActivity": {"maxAge": 1, "period": "6m", "buyInfoCount": 0, "buyInfoShares": 0, "sellInfoCount": 0, "netInfoCount": 0, "netInfoShares": 0, "netPercentInsiderShares": 0.0, "totalInsiderShares": 19856590}, "insiderTransactions": {"transactions": [{"maxAge": 1, "shares": 373510, "filerUrl": "", "transactionText": "", "filerName": "Mehra (Rahul)", "filerRelation": "Promoter", "moneyText": "", "startDate": "2016-05-27", "ownership": "D"}, {"maxAge": 1, "shares": 2000000, "filerUrl": "", "transactionText": "", "filerName": "Keleenworth Marketing Pvt Ltd", "filerRelation": "Promoter", "moneyText": "", "startDate": "2013-05-15", "ownership": "D"}, {"maxAge": 1, "shares": 2000000, "filerUrl": "", "transactionText": "", "filerName": "Mahanti Engineers Pvt Ltd", "filerRelation": "Promoter", "moneyText": "", "startDate": "2013-05-15", "ownership": "D"}, {"maxAge": 1, "shares": 820000, "filerUrl": "", "transactionText": "", "filerName": "Mehra (Prashant)", "filerRelation": "Managing Director", "moneyText": "", "startDate": "2013-05-15", "ownership": "D"}, {"maxAge": 1, "shares": 820000, "filerUrl": "", "transactionText": "", "filerName": "Mehra (Ramesh Kumar) HUF", "filerRelation": "UNREPORTED", "moneyText": "", "startDate": "2013-05-15", "ownership": "D"}, {"maxAge": 1, "shares": 2060000, "filerUrl": "", "transactionText": "", "filerName": "Sunkissed Merchandise Pvt Ltd", "filerRelation": "Promoter", "moneyText": "", "startDate": "2013-05-15", "ownership": "D"}], "maxAge": 1}, "quoteType": {"exchange": "NSI", "quoteType": "EQUITY", "symbol": "KAUSHALYA.NS", "underlyingSymbol": "KAUSHALYA.NS", "shortName": "KAUSHALYA INFRASTR", "longName": "Kaushalya Infrastructure Development Corporation Limited", "firstTradeDateEpochUtc": "2007-12-14 09:15:00", "timeZoneFullName": "Asia/Kolkata", "timeZoneShortName": "IST", "uuid": "d1a612ae-1ccb-3af7-943e-cadf4d5f747d", "messageBoardId": "finmb_38964667", "gmtOffSetMilliseconds": 19800000, "maxAge": 1}, "incomeStatementHistory": {"incomeStatementHistory": [{"maxAge": 1, "endDate": "2020-03-31", "totalRevenue": 1805000, "costOfRevenue": 621000, "grossProfit": 1184000, "researchDevelopment": {}, "sellingGeneralAdministrative": 5202000, "nonRecurring": {}, "otherOperatingExpenses": 45563000, "totalOperatingExpenses": 55606000, "operatingIncome": -53801000, "totalOtherIncomeExpenseNet": -8826000, "ebit": -53801000, "interestExpense": -336000, "incomeBeforeTax": -62627000, "incomeTaxExpense": -1120000, "minorityInterest": 6617000, "netIncomeFromContinuingOps": -61507000, "discontinuedOperations": {}, "extraordinaryItems": {}, "effectOfAccountingCharges": {}, "otherItems": {}, "netIncome": -61507000, "netIncomeApplicableToCommonShares": -61507000}, {"maxAge": 1, "endDate": "2019-03-31", "totalRevenue": 2247000, "costOfRevenue": 681000, "grossProfit": 1566000, "researchDevelopment": {}, "sellingGeneralAdministrative": 5316000, "nonRecurring": {}, "otherOperatingExpenses": 83960000, "totalOperatingExpenses": 94316000, "operatingIncome": -92069000, "totalOtherIncomeExpenseNet": 257938000, "ebit": -92069000, "interestExpense": -32000, "incomeBeforeTax": 165869000, "incomeTaxExpense": -59078000, "minorityInterest": 4181000, "netIncomeFromContinuingOps": 224947000, "discontinuedOperations": {}, "extraordinaryItems": {}, "effectOfAccountingCharges": {}, "otherItems": {}, "netIncome": 224947000, "netIncomeApplicableToCommonShares": 224947000}, {"maxAge": 1, "endDate": "2018-03-31", "totalRevenue": 3233000, "costOfRevenue": 1024000, "grossProfit": 2209000, "researchDevelopment": {}, "sellingGeneralAdministrative": 4924000, "nonRecurring": {}, "otherOperatingExpenses": 4823000, "totalOperatingExpenses": 15212000, "operatingIncome": -11979000, "totalOtherIncomeExpenseNet": 997000, "ebit": -11979000, "interestExpense": -671000, "incomeBeforeTax": -10982000, "incomeTaxExpense": -1103000, "minorityInterest": 1379000, "netIncomeFromContinuingOps": -9879000, "discontinuedOperations": {}, "extraordinaryItems": {}, "effectOfAccountingCharges": {}, "otherItems": {}, "netIncome": -10387000, "netIncomeApplicableToCommonShares": -10387000}, {"maxAge": 1, "endDate": "2017-03-31", "totalRevenue": 1453000, "costOfRevenue": 1063000, "grossProfit": 390000, "researchDevelopment": {}, "sellingGeneralAdministrative": 3102000, "nonRecurring": {}, "otherOperatingExpenses": 39178000, "totalOperatingExpenses": 47914000, "operatingIncome": -46461000, "totalOtherIncomeExpenseNet": 7003000, "ebit": -46461000, "interestExpense": -671000, "incomeBeforeTax": -39458000, "incomeTaxExpense": -579000, "minorityInterest": 1200000, "netIncomeFromContinuingOps": -38879000, "discontinuedOperations": {}, "extraordinaryItems": {}, "effectOfAccountingCharges": {}, "otherItems": {}, "netIncome": -38750000, "netIncomeApplicableToCommonShares": -38750000}], "maxAge": 86400}, "fundOwnership": {"maxAge": 1, "ownershipList": []}, "summaryDetail": {"maxAge": 1, "priceHint": 4, "previousClose": 1.35, "open": 1.35, "dayLow": 1.35, "dayHigh": 1.35, "regularMarketPreviousClose": 1.35, "regularMarketOpen": 1.35, "regularMarketDayLow": 1.35, "regularMarketDayHigh": 1.35, "payoutRatio": 0.0, "beta": 1.512105, "volume": 4820, "regularMarketVolume": 4820, "averageVolume": 18049, "averageVolume10days": 2028, "averageDailyVolume10Day": 2028, "bid": 0.0, "ask": 0.0, "bidSize": 0, "askSize": 0, "marketCap": 43634564, "fiftyTwoWeekLow": 0.35, "fiftyTwoWeekHigh": 2.7, "priceToSalesTrailing12Months": 2.0060024, "fiftyDayAverage": 1.6151515, "twoHundredDayAverage": 1.6705674, "currency": "INR", "fromCurrency": null, "toCurrency": null, "lastMarket": null, "algorithm": null, "tradeable": false}, "incomeStatementHistoryQuarterly": {"incomeStatementHistory": [{"maxAge": 1, "endDate": "2020-12-31", "totalRevenue": 566000, "costOfRevenue": 168000, "grossProfit": 398000, "researchDevelopment": {}, "sellingGeneralAdministrative": 985000, "nonRecurring": {}, "otherOperatingExpenses": 865000, "totalOperatingExpenses": 2968000, "operatingIncome": -2402000, "totalOtherIncomeExpenseNet": 41000, "ebit": -2402000, "interestExpense": -95000, "incomeBeforeTax": -2361000, "incomeTaxExpense": 1653000, "minorityInterest": {}, "netIncomeFromContinuingOps": -4014000, "discontinuedOperations": {}, "extraordinaryItems": {}, "effectOfAccountingCharges": {}, "otherItems": {}, "netIncome": -4014000, "netIncomeApplicableToCommonShares": -4014000}, {"maxAge": 1, "endDate": "2020-09-30", "totalRevenue": 165000, "costOfRevenue": 42000, "grossProfit": 123000, "researchDevelopment": {}, "sellingGeneralAdministrative": 962000, "nonRecurring": {}, "otherOperatingExpenses": 1317000, "totalOperatingExpenses": 3347000, "operatingIncome": -3182000, "totalOtherIncomeExpenseNet": 1813000, "ebit": -3182000, "interestExpense": -170000, "incomeBeforeTax": -1369000, "incomeTaxExpense": -1039000, "minorityInterest": 7846000, "netIncomeFromContinuingOps": -330000, "discontinuedOperations": {}, "extraordinaryItems": {}, "effectOfAccountingCharges": {}, "otherItems": {}, "netIncome": -330000, "netIncomeApplicableToCommonShares": -330000}, {"maxAge": 1, "endDate": "2020-06-30", "totalRevenue": 20568000, "costOfRevenue": 16000, "grossProfit": 20552000, "researchDevelopment": {}, "sellingGeneralAdministrative": 1001000, "nonRecurring": {}, "otherOperatingExpenses": 3624000, "totalOperatingExpenses": 5695000, "operatingIncome": 14873000, "totalOtherIncomeExpenseNet": 38678000, "ebit": 14873000, "interestExpense": -145000, "incomeBeforeTax": 53551000, "incomeTaxExpense": 14147000, "minorityInterest": 7846000, "netIncomeFromContinuingOps": 39404000, "discontinuedOperations": {}, "extraordinaryItems": {}, "effectOfAccountingCharges": {}, "otherItems": {}, "netIncome": 39404000, "netIncomeApplicableToCommonShares": 39404000}, {"maxAge": 1, "endDate": "2020-03-31", "totalRevenue": 453000, "costOfRevenue": 378000, "grossProfit": 75000, "researchDevelopment": {}, "sellingGeneralAdministrative": 2985000, "nonRecurring": {}, "otherOperatingExpenses": 39798000, "totalOperatingExpenses": 44210000, "operatingIncome": -43757000, "totalOtherIncomeExpenseNet": -11950000, "ebit": -43757000, "interestExpense": -264000, "incomeBeforeTax": -55707000, "incomeTaxExpense": -2074000, "minorityInterest": 6617000, "netIncomeFromContinuingOps": -53633000, "discontinuedOperations": {}, "extraordinaryItems": {}, "effectOfAccountingCharges": {}, "otherItems": {}, "netIncome": -53633000, "netIncomeApplicableToCommonShares": -53633000}], "maxAge": 86400}, "cashflowStatementHistoryQuarterly": {"cashflowStatements": [{"maxAge": 1, "endDate": "2020-12-31", "netIncome": -4014000, "changeToLiabilities": 0}, {"maxAge": 1, "endDate": "2020-09-30", "netIncome": -330000, "changeToLiabilities": 0}, {"maxAge": 1, "endDate": "2020-06-30", "netIncome": 39404000, "changeToLiabilities": 0}, {"maxAge": 1, "endDate": "2020-03-31", "netIncome": -53633000, "changeToLiabilities": 0}], "maxAge": 86400}, "insiderHolders": {"holders": [{"maxAge": 1, "name": "Keleenworth Marketing Pvt Ltd", "relation": "Promoter", "url": "", "transactionDescription": "Acquisition", "latestTransDate": "2013-05-15", "positionDirect": 4336350, "positionDirectDate": "2013-05-15"}, {"maxAge": 1, "name": "Mahanti Engineers Pvt Ltd", "relation": "Promoter", "url": "", "transactionDescription": "Acquisition", "latestTransDate": "2013-05-15", "positionDirect": 5307600, "positionDirectDate": "2013-05-15"}, {"maxAge": 1, "name": "Mehra (Prashant)", "relation": "Managing Director", "url": "", "transactionDescription": "Acquisition", "latestTransDate": "2013-05-15", "positionDirect": 917760, "positionDirectDate": "2013-05-15"}, {"maxAge": 1, "name": "Mehra (Rahul)", "relation": "Promoter", "url": "", "transactionDescription": "Other", "latestTransDate": "2016-05-27", "positionDirect": 392434, "positionDirectDate": "2016-05-27"}, {"maxAge": 1, "name": "Mehra (Ramesh Kumar) HUF", "relation": "UNREPORTED", "url": "", "transactionDescription": "Acquisition", "latestTransDate": "2013-05-15", "positionDirect": 838000, "positionDirectDate": "2013-05-15"}, {"maxAge": 1, "name": "Sunkissed Merchandise Pvt Ltd", "relation": "Promoter", "url": "", "transactionDescription": "Acquisition", "latestTransDate": "2013-05-15", "positionDirect": 5022900, "positionDirectDate": "2013-05-15"}], "maxAge": 1}, "calendarEvents": {"maxAge": 1, "earnings": {"earningsDate": []}}, "price": {"maxAge": 1, "regularMarketChangePercent": 0.0, "regularMarketChange": 0.0, "regularMarketTime": "2021-04-30 15:14:48", "priceHint": 4, "regularMarketPrice": 1.35, "regularMarketDayHigh": 1.35, "regularMarketDayLow": 1.35, "regularMarketVolume": 4820, "averageDailyVolume10Day": 2028, "averageDailyVolume3Month": 18049, "regularMarketPreviousClose": 1.35, "regularMarketSource": "FREE_REALTIME", "regularMarketOpen": 1.35, "exchange": "NSI", "exchangeName": "NSE", "exchangeDataDelayedBy": 15, "marketState": "CLOSED", "quoteType": "EQUITY", "symbol": "KAUSHALYA.NS", "underlyingSymbol": null, "shortName": "KAUSHALYA INFRASTR", "longName": "Kaushalya Infrastructure Development Corporation Limited", "currency": "INR", "quoteSourceName": "Delayed Quote", "currencySymbol": "\u20b9", "fromCurrency": null, "toCurrency": null, "lastMarket": null, "marketCap": 43634564}, "balanceSheetHistory": {"balanceSheetStatements": [{"maxAge": 1, "endDate": "2020-03-31", "cash": 1656000, "shortTermInvestments": 220000, "netReceivables": 176935000, "inventory": 4630000, "otherCurrentAssets": 33962000, "totalCurrentAssets": 217403000, "longTermInvestments": 410787000, "propertyPlantEquipment": 18215000, "goodWill": 17000, "otherAssets": 198197000, "deferredLongTermAssetCharges": 60432000, "totalAssets": 844619000, "accountsPayable": 107056000, "otherCurrentLiab": 38244000, "otherLiab": 846000, "minorityInterest": 6617000, "totalCurrentLiabilities": 448419000, "totalLiab": 449265000, "commonStock": 346306000, "retainedEarnings": -415782000, "treasuryStock": -21172000, "capitalSurplus": 479385000, "otherStockholderEquity": -21172000, "totalStockholderEquity": 388737000, "netTangibleAssets": 388720000}, {"maxAge": 1, "endDate": "2019-03-31", "cash": 1788000, "shortTermInvestments": 1224000, "netReceivables": 138677000, "inventory": 4688000, "otherCurrentAssets": 101354000, "totalCurrentAssets": 247731000, "longTermInvestments": 494822000, "propertyPlantEquipment": 22413000, "goodWill": 17000, "otherAssets": 189845000, "deferredLongTermAssetCharges": 57526000, "totalAssets": 954828000, "accountsPayable": 112860000, "otherCurrentLiab": 40646000, "longTermDebt": 314661000, "otherLiab": 846000, "minorityInterest": 4181000, "totalCurrentLiabilities": 475949000, "totalLiab": 476795000, "commonStock": 346306000, "retainedEarnings": -351839000, "capitalSurplus": 479385000, "totalStockholderEquity": 473852000, "netTangibleAssets": 473835000}, {"maxAge": 1, "endDate": "2018-03-31", "cash": 7825000, "shortTermInvestments": 220000, "netReceivables": 160430000, "inventory": 4834000, "otherCurrentAssets": 3856000, "totalCurrentAssets": 177165000, "longTermInvestments": 500642000, "propertyPlantEquipment": 26773000, "goodWill": 17000, "otherAssets": 300164000, "totalAssets": 1004761000, "accountsPayable": 125267000, "otherCurrentLiab": 40168000, "otherLiab": 4163000, "minorityInterest": 1379000, "totalCurrentLiabilities": 747755000, "totalLiab": 751918000, "commonStock": 346306000, "retainedEarnings": -574227000, "capitalSurplus": 479385000, "totalStockholderEquity": 251464000, "netTangibleAssets": 251447000}, {"maxAge": 1, "endDate": "2017-03-31", "cash": 3702000, "netReceivables": 295495000, "inventory": 4854000, "otherCurrentAssets": 125866000, "totalCurrentAssets": 429917000, "longTermInvestments": 503156000, "propertyPlantEquipment": 31630000, "otherAssets": 232081000, "totalAssets": 1196784000, "accountsPayable": 121144000, "otherCurrentLiab": 169684000, "longTermDebt": 934000, "otherLiab": 5501000, "deferredLongTermLiab": 1798000, "minorityInterest": 1200000, "totalCurrentLiabilities": 929797000, "totalLiab": 936232000, "commonStock": 346306000, "retainedEarnings": -563168000, "treasuryStock": -3171000, "capitalSurplus": 479385000, "otherStockholderEquity": -3171000, "totalStockholderEquity": 259352000, "netTangibleAssets": 259352000}], "maxAge": 86400}, "financialData": {"maxAge": 86400, "currentPrice": 1.35, "recommendationKey": "none", "totalCash": 9575000, "totalCashPerShare": 0.286, "ebitda": -30352250, "totalDebt": 245006000, "totalRevenue": 21752000, "debtToEquity": 56.397, "revenuePerShare": 0.622, "grossProfits": 1184000, "revenueGrowth": -0.148, "grossMargins": 0.97223, "ebitdaMargins": -1.3953799, "operatingMargins": -1.58459, "profitMargins": -0.85385, "financialCurrency": "INR"}}}