{"KAYCEEI.BO": {"cashflowStatementHistory": {"cashflowStatements": [{"maxAge": 1, "endDate": "2020-03-31", "netIncome": 14172279, "depreciation": 2977888, "changeToNetincome": -3241372, "changeToAccountReceivables": -12460239, "changeToLiabilities": 9806088, "changeToInventory": -6751749, "changeToOperatingActivities": 929063, "totalCashFromOperatingActivities": 6653291, "capitalExpenditures": -1277480, "investments": -6805825, "otherCashflowsFromInvestingActivities": 1619563, "totalCashflowsFromInvestingActivities": -6418742, "dividendsPaid": -634700, "netBorrowings": -7117176, "otherCashflowsFromFinancingActivities": -832716, "totalCashFromFinancingActivities": -8584592, "changeInCash": -8350043}, {"maxAge": 1, "endDate": "2019-03-31", "netIncome": 13518689, "depreciation": 3806215, "changeToNetincome": -10324324, "changeToAccountReceivables": 24661347, "changeToLiabilities": -21143317, "changeToInventory": 13093840, "changeToOperatingActivities": 2421899, "totalCashFromOperatingActivities": 26034349, "capitalExpenditures": -13783244, "investments": -11514187, "otherCashflowsFromInvestingActivities": 15262375, "totalCashflowsFromInvestingActivities": -10026582, "dividendsPaid": -634700, "netBorrowings": -14092459, "otherCashflowsFromFinancingActivities": -1663256, "totalCashFromFinancingActivities": -16390415, "changeInCash": -382647}, {"maxAge": 1, "endDate": "2018-03-31", "netIncome": 11348780, "depreciation": 2679148, "changeToNetincome": -8074241, "changeToAccountReceivables": -11479189, "changeToLiabilities": -6369922, "changeToInventory": 14274367, "changeToOperatingActivities": -2918418, "totalCashFromOperatingActivities": -539475, "capitalExpenditures": -515970, "investments": -11514187, "otherCashflowsFromInvestingActivities": 498987, "totalCashflowsFromInvestingActivities": 16567102, "dividendsPaid": -317351, "netBorrowings": -7909381, "otherCashflowsFromFinancingActivities": -3153747, "totalCashFromFinancingActivities": -11380479, "changeInCash": 4647149}, {"maxAge": 1, "endDate": "2017-03-31", "netIncome": 15821150, "depreciation": 3256027, "changeToNetincome": -17550797, "changeToAccountReceivables": 3868390, "changeToLiabilities": -13642015, "changeToInventory": 1941920, "changeToOperatingActivities": -612146, "totalCashFromOperatingActivities": -6917471, "capitalExpenditures": -1909273, "investments": -11514187, "otherCashflowsFromInvestingActivities": 8676624, "totalCashflowsFromInvestingActivities": 25700684, "dividendsPaid": -317350, "netBorrowings": -7119503, "otherCashflowsFromFinancingActivities": -4573708, "totalCashFromFinancingActivities": -12010561, "changeInCash": 6772653}], "maxAge": 86400}, "institutionOwnership": {"maxAge": 1, "ownershipList": []}, "balanceSheetHistoryQuarterly": {"balanceSheetStatements": [{"maxAge": 1, "endDate": "2020-06-30", "totalStockholderEquity": 141991170, "netTangibleAssets": 140469003}, {"maxAge": 1, "endDate": "2020-03-31", "cash": 1306400, "shortTermInvestments": 27509976, "netReceivables": 96133315, "inventory": 34786751, "otherCurrentAssets": 455578, "totalCurrentAssets": 163542747, "longTermInvestments": 180205, "propertyPlantEquipment": 28286848, "intangibleAssets": 1522167, "otherAssets": 6055893, "deferredLongTermAssetCharges": 1382931, "totalAssets": 199587860, "accountsPayable": 38728032, "otherCurrentLiab": 5607479, "otherLiab": 4755709, "totalCurrentLiabilities": 52840981, "totalLiab": 57596690, "commonStock": 6347000, "retainedEarnings": 96451631, "treasuryStock": -1833703, "capitalSurplus": 41026242, "otherStockholderEquity": -1833703, "totalStockholderEquity": 141991170, "netTangibleAssets": 140469003}, {"maxAge": 1, "endDate": "2019-12-31", "totalStockholderEquity": 137477000, "netTangibleAssets": 137477000}, {"maxAge": 1, "endDate": "2019-09-30", "cash": 27655000, "netReceivables": 81350000, "inventory": 32746000, "otherCurrentAssets": 11205000, "totalCurrentAssets": 152956000, "longTermInvestments": 328000, "propertyPlantEquipment": 31133000, "otherAssets": 7709000, "deferredLongTermAssetCharges": 1037000, "totalAssets": 192126000, "accountsPayable": 24834000, "otherCurrentLiab": 8706000, "otherLiab": 6177000, "totalCurrentLiabilities": 48472000, "totalLiab": 54649000, "commonStock": 6347000, "treasuryStock": 131130000, "otherStockholderEquity": 131130000, "totalStockholderEquity": 137477000, "netTangibleAssets": 137477000}], "maxAge": 86400}, "indexTrend": {"maxAge": 1, "symbol": "SP5", "peRatio": 19.7411, "pegRatio": 1.34172, "estimates": [{"period": "0q", "growth": 0.549}, {"period": "+1q", "growth": 0.431}, {"period": "0y", "growth": 0.305}, {"period": "+1y", "growth": 0.109}, {"period": "+5y", "growth": 0.120859005}, {"period": "-5y"}]}, "insiderTransactions": {"transactions": [{"maxAge": 1, "shares": 388, "filerUrl": "", "transactionText": "", "filerName": "Salzer Electronics Ltd", "filerRelation": "Promoter", "moneyText": "", "startDate": "2019-12-20", "ownership": "D"}, {"maxAge": 1, "shares": 338, "filerUrl": "", "transactionText": "", "filerName": "Salzer Electronics Ltd", "filerRelation": "Promoter", "moneyText": "", "startDate": "2019-12-19", "ownership": "D"}, {"maxAge": 1, "shares": 883, "filerUrl": "", "transactionText": "", "filerName": "Salzer Electronics Ltd", "filerRelation": "Promoter", "moneyText": "", "startDate": "2019-12-19", "ownership": "D"}, {"maxAge": 1, "shares": 272, "filerUrl": "", "transactionText": "", "filerName": "Salzer Electronics Ltd", "filerRelation": "Institution- Corporation", "moneyText": "", "startDate": "2019-12-16", "ownership": "D"}, {"maxAge": 1, "shares": 589, "filerUrl": "", "transactionText": "", "filerName": "Salzer Electronics Ltd", "filerRelation": "Institution- Corporation", "moneyText": "", "startDate": "2019-12-16", "ownership": "D"}, {"maxAge": 1, "shares": 2921, "filerUrl": "", "transactionText": "", "filerName": "Salzer Electronics Ltd", "filerRelation": "Institution- Corporation", "moneyText": "", "startDate": "2019-09-17", "ownership": "D"}, {"maxAge": 1, "shares": 45899, "filerUrl": "", "transactionText": "", "filerName": "Universal Trustees Pvt. Ltd.", "filerRelation": "Promoter", "moneyText": "", "startDate": "2019-07-11", "ownership": "D"}], "maxAge": 1}, "quoteType": {"exchange": "BSE", "quoteType": "EQUITY", "symbol": "KAYCEEI.BO", "underlyingSymbol": "KAYCEEI.BO", "shortName": "KAYCEE INDUSTRIES LTD.", "longName": "Kaycee Industries Limited", "firstTradeDateEpochUtc": "2000-01-06 09:15:00", "timeZoneFullName": "Asia/Kolkata", "timeZoneShortName": "IST", "uuid": "c0d9e3c8-001e-3cb7-b35e-b5bc45eb725f", "messageBoardId": null, "gmtOffSetMilliseconds": 19800000, "maxAge": 1}, "incomeStatementHistory": {"incomeStatementHistory": [{"maxAge": 1, "endDate": "2020-03-31", "totalRevenue": 234268142, "costOfRevenue": 110342478, "grossProfit": 123925664, "researchDevelopment": {}, "sellingGeneralAdministrative": 46629776, "nonRecurring": {}, "otherOperatingExpenses": 52630214, "totalOperatingExpenses": 213801689, "operatingIncome": 20466453, "totalOtherIncomeExpenseNet": -856180, "ebit": 20466453, "interestExpense": -287169, "incomeBeforeTax": 19610273, "incomeTaxExpense": 5437994, "minorityInterest": {}, "netIncomeFromContinuingOps": 14172279, "discontinuedOperations": {}, "extraordinaryItems": {}, "effectOfAccountingCharges": {}, "otherItems": {}, "netIncome": 14172279, "netIncomeApplicableToCommonShares": 14172279}, {"maxAge": 1, "endDate": "2019-03-31", "totalRevenue": 250180963, "costOfRevenue": 145740128, "grossProfit": 104440835, "researchDevelopment": {}, "sellingGeneralAdministrative": 44341211, "nonRecurring": {}, "otherOperatingExpenses": 50729364, "totalOperatingExpenses": 244616918, "operatingIncome": 5564045, "totalOtherIncomeExpenseNet": 13805858, "ebit": 5564045, "interestExpense": -1192147, "incomeBeforeTax": 19369903, "incomeTaxExpense": 5851214, "minorityInterest": {}, "netIncomeFromContinuingOps": 13518689, "discontinuedOperations": {}, "extraordinaryItems": {}, "effectOfAccountingCharges": {}, "otherItems": {}, "netIncome": 13518689, "netIncomeApplicableToCommonShares": 13518689}, {"maxAge": 1, "endDate": "2018-03-31", "totalRevenue": 250260475, "costOfRevenue": 137649327, "grossProfit": 112611148, "researchDevelopment": {}, "sellingGeneralAdministrative": 46176145, "nonRecurring": {}, "otherOperatingExpenses": 46977239, "totalOperatingExpenses": 233481859, "operatingIncome": 16778616, "totalOtherIncomeExpenseNet": -1670007, "ebit": 16778616, "interestExpense": -2742130, "incomeBeforeTax": 15108609, "incomeTaxExpense": 3759829, "minorityInterest": {}, "netIncomeFromContinuingOps": 11348780, "discontinuedOperations": {}, "extraordinaryItems": {}, "effectOfAccountingCharges": {}, "otherItems": {}, "netIncome": 11348780, "netIncomeApplicableToCommonShares": 11348780}, {"maxAge": 1, "endDate": "2017-03-31", "totalRevenue": 236291086, "costOfRevenue": 134613161, "grossProfit": 101677925, "researchDevelopment": {}, "sellingGeneralAdministrative": 50720845, "nonRecurring": {}, "otherOperatingExpenses": 49386641, "totalOperatingExpenses": 237976674, "operatingIncome": -1685588, "totalOtherIncomeExpenseNet": 16072110, "ebit": -1685588, "interestExpense": -4149005, "incomeBeforeTax": 14386522, "incomeTaxExpense": -1434628, "minorityInterest": {}, "netIncomeFromContinuingOps": 15821150, "discontinuedOperations": {}, "extraordinaryItems": {}, "effectOfAccountingCharges": {}, "otherItems": {}, "netIncome": 15821150, "netIncomeApplicableToCommonShares": 15821150}], "maxAge": 86400}, "fundOwnership": {"maxAge": 1, "ownershipList": []}, "summaryDetail": {"maxAge": 1, "priceHint": 2, "previousClose": 2804.6, "open": 2899.95, "dayLow": 2800.05, "dayHigh": 2899.95, "regularMarketPreviousClose": 2804.6, "regularMarketOpen": 2899.95, "regularMarketDayLow": 2800.05, "regularMarketDayHigh": 2899.95, "trailingPE": 21.095625, "volume": 26, "regularMarketVolume": 26, "averageVolume": 11, "averageVolume10days": 4, "averageDailyVolume10Day": 4, "bid": 2750.0, "ask": 2865.0, "bidSize": 0, "askSize": 0, "marketCap": 178007968, "fiftyTwoWeekLow": 2377.0, "fiftyTwoWeekHigh": 3434.0, "fiftyDayAverage": 2796.06, "twoHundredDayAverage": 2851.4365, "trailingAnnualDividendRate": 30.0, "trailingAnnualDividendYield": 0.010696712, "currency": "INR", "fromCurrency": null, "toCurrency": null, "lastMarket": null, "algorithm": null, "tradeable": false}, "incomeStatementHistoryQuarterly": {"incomeStatementHistory": [{"maxAge": 1, "endDate": "2020-06-30", "totalRevenue": 27092000, "costOfRevenue": 16496000, "grossProfit": 10596000, "researchDevelopment": {}, "sellingGeneralAdministrative": 5613000, "nonRecurring": {}, "otherOperatingExpenses": 6042000, "totalOperatingExpenses": 29156000, "operatingIncome": -2064000, "totalOtherIncomeExpenseNet": 3000, "ebit": -2064000, "interestExpense": -49000, "incomeBeforeTax": -2061000, "incomeTaxExpense": 0, "minorityInterest": {}, "netIncomeFromContinuingOps": -2061000, "discontinuedOperations": {}, "extraordinaryItems": {}, "effectOfAccountingCharges": {}, "otherItems": {}, "netIncome": -2061000, "netIncomeApplicableToCommonShares": -2061000}, {"maxAge": 1, "endDate": "2020-03-31", "totalRevenue": 58928142, "costOfRevenue": 27613478, "grossProfit": 31314664, "researchDevelopment": {}, "sellingGeneralAdministrative": 11273776, "nonRecurring": {}, "otherOperatingExpenses": 14586214, "totalOperatingExpenses": 54537689, "operatingIncome": 4390453, "totalOtherIncomeExpenseNet": -1393180, "ebit": 4390453, "interestExpense": -49000, "incomeBeforeTax": 2997273, "incomeTaxExpense": 592994, "minorityInterest": {}, "netIncomeFromContinuingOps": 2404279, "discontinuedOperations": {}, "extraordinaryItems": {}, "effectOfAccountingCharges": {}, "otherItems": {}, "netIncome": 2404279, "netIncomeApplicableToCommonShares": 2404279}, {"maxAge": 1, "endDate": "2019-12-31", "totalRevenue": 56664000, "costOfRevenue": 27423000, "grossProfit": 29241000, "researchDevelopment": {}, "sellingGeneralAdministrative": 11531000, "nonRecurring": {}, "otherOperatingExpenses": 13384000, "totalOperatingExpenses": 53384000, "operatingIncome": 3280000, "totalOtherIncomeExpenseNet": 122000, "ebit": 3280000, "interestExpense": -154000, "incomeBeforeTax": 3402000, "incomeTaxExpense": 288000, "minorityInterest": {}, "netIncomeFromContinuingOps": 3114000, "discontinuedOperations": {}, "extraordinaryItems": {}, "effectOfAccountingCharges": {}, "otherItems": {}, "netIncome": 3114000, "netIncomeApplicableToCommonShares": 3114000}, {"maxAge": 1, "endDate": "2019-09-30", "totalRevenue": 61005000, "costOfRevenue": 27453000, "grossProfit": 33552000, "researchDevelopment": {}, "sellingGeneralAdministrative": 11662000, "nonRecurring": {}, "otherOperatingExpenses": 12872000, "totalOperatingExpenses": 53032000, "operatingIncome": 7973000, "totalOtherIncomeExpenseNet": 149000, "ebit": 7973000, "interestExpense": -348000, "incomeBeforeTax": 8122000, "incomeTaxExpense": 3141000, "minorityInterest": {}, "netIncomeFromContinuingOps": 4981000, "discontinuedOperations": {}, "extraordinaryItems": {}, "effectOfAccountingCharges": {}, "otherItems": {}, "netIncome": 4981000, "netIncomeApplicableToCommonShares": 4981000}], "maxAge": 86400}, "cashflowStatementHistoryQuarterly": {"cashflowStatements": [{"maxAge": 1, "endDate": "2020-06-30", "netIncome": -2061000, "changeToLiabilities": 0}, {"maxAge": 1, "endDate": "2020-03-31", "netIncome": 2404279, "changeToLiabilities": 0}, {"maxAge": 1, "endDate": "2019-12-31", "netIncome": 3114000, "changeToLiabilities": 0}, {"maxAge": 1, "endDate": "2019-09-30", "netIncome": 4981000, "changeToLiabilities": 0}], "maxAge": 86400}, "insiderHolders": {"holders": [{"maxAge": 1, "name": "Salzer Electronics Ltd", "relation": "Promoter", "url": "", "transactionDescription": "Sale", "latestTransDate": "2019-12-20", "positionDirect": 47570, "positionDirectDate": "2019-12-20"}, {"maxAge": 1, "name": "Universal Trustees Pvt. Ltd.", "relation": "Promoter", "url": "", "transactionDescription": "Sale", "latestTransDate": "2019-07-11", "positionDirectDate": "2019-07-11"}], "maxAge": 1}, "calendarEvents": {"maxAge": 1, "earnings": {"earningsDate": ["2020-08-07 05:30:S"]}}, "price": {"maxAge": 1, "regularMarketChangePercent": 0.0, "regularMarketChange": 0.0, "regularMarketTime": "2021-04-29 15:29:11", "priceHint": 2, "regularMarketPrice": 2804.6, "regularMarketDayHigh": 2899.95, "regularMarketDayLow": 2800.05, "regularMarketVolume": 26, "averageDailyVolume10Day": 4, "averageDailyVolume3Month": 11, "regularMarketPreviousClose": 2804.6, "regularMarketSource": "FREE_REALTIME", "regularMarketOpen": 2899.95, "exchange": "BSE", "exchangeName": "BSE", "exchangeDataDelayedBy": 0, "marketState": "CLOSED", "quoteType": "EQUITY", "symbol": "KAYCEEI.BO", "underlyingSymbol": null, "shortName": "KAYCEE INDUSTRIES LTD.", "longName": "Kaycee Industries Limited", "currency": "INR", "quoteSourceName": "Delayed Quote", "currencySymbol": "\u20b9", "fromCurrency": null, "toCurrency": null, "lastMarket": null, "marketCap": 178007968}, "balanceSheetHistory": {"balanceSheetStatements": [{"maxAge": 1, "endDate": "2020-03-31", "cash": 1306400, "shortTermInvestments": 27509976, "netReceivables": 96133315, "inventory": 34786751, "otherCurrentAssets": 455578, "totalCurrentAssets": 163542747, "longTermInvestments": 180205, "propertyPlantEquipment": 28286848, "intangibleAssets": 1522167, "otherAssets": 6055893, "deferredLongTermAssetCharges": 1382931, "totalAssets": 199587860, "accountsPayable": 38728032, "otherCurrentLiab": 5607479, "otherLiab": 4755709, "totalCurrentLiabilities": 52840981, "totalLiab": 57596690, "commonStock": 6347000, "retainedEarnings": 96451631, "treasuryStock": -1833703, "capitalSurplus": 41026242, "otherStockholderEquity": -1833703, "totalStockholderEquity": 141991170, "netTangibleAssets": 140469003}, {"maxAge": 1, "endDate": "2019-03-31", "cash": 9656443, "shortTermInvestments": 20625211, "netReceivables": 83537133, "inventory": 30380845, "otherCurrentAssets": 547462, "totalCurrentAssets": 145152860, "longTermInvestments": 328261, "propertyPlantEquipment": 29987256, "intangibleAssets": 2743500, "otherAssets": 8141548, "deferredLongTermAssetCharges": 1037011, "totalAssets": 186353425, "accountsPayable": 31671566, "shortLongTermDebt": 57667, "otherCurrentLiab": 4484814, "otherLiab": 4455486, "totalCurrentLiabilities": 52101444, "totalLiab": 56556930, "commonStock": 6347000, "retainedEarnings": 83072033, "treasuryStock": -648780, "capitalSurplus": 41026242, "otherStockholderEquity": -648780, "totalStockholderEquity": 129796495, "netTangibleAssets": 127052995}, {"maxAge": 1, "endDate": "2018-03-31", "cash": 10039090, "shortTermInvestments": 6721992, "netReceivables": 108100158, "inventory": 42595998, "otherCurrentAssets": 2526905, "totalCurrentAssets": 170959117, "longTermInvestments": 328261, "propertyPlantEquipment": 22753728, "otherAssets": 11808931, "deferredLongTermAssetCharges": 1465105, "totalAssets": 205850037, "accountsPayable": 46965074, "shortLongTermDebt": 126896, "otherCurrentLiab": 7718956, "longTermDebt": 57667, "otherLiab": 4553568, "totalCurrentLiabilities": 83653341, "totalLiab": 88264576, "commonStock": 6347000, "retainedEarnings": 70290994, "treasuryStock": -78775, "capitalSurplus": 41026242, "otherStockholderEquity": -78775, "totalStockholderEquity": 117585461, "netTangibleAssets": 117585461}, {"maxAge": 1, "endDate": "2017-03-31", "cash": 31355224, "netReceivables": 100298093, "inventory": 55468134, "otherCurrentAssets": 8285408, "totalCurrentAssets": 195997425, "longTermInvestments": 10000, "propertyPlantEquipment": 41441089, "goodWill": 12900, "otherAssets": 29739681, "deferredLongTermAssetCharges": 5133137, "totalAssets": 267201095, "accountsPayable": 53752109, "otherCurrentLiab": 8991221, "longTermDebt": 27209570, "otherLiab": 3041889, "totalCurrentLiabilities": 102008534, "totalLiab": 132259993, "commonStock": 6347000, "retainedEarnings": 71219549, "treasuryStock": 1, "capitalSurplus": 57374552, "otherStockholderEquity": 1, "totalStockholderEquity": 134941102, "netTangibleAssets": 134928202}], "maxAge": 86400}, "financialData": {"maxAge": 86400, "currentPrice": 2804.6, "recommendationKey": "none", "grossProfits": 123925664, "financialCurrency": "INR"}}}