{"KCLINFRA.BO": {"cashflowStatementHistory": {"cashflowStatements": [{"maxAge": 1, "endDate": "2020-03-31", "netIncome": 5010565, "depreciation": 760658, "changeToNetincome": -4705462, "changeToAccountReceivables": -67389845, "changeToLiabilities": 80863839, "changeToInventory": -7475926, "totalCashFromOperatingActivities": 7063829, "capitalExpenditures": -4622372, "investments": -7960161, "otherCashflowsFromInvestingActivities": 9493735, "totalCashflowsFromInvestingActivities": -3088798, "netBorrowings": -169809, "otherCashflowsFromFinancingActivities": -4381292, "totalCashFromFinancingActivities": -4551101, "changeInCash": -576070}, {"maxAge": 1, "endDate": "2019-03-31", "netIncome": 2909843, "depreciation": 903471, "changeToNetincome": -3531345, "changeToAccountReceivables": 10664347, "changeToLiabilities": -24207640, "changeToInventory": -72943, "totalCashFromOperatingActivities": -13334267, "capitalExpenditures": -90185, "investments": 6501299, "otherCashflowsFromInvestingActivities": 12890527, "totalCashflowsFromInvestingActivities": 19849741, "netBorrowings": -3278749, "otherCashflowsFromFinancingActivities": -4817130, "totalCashFromFinancingActivities": -8095879, "changeInCash": -1580405}, {"maxAge": 1, "endDate": "2018-03-31", "netIncome": 2533124, "depreciation": 1175341, "changeToNetincome": -4028090, "changeToAccountReceivables": -20200244, "changeToLiabilities": 38208371, "changeToInventory": -277059, "totalCashFromOperatingActivities": 17411443, "capitalExpenditures": -126789, "investments": -27021927, "otherCashflowsFromInvestingActivities": 8133461, "totalCashflowsFromInvestingActivities": -19015255, "netBorrowings": 473187, "otherCashflowsFromFinancingActivities": -4488252, "totalCashFromFinancingActivities": -4015065, "changeInCash": -5618877}, {"maxAge": 1, "endDate": "2017-03-31", "netIncome": 1631756, "depreciation": 1155293, "changeToNetincome": -6892049, "changeToAccountReceivables": -266648, "changeToLiabilities": -38059034, "changeToInventory": -17694303, "totalCashFromOperatingActivities": -60124985, "capitalExpenditures": -163555, "investments": 22712215, "otherCashflowsFromInvestingActivities": 7937645, "totalCashflowsFromInvestingActivities": 30486305, "netBorrowings": 34542533, "otherCashflowsFromFinancingActivities": -3691393, "totalCashFromFinancingActivities": 30851140, "changeInCash": 1212460}], "maxAge": 86400}, "institutionOwnership": {"maxAge": 1, "ownershipList": []}, "balanceSheetHistoryQuarterly": {"balanceSheetStatements": [{"maxAge": 1, "endDate": "2020-06-30", "totalStockholderEquity": 191670481, "netTangibleAssets": 191670481}, {"maxAge": 1, "endDate": "2020-03-31", "cash": 798046, "netReceivables": 113166003, "inventory": 53937691, "otherCurrentAssets": 456941, "totalCurrentAssets": 168459339, "propertyPlantEquipment": 6696275, "otherAssets": 158357664, "deferredLongTermAssetCharges": 57904, "totalAssets": 333513278, "accountsPayable": 95684066, "shortLongTermDebt": 4376766, "otherCurrentLiab": 6645893, "longTermDebt": 33082408, "otherLiab": 839983, "totalCurrentLiabilities": 107920406, "totalLiab": 141842797, "commonStock": 52662000, "retainedEarnings": 24803481, "treasuryStock": 13028000, "capitalSurplus": 101177000, "otherStockholderEquity": 13028000, "totalStockholderEquity": 191670481, "netTangibleAssets": 191670481}, {"maxAge": 1, "endDate": "2019-12-31", "totalStockholderEquity": 185024000, "netTangibleAssets": 185024000}, {"maxAge": 1, "endDate": "2019-09-30", "cash": 2421000, "netReceivables": 20348000, "inventory": 56574000, "otherCurrentAssets": 1847000, "totalCurrentAssets": 81190000, "propertyPlantEquipment": 3669000, "otherAssets": 154687000, "deferredLongTermAssetCharges": 143000, "totalAssets": 239546000, "accountsPayable": 13478000, "otherCurrentLiab": 6509000, "longTermDebt": 32511000, "otherLiab": 850000, "totalCurrentLiabilities": 21161000, "totalLiab": 54522000, "commonStock": 52662000, "treasuryStock": 132362000, "otherStockholderEquity": 132362000, "totalStockholderEquity": 185024000, "netTangibleAssets": 185024000}], "maxAge": 86400}, "indexTrend": {"maxAge": 1, "symbol": "SP5", "peRatio": 19.7411, "pegRatio": 1.34172, "estimates": [{"period": "0q", "growth": 0.549}, {"period": "+1q", "growth": 0.431}, {"period": "0y", "growth": 0.305}, {"period": "+1y", "growth": 0.109}, {"period": "+5y", "growth": 0.120859005}, {"period": "-5y"}]}, "insiderTransactions": {"transactions": [{"maxAge": 1, "shares": 61400, "filerUrl": "", "transactionText": "", "filerName": "Jhawar (Manisha)", "filerRelation": "Promoter", "moneyText": "", "startDate": "2017-11-10", "ownership": "D"}, {"maxAge": 1, "shares": 399200, "filerUrl": "", "transactionText": "", "filerName": "Jhawar (Manan)", "filerRelation": "UNREPORTED", "moneyText": "", "startDate": "2017-03-02", "ownership": "D"}, {"maxAge": 1, "shares": 1735086, "filerUrl": "", "transactionText": "", "filerName": "Jhawar (Manisha)", "filerRelation": "Promoter", "moneyText": "", "startDate": "2013-03-28", "ownership": "D"}, {"maxAge": 1, "shares": 1561586, "filerUrl": "", "transactionText": "", "filerName": "Jhawar (Mohan)", "filerRelation": "Director", "moneyText": "", "startDate": "2013-03-28", "ownership": "D"}, {"maxAge": 1, "shares": 173500, "filerUrl": "", "transactionText": "", "filerName": "Jhawar (Mohan)", "filerRelation": "Director", "moneyText": "", "startDate": "2013-01-15", "ownership": "D"}, {"maxAge": 1, "shares": 173500, "filerUrl": "", "transactionText": "", "filerName": "Soni (Jayesh)", "filerRelation": "Promoter", "moneyText": "", "startDate": "2013-01-15", "ownership": "D"}], "maxAge": 1}, "quoteType": {"exchange": "BSE", "quoteType": "EQUITY", "symbol": "KCLINFRA.BO", "underlyingSymbol": "KCLINFRA.BO", "shortName": "KCL Infra Projects Limited", "longName": "KCL Infra Projects Limited", "firstTradeDateEpochUtc": "2000-01-20 09:15:00", "timeZoneFullName": "Asia/Kolkata", "timeZoneShortName": "IST", "uuid": "5fc86591-1962-33af-b6f6-5e0ad7092f4a", "messageBoardId": null, "gmtOffSetMilliseconds": 19800000, "maxAge": 1}, "incomeStatementHistory": {"incomeStatementHistory": [{"maxAge": 1, "endDate": "2020-03-31", "totalRevenue": 149813587, "costOfRevenue": 128634433, "grossProfit": 21179154, "researchDevelopment": {}, "sellingGeneralAdministrative": 6987435, "nonRecurring": {}, "otherOperatingExpenses": 2209602, "totalOperatingExpenses": 138592128, "operatingIncome": 11221459, "totalOtherIncomeExpenseNet": -4381292, "ebit": 11221459, "interestExpense": -4317915, "incomeBeforeTax": 6840167, "incomeTaxExpense": 1829602, "minorityInterest": {}, "netIncomeFromContinuingOps": 5010565, "discontinuedOperations": {}, "extraordinaryItems": {}, "effectOfAccountingCharges": {}, "otherItems": {}, "netIncome": 5010565, "netIncomeApplicableToCommonShares": 5010565}, {"maxAge": 1, "endDate": "2019-03-31", "totalRevenue": 92344518, "costOfRevenue": 64564282, "grossProfit": 27780236, "researchDevelopment": {}, "sellingGeneralAdministrative": 6385655, "nonRecurring": {}, "otherOperatingExpenses": 11860108, "totalOperatingExpenses": 83713516, "operatingIncome": 8631002, "totalOtherIncomeExpenseNet": -4849855, "ebit": 8631002, "interestExpense": -4642623, "incomeBeforeTax": 3781147, "incomeTaxExpense": 871304, "minorityInterest": {}, "netIncomeFromContinuingOps": 2909843, "discontinuedOperations": {}, "extraordinaryItems": {}, "effectOfAccountingCharges": {}, "otherItems": {}, "netIncome": 2909843, "netIncomeApplicableToCommonShares": 2909843}, {"maxAge": 1, "endDate": "2018-03-31", "totalRevenue": 212239054, "costOfRevenue": 192497420, "grossProfit": 19741634, "researchDevelopment": {}, "sellingGeneralAdministrative": 6269363, "nonRecurring": {}, "otherOperatingExpenses": 4308056, "totalOperatingExpenses": 204250180, "operatingIncome": 7988874, "totalOtherIncomeExpenseNet": -4488252, "ebit": 7988874, "interestExpense": -4427692, "incomeBeforeTax": 3500622, "incomeTaxExpense": 967498, "minorityInterest": {}, "netIncomeFromContinuingOps": 2533124, "discontinuedOperations": {}, "extraordinaryItems": {}, "effectOfAccountingCharges": {}, "otherItems": {}, "netIncome": 2533124, "netIncomeApplicableToCommonShares": 2533124}, {"maxAge": 1, "endDate": "2017-03-31", "totalRevenue": 190644458, "costOfRevenue": 179060166, "grossProfit": 11584292, "researchDevelopment": {}, "sellingGeneralAdministrative": 5151088, "nonRecurring": {}, "otherOperatingExpenses": -1087378, "totalOperatingExpenses": 184279169, "operatingIncome": 6365289, "totalOtherIncomeExpenseNet": -3691393, "ebit": 6365289, "interestExpense": -3251169, "incomeBeforeTax": 2673896, "incomeTaxExpense": 1042140, "minorityInterest": {}, "netIncomeFromContinuingOps": 1631756, "discontinuedOperations": {}, "extraordinaryItems": {}, "effectOfAccountingCharges": {}, "otherItems": {}, "netIncome": 1631756, "netIncomeApplicableToCommonShares": 1631756}], "maxAge": 86400}, "fundOwnership": {"maxAge": 1, "ownershipList": []}, "summaryDetail": {"maxAge": 1, "priceHint": 4, "previousClose": 1.0, "open": 1.0, "dayLow": 1.0, "dayHigh": 1.05, "regularMarketPreviousClose": 1.0, "regularMarketOpen": 1.0, "regularMarketDayLow": 1.0, "regularMarketDayHigh": 1.05, "trailingPE": 4.9999995, "volume": 7762, "regularMarketVolume": 7762, "averageVolume": 15151, "averageVolume10days": 12915, "averageDailyVolume10Day": 12915, "bid": 1.0, "ask": 1.05, "bidSize": 0, "askSize": 0, "marketCap": 27384238, "fiftyTwoWeekLow": 0.61, "fiftyTwoWeekHigh": 2.22, "fiftyDayAverage": 1.6, "twoHundredDayAverage": 1.1602919, "currency": "INR", "fromCurrency": null, "toCurrency": null, "lastMarket": null, "algorithm": null, "tradeable": false}, "incomeStatementHistoryQuarterly": {"incomeStatementHistory": [{"maxAge": 1, "endDate": "2020-06-30", "totalRevenue": 3327000, "costOfRevenue": 1215000, "grossProfit": 2112000, "researchDevelopment": {}, "sellingGeneralAdministrative": 364000, "nonRecurring": {}, "otherOperatingExpenses": 276000, "totalOperatingExpenses": 2058000, "operatingIncome": 1269000, "totalOtherIncomeExpenseNet": -1108000, "ebit": 1269000, "interestExpense": -1109000, "incomeBeforeTax": 161000, "incomeTaxExpense": 55000, "minorityInterest": {}, "netIncomeFromContinuingOps": 106000, "discontinuedOperations": {}, "extraordinaryItems": {}, "effectOfAccountingCharges": {}, "otherItems": {}, "netIncome": 106000, "netIncomeApplicableToCommonShares": 106000}, {"maxAge": 1, "endDate": "2020-03-31", "totalRevenue": 123709587, "costOfRevenue": 111600433, "grossProfit": 12109154, "researchDevelopment": {}, "sellingGeneralAdministrative": 1146435, "nonRecurring": {}, "otherOperatingExpenses": -92398, "totalOperatingExpenses": 112662128, "operatingIncome": 11047459, "totalOtherIncomeExpenseNet": -1117292, "ebit": 11047459, "interestExpense": -1052915, "incomeBeforeTax": 9930167, "incomeTaxExpense": 1863602, "minorityInterest": {}, "netIncomeFromContinuingOps": 8066565, "discontinuedOperations": {}, "extraordinaryItems": {}, "effectOfAccountingCharges": {}, "otherItems": {}, "netIncome": 8066565, "netIncomeApplicableToCommonShares": 8066565}, {"maxAge": 1, "endDate": "2019-12-31", "totalRevenue": 2928000, "costOfRevenue": 0, "grossProfit": 2928000, "researchDevelopment": {}, "sellingGeneralAdministrative": 2133000, "nonRecurring": {}, "otherOperatingExpenses": 836000, "totalOperatingExpenses": 3254000, "operatingIncome": -326000, "totalOtherIncomeExpenseNet": -1076000, "ebit": -326000, "interestExpense": -1076000, "incomeBeforeTax": -1402000, "incomeTaxExpense": 18000, "minorityInterest": {}, "netIncomeFromContinuingOps": -1420000, "discontinuedOperations": {}, "extraordinaryItems": {}, "effectOfAccountingCharges": {}, "otherItems": {}, "netIncome": -1420000, "netIncomeApplicableToCommonShares": -1420000}, {"maxAge": 1, "endDate": "2019-09-30", "totalRevenue": 3033000, "costOfRevenue": 402000, "grossProfit": 2631000, "researchDevelopment": {}, "sellingGeneralAdministrative": 1861000, "nonRecurring": {}, "otherOperatingExpenses": 612000, "totalOperatingExpenses": 3119000, "operatingIncome": -86000, "totalOtherIncomeExpenseNet": -1088000, "ebit": -86000, "interestExpense": -1088000, "incomeBeforeTax": -1174000, "incomeTaxExpense": -27000, "minorityInterest": {}, "netIncomeFromContinuingOps": -1147000, "discontinuedOperations": {}, "extraordinaryItems": {}, "effectOfAccountingCharges": {}, "otherItems": {}, "netIncome": -1147000, "netIncomeApplicableToCommonShares": -1147000}], "maxAge": 86400}, "cashflowStatementHistoryQuarterly": {"cashflowStatements": [{"maxAge": 1, "endDate": "2020-06-30", "netIncome": 106000, "changeToLiabilities": 0}, {"maxAge": 1, "endDate": "2020-03-31", "netIncome": 8066565, "changeToLiabilities": 0}, {"maxAge": 1, "endDate": "2019-12-31", "netIncome": -1420000, "changeToLiabilities": 0}, {"maxAge": 1, "endDate": "2019-09-30", "netIncome": -1147000, "changeToLiabilities": 0}], "maxAge": 86400}, "insiderHolders": {"holders": [{"maxAge": 1, "name": "Jhawar (Manan)", "relation": "UNREPORTED", "url": "", "transactionDescription": "Acquisition", "latestTransDate": "2017-03-02", "positionDirect": 399200, "positionDirectDate": "2017-03-02"}, {"maxAge": 1, "name": "Jhawar (Manisha)", "relation": "Promoter", "url": "", "transactionDescription": "Acquisition", "latestTransDate": "2017-11-10", "positionDirect": 61400, "positionDirectDate": "2017-11-10"}, {"maxAge": 1, "name": "Jhawar (Mohan)", "relation": "Director", "url": "", "transactionDescription": "Acquisition", "latestTransDate": "2013-03-28", "positionDirect": 1869841, "positionDirectDate": "2013-03-28"}, {"maxAge": 1, "name": "Soni (Jayesh)", "relation": "Promoter", "url": "", "transactionDescription": "Sale", "latestTransDate": "2013-01-15", "positionDirect": 173500, "positionDirectDate": "2013-01-15"}], "maxAge": 1}, "calendarEvents": {"maxAge": 1, "earnings": {"earningsDate": []}}, "price": {"maxAge": 1, "regularMarketChangePercent": 0.03999996, "regularMarketChange": 0.03999996, "regularMarketTime": "2021-04-30 15:25:22", "priceHint": 4, "regularMarketPrice": 1.04, "regularMarketDayHigh": 1.05, "regularMarketDayLow": 1.0, "regularMarketVolume": 7762, "averageDailyVolume10Day": 12915, "averageDailyVolume3Month": 15151, "regularMarketPreviousClose": 1.0, "regularMarketSource": "FREE_REALTIME", "regularMarketOpen": 1.0, "exchange": "BSE", "exchangeName": "BSE", "exchangeDataDelayedBy": 0, "marketState": "CLOSED", "quoteType": "EQUITY", "symbol": "KCLINFRA.BO", "underlyingSymbol": null, "shortName": "KCL Infra Projects Limited", "longName": "KCL Infra Projects Limited", "currency": "INR", "quoteSourceName": "Delayed Quote", "currencySymbol": "\u20b9", "fromCurrency": null, "toCurrency": null, "lastMarket": null, "marketCap": 27384238}, "balanceSheetHistory": {"balanceSheetStatements": [{"maxAge": 1, "endDate": "2020-03-31", "cash": 798046, "netReceivables": 113166003, "inventory": 53937691, "otherCurrentAssets": 456941, "totalCurrentAssets": 168459339, "propertyPlantEquipment": 6696275, "otherAssets": 158357664, "deferredLongTermAssetCharges": 57904, "totalAssets": 333513278, "accountsPayable": 95684066, "shortLongTermDebt": 4376766, "otherCurrentLiab": 6645893, "longTermDebt": 33082408, "otherLiab": 839983, "totalCurrentLiabilities": 107920406, "totalLiab": 141842797, "commonStock": 52662000, "retainedEarnings": 24803481, "treasuryStock": 13028000, "capitalSurplus": 101177000, "otherStockholderEquity": 13028000, "totalStockholderEquity": 191670481, "netTangibleAssets": 191670481}, {"maxAge": 1, "endDate": "2019-03-31", "cash": 1374115, "netReceivables": 46176228, "inventory": 46461765, "otherCurrentAssets": 140491, "totalCurrentAssets": 94169638, "propertyPlantEquipment": 2834562, "otherAssets": 150786110, "deferredLongTermAssetCharges": 90689, "totalAssets": 247790310, "accountsPayable": 17811644, "shortLongTermDebt": 3226192, "otherCurrentLiab": 1194605, "longTermDebt": 33542200, "otherLiab": 549999, "totalCurrentLiabilities": 27038194, "totalLiab": 61130393, "commonStock": 52662000, "retainedEarnings": 19792917, "treasuryStock": 13028000, "capitalSurplus": 101177000, "otherStockholderEquity": 13028000, "totalStockholderEquity": 186659917, "netTangibleAssets": 186659917}, {"maxAge": 1, "endDate": "2018-03-31", "cash": 2954521, "netReceivables": 56413606, "inventory": 46388822, "otherCurrentAssets": 537814, "totalCurrentAssets": 106341447, "longTermInvestments": 50000, "propertyPlantEquipment": 4228673, "otherAssets": 161873027, "deferredLongTermAssetCharges": 16193, "totalAssets": 272493147, "accountsPayable": 47398722, "shortLongTermDebt": 2612963, "otherCurrentLiab": 646377, "longTermDebt": 35666348, "otherLiab": 2150797, "totalCurrentLiabilities": 50925928, "totalLiab": 88743073, "commonStock": 52662000, "retainedEarnings": 16883074, "treasuryStock": 13028000, "capitalSurplus": 101177000, "otherStockholderEquity": 13028000, "totalStockholderEquity": 183750074, "netTangibleAssets": 183750074}, {"maxAge": 1, "endDate": "2017-03-31", "cash": 8573398, "netReceivables": 35756914, "inventory": 46111763, "otherCurrentAssets": 985976, "totalCurrentAssets": 91483020, "longTermInvestments": 1212000, "propertyPlantEquipment": 5277225, "otherAssets": 133472529, "totalAssets": 231444774, "accountsPayable": 113321, "shortLongTermDebt": 2644331, "otherCurrentLiab": 9581605, "longTermDebt": 35362430, "otherLiab": 2262473, "totalCurrentLiabilities": 12602921, "totalLiab": 50227824, "commonStock": 52662000, "retainedEarnings": 14349950, "treasuryStock": 13028000, "capitalSurplus": 101177000, "otherStockholderEquity": 13028000, "totalStockholderEquity": 181216950, "netTangibleAssets": 181216950}], "maxAge": 86400}, "financialData": {"maxAge": 86400, "currentPrice": 1.04, "recommendationKey": "none", "grossProfits": 21179154, "financialCurrency": "INR"}}}