{"KDDL.BO": {"recommendationTrend": {"trend": [{"period": "0m", "strongBuy": 0, "buy": 0, "hold": 0, "sell": 0, "strongSell": 0}, {"period": "-1m", "strongBuy": 0, "buy": 0, "hold": 0, "sell": 0, "strongSell": 0}, {"period": "-2m", "strongBuy": 0, "buy": 0, "hold": 0, "sell": 0, "strongSell": 0}, {"period": "-3m", "strongBuy": 0, "buy": 0, "hold": 0, "sell": 0, "strongSell": 0}], "maxAge": 86400}, "cashflowStatementHistory": {"cashflowStatements": [{"maxAge": 1, "endDate": "2020-03-31", "netIncome": -5933000, "depreciation": 475715000, "changeToNetincome": 290745000, "changeToAccountReceivables": 27056000, "changeToLiabilities": 22609000, "changeToInventory": -127730000, "changeToOperatingActivities": -46647000, "totalCashFromOperatingActivities": 640705000, "capitalExpenditures": -338732000, "investments": -3880000, "otherCashflowsFromInvestingActivities": 25407000, "totalCashflowsFromInvestingActivities": -307925000, "dividendsPaid": -52384000, "netBorrowings": -46792000, "otherCashflowsFromFinancingActivities": -167355000, "totalCashFromFinancingActivities": -264551000, "changeInCash": 68228000, "issuanceOfStock": 1980000}, {"maxAge": 1, "endDate": "2019-03-31", "netIncome": 221386000, "depreciation": 127740000, "changeToNetincome": 148830000, "changeToAccountReceivables": 24841000, "changeToLiabilities": -36271000, "changeToInventory": -372440000, "changeToOperatingActivities": -38169000, "totalCashFromOperatingActivities": 79459000, "capitalExpenditures": -369901000, "investments": 79761000, "otherCashflowsFromInvestingActivities": 18127000, "totalCashflowsFromInvestingActivities": -271130000, "dividendsPaid": -28042000, "netBorrowings": 29541000, "otherCashflowsFromFinancingActivities": -148898000, "totalCashFromFinancingActivities": 238560000, "changeInCash": 46890000, "issuanceOfStock": 385959000}, {"maxAge": 1, "endDate": "2018-03-31", "netIncome": 171214000, "depreciation": 117527000, "changeToNetincome": 143311000, "changeToAccountReceivables": -65058000, "changeToLiabilities": 156460000, "changeToInventory": -109516000, "changeToOperatingActivities": -266273000, "totalCashFromOperatingActivities": 151463000, "capitalExpenditures": -340735000, "investments": 6015000, "otherCashflowsFromInvestingActivities": 8197000, "totalCashflowsFromInvestingActivities": -293535000, "dividendsPaid": -16260000, "netBorrowings": 250387000, "otherCashflowsFromFinancingActivities": -110986000, "totalCashFromFinancingActivities": 145641000, "changeInCash": 3569000, "issuanceOfStock": 22500000}, {"maxAge": 1, "endDate": "2017-03-31", "netIncome": 21044000, "depreciation": 110885000, "changeToNetincome": 92214000, "changeToAccountReceivables": -24939000, "changeToLiabilities": -55356000, "changeToInventory": -38127000, "changeToOperatingActivities": 98136000, "totalCashFromOperatingActivities": 209038000, "capitalExpenditures": -169591000, "investments": -34017000, "otherCashflowsFromInvestingActivities": 10678000, "totalCashflowsFromInvestingActivities": -193529000, "dividendsPaid": -16260000, "netBorrowings": 49633000, "otherCashflowsFromFinancingActivities": -142318000, "totalCashFromFinancingActivities": 132394000, "changeInCash": 147903000, "issuanceOfStock": 225079000}], "maxAge": 86400}, "institutionOwnership": {"ownershipList": [], "maxAge": 1}, "balanceSheetHistoryQuarterly": {"balanceSheetStatements": [{"maxAge": 1, "endDate": "2020-06-30", "totalStockholderEquity": 1857600000, "netTangibleAssets": 1848900000}, {"maxAge": 1, "endDate": "2020-03-31", "cash": 227878000, "shortTermInvestments": 9376000, "netReceivables": 659630000, "inventory": 2604367000, "otherCurrentAssets": 68035000, "totalCurrentAssets": 3580048000, "longTermInvestments": 14994000, "propertyPlantEquipment": 2710633000, "intangibleAssets": 8671000, "otherAssets": 257634000, "deferredLongTermAssetCharges": 72251000, "totalAssets": 6571980000, "accountsPayable": 872612000, "shortLongTermDebt": 289984000, "otherCurrentLiab": 179222000, "longTermDebt": 801400000, "otherLiab": 95150000, "minorityInterest": 416519000, "totalCurrentLiabilities": 2547266000, "totalLiab": 4297911000, "commonStock": 116501000, "retainedEarnings": 516306000, "treasuryStock": 37354000, "capitalSurplus": 1187389000, "otherStockholderEquity": 37354000, "totalStockholderEquity": 1857550000, "netTangibleAssets": 1848879000}, {"maxAge": 1, "endDate": "2019-12-31", "totalStockholderEquity": 1827500000, "netTangibleAssets": 1816100000}, {"maxAge": 1, "endDate": "2019-09-30", "cash": 180000000, "shortTermInvestments": 27300000, "netReceivables": 460400000, "inventory": 2736600000, "otherCurrentAssets": 358500000, "totalCurrentAssets": 3762800000, "longTermInvestments": 17700000, "propertyPlantEquipment": 2799300000, "intangibleAssets": 11400000, "otherAssets": 282000000, "deferredLongTermAssetCharges": 73600000, "totalAssets": 6873200000, "accountsPayable": 1074000000, "otherCurrentLiab": 655300000, "longTermDebt": 759000000, "otherLiab": 87000000, "minorityInterest": 477500000, "totalCurrentLiabilities": 2777300000, "totalLiab": 4568200000, "commonStock": 116300000, "treasuryStock": 1711200000, "otherStockholderEquity": 1711200000, "totalStockholderEquity": 1827500000, "netTangibleAssets": 1816100000}], "maxAge": 86400}, "earningsHistory": {"history": [{"maxAge": 1, "epsActual": 0.84, "epsEstimate": 0.9, "epsDifference": -0.06, "surprisePercent": -0.067, "quarter": "2017-09-30", "period": "-4q"}, {"maxAge": 1, "epsActual": 6.14, "epsEstimate": 2.8, "epsDifference": 3.34, "surprisePercent": 1.1930001, "quarter": "2018-03-31", "period": "-3q"}, {"maxAge": 1, "epsActual": 4.54, "epsEstimate": 2.8, "epsDifference": 1.74, "surprisePercent": 0.621, "quarter": "2018-06-30", "period": "-2q"}, {"maxAge": 1, "epsActual": 4.87, "epsEstimate": 4.7, "epsDifference": 0.17, "surprisePercent": 0.036, "quarter": "2018-09-30", "period": "-1q"}], "maxAge": 86400}, "indexTrend": {"maxAge": 1, "symbol": "SP5", "peRatio": 19.7411, "pegRatio": 1.34172, "estimates": [{"period": "0q", "growth": 0.549}, {"period": "+1q", "growth": 0.431}, {"period": "0y", "growth": 0.305}, {"period": "+1y", "growth": 0.109}, {"period": "+5y", "growth": 0.120865}, {"period": "-5y"}]}, "industryTrend": {"maxAge": 1, "symbol": null, "estimates": []}, "insiderTransactions": {"transactions": [{"maxAge": 1, "shares": 12600, "value": 26956, "filerUrl": "", "transactionText": "Acquisition at price 2.14 per share.", "filerName": "Vardhan Properties & Investments Ltd", "filerRelation": "Promoter", "moneyText": "", "startDate": "2020-09-14", "ownership": "D"}, {"maxAge": 1, "shares": 9352, "value": 19027, "filerUrl": "", "transactionText": "Acquisition at price 2.03 per share.", "filerName": "Vardhan Properties & Investments Ltd", "filerRelation": "Institution- Corporation", "moneyText": "", "startDate": "2020-09-09", "ownership": "D"}, {"maxAge": 1, "shares": 1760, "value": 3896, "filerUrl": "", "transactionText": "Acquisition at price 2.21 per share.", "filerName": "Kumar (Brahm Prakash)", "filerRelation": "UNREPORTED", "moneyText": "", "startDate": "2020-06-30", "ownership": "D"}, {"maxAge": 1, "shares": 14126, "filerUrl": "", "transactionText": "", "filerName": "Saboo (Yashovardhan)", "filerRelation": "Chairman of the Board", "moneyText": "", "startDate": "2020-03-18", "ownership": "D"}, {"maxAge": 1, "shares": 232600, "filerUrl": "", "transactionText": "", "filerName": "Saboo (Yashovardhan)", "filerRelation": "Chairman of the Board", "moneyText": "", "startDate": "2019-09-06", "ownership": "D"}, {"maxAge": 1, "shares": 116300, "filerUrl": "", "transactionText": "", "filerName": "Saboo (Rajendra Kumar)", "filerRelation": "Promoter", "moneyText": "", "startDate": "2019-09-06", "ownership": "D"}, {"maxAge": 1, "shares": 348900, "filerUrl": "", "transactionText": "", "filerName": "Saboo (Pranav Shankar)", "filerRelation": "Promoter", "moneyText": "", "startDate": "2019-09-06", "ownership": "D"}, {"maxAge": 1, "shares": 12405, "filerUrl": "", "transactionText": "", "filerName": "Dream Digital Technology Ltd", "filerRelation": "Promoter", "moneyText": "", "startDate": "2018-11-23", "ownership": "D"}, {"maxAge": 1, "shares": 15094, "filerUrl": "", "transactionText": "", "filerName": "Sahoo (Yashovardhan) HUF", "filerRelation": "UNREPORTED", "moneyText": "", "startDate": "2018-11-23", "ownership": "D"}, {"maxAge": 1, "shares": 0, "filerUrl": "", "transactionText": "", "filerName": "Saboo (Yashovardhan)", "filerRelation": "Vice Chairman", "moneyText": "", "startDate": "2018-11-23", "ownership": "I"}, {"maxAge": 1, "shares": 52830, "filerUrl": "", "transactionText": "", "filerName": "Saboo (Anuradha)", "filerRelation": "Promoter", "moneyText": "", "startDate": "2018-11-23", "ownership": "D"}, {"maxAge": 1, "shares": 0, "filerUrl": "", "transactionText": "", "filerName": "Saboo (Pranav Shankar)", "filerRelation": "UNREPORTED", "moneyText": "", "startDate": "2018-11-23", "ownership": "I"}, {"maxAge": 1, "shares": 7075, "filerUrl": "", "transactionText": "", "filerName": "Saboo (Yashovardhan)", "filerRelation": "Vice Chairman", "moneyText": "", "startDate": "2018-10-10", "ownership": "D"}, {"maxAge": 1, "shares": 1410067, "filerUrl": "", "transactionText": "", "filerName": "Saboo (Yashovardhan)", "filerRelation": "Vice Chairman", "moneyText": "", "startDate": "2018-10-08", "ownership": "D"}, {"maxAge": 1, "shares": 1759908, "filerUrl": "", "transactionText": "", "filerName": "Saboo (Rajendra Kumar)", "filerRelation": "Promoter", "moneyText": "", "startDate": "2018-06-12", "ownership": "D"}, {"maxAge": 1, "shares": 146047, "filerUrl": "", "transactionText": "", "filerName": "Saboo (Pranav Shankar)", "filerRelation": "UNREPORTED", "moneyText": "", "startDate": "2018-06-12", "ownership": "D"}, {"maxAge": 1, "shares": 2183, "filerUrl": "", "transactionText": "", "filerName": "Khanna (Anil)", "filerRelation": "Director (Non-Executive)", "moneyText": "", "startDate": "2018-04-27", "ownership": "D"}, {"maxAge": 1, "shares": 2000, "filerUrl": "", "transactionText": "", "filerName": "Dream Digital Technology Ltd", "filerRelation": "Promoter", "moneyText": "", "startDate": "2015-08-25", "ownership": "D"}, {"maxAge": 1, "shares": 1494175, "filerUrl": "", "transactionText": "", "filerName": "Saboo (Rajendra Kumar)", "filerRelation": "Executive Chairman", "moneyText": "", "startDate": "2015-08-25", "ownership": "D"}, {"maxAge": 1, "shares": 1414259, "filerUrl": "", "transactionText": "", "filerName": "Saboo (Yashovardhan)", "filerRelation": "Vice Chairman", "moneyText": "", "startDate": "2015-08-25", "ownership": "D"}, {"maxAge": 1, "shares": 33182, "filerUrl": "", "transactionText": "", "filerName": "Saboo (Yashovardhan)", "filerRelation": "Chief Executive Officer", "moneyText": "", "startDate": "2013-05-24", "ownership": "D"}, {"maxAge": 1, "shares": 325500, "filerUrl": "", "transactionText": "", "filerName": "Saboo (Rajendra Kumar)", "filerRelation": "Executive Chairman", "moneyText": "", "startDate": "2011-02-03", "ownership": "D"}, {"maxAge": 1, "shares": 21000, "filerUrl": "", "transactionText": "", "filerName": "Saboo (Pranav Shankar)", "filerRelation": "UNREPORTED", "moneyText": "", "startDate": "2011-02-03", "ownership": "D"}, {"maxAge": 1, "shares": 40500, "filerUrl": "", "transactionText": "", "filerName": "Saboo (Usha Devi)", "filerRelation": "UNREPORTED", "moneyText": "", "startDate": "2011-02-03", "ownership": "D"}, {"maxAge": 1, "shares": 539706, "filerUrl": "", "transactionText": "", "filerName": "Saboo (Rajendra Kumar)", "filerRelation": "Executive Chairman", "moneyText": "", "startDate": "2010-05-25", "ownership": "D"}], "maxAge": 1}, "quoteType": {"exchange": "BSE", "quoteType": "EQUITY", "symbol": "KDDL.BO", "underlyingSymbol": "KDDL.BO", "shortName": "KDDL LTD.", "longName": "KDDL Limited", "firstTradeDateEpochUtc": "2001-12-31 09:15:00", "timeZoneFullName": "Asia/Kolkata", "timeZoneShortName": "IST", "uuid": "bfc7d8bb-01c2-3cee-a338-76628cb1f354", "gmtOffSetMilliseconds": 19800000, "maxAge": 1}, "incomeStatementHistory": {"incomeStatementHistory": [{"maxAge": 1, "endDate": "2020-03-31", "totalRevenue": 6522775000, "costOfRevenue": 3875567000, "grossProfit": 2647208000, "researchDevelopment": {}, "sellingGeneralAdministrative": 1177149000, "nonRecurring": {}, "otherOperatingExpenses": 700152000, "totalOperatingExpenses": 6233473000, "operatingIncome": 289302000, "totalOtherIncomeExpenseNet": -238231000, "ebit": 289302000, "interestExpense": -283485000, "incomeBeforeTax": 51071000, "incomeTaxExpense": 70728000, "minorityInterest": 416519000, "netIncomeFromContinuingOps": -19657000, "discontinuedOperations": {}, "extraordinaryItems": {}, "effectOfAccountingCharges": {}, "otherItems": {}, "netIncome": -5933000, "netIncomeApplicableToCommonShares": -5933000}, {"maxAge": 1, "endDate": "2019-03-31", "totalRevenue": 6250085000, "costOfRevenue": 3693896000, "grossProfit": 2556189000, "researchDevelopment": {}, "sellingGeneralAdministrative": 1290354000, "nonRecurring": {}, "otherOperatingExpenses": 616888000, "totalOperatingExpenses": 5732420000, "operatingIncome": 517665000, "totalOtherIncomeExpenseNet": -113513000, "ebit": 517665000, "interestExpense": -140361000, "incomeBeforeTax": 404152000, "incomeTaxExpense": 152405000, "minorityInterest": 441475000, "netIncomeFromContinuingOps": 251747000, "discontinuedOperations": {}, "extraordinaryItems": {}, "effectOfAccountingCharges": {}, "otherItems": {}, "netIncome": 221386000, "netIncomeApplicableToCommonShares": 221386000}, {"maxAge": 1, "endDate": "2018-03-31", "totalRevenue": 5017481000, "costOfRevenue": 3062885000, "grossProfit": 1954596000, "researchDevelopment": {}, "sellingGeneralAdministrative": 999977000, "nonRecurring": {}, "otherOperatingExpenses": 505124000, "totalOperatingExpenses": 4689311000, "operatingIncome": 328170000, "totalOtherIncomeExpenseNet": -75729000, "ebit": 328170000, "interestExpense": -107831000, "incomeBeforeTax": 252441000, "incomeTaxExpense": 70736000, "minorityInterest": 296627000, "netIncomeFromContinuingOps": 181705000, "discontinuedOperations": {}, "extraordinaryItems": {}, "effectOfAccountingCharges": {}, "otherItems": {}, "netIncome": 171214000, "netIncomeApplicableToCommonShares": 171214000}, {"maxAge": 1, "endDate": "2017-03-31", "totalRevenue": 4532349000, "costOfRevenue": 2867672000, "grossProfit": 1664677000, "researchDevelopment": {}, "sellingGeneralAdministrative": 982573000, "nonRecurring": {}, "otherOperatingExpenses": 425859000, "totalOperatingExpenses": 4392170000, "operatingIncome": 140179000, "totalOtherIncomeExpenseNet": -104387000, "ebit": 140179000, "interestExpense": -134894000, "incomeBeforeTax": 35792000, "incomeTaxExpense": 17243000, "minorityInterest": 351152000, "netIncomeFromContinuingOps": 18549000, "discontinuedOperations": {}, "extraordinaryItems": {}, "effectOfAccountingCharges": {}, "otherItems": {}, "netIncome": 21044000, "netIncomeApplicableToCommonShares": 21044000}], "maxAge": 86400}, "fundOwnership": {"ownershipList": [], "maxAge": 1}, "summaryDetail": {"maxAge": 1, "priceHint": 2, "previousClose": 312.3, "open": 308.65, "dayLow": 304.65, "dayHigh": 319.0, "regularMarketPreviousClose": 312.3, "regularMarketOpen": 308.65, "regularMarketDayLow": 304.65, "regularMarketDayHigh": 319.0, "forwardPE": 23.91255, "volume": 1437, "regularMarketVolume": 1437, "averageVolume": 1244, "averageVolume10days": 346, "averageDailyVolume10Day": 346, "bid": 314.0, "ask": 318.0, "bidSize": 0, "askSize": 0, "marketCap": 3658185728, "fiftyTwoWeekLow": 103.75, "fiftyTwoWeekHigh": 319.0, "fiftyDayAverage": 232.42122, "twoHundredDayAverage": 176.80882, "trailingAnnualDividendRate": 2.0, "trailingAnnualDividendYield": 0.006404099, "currency": "INR", "fromCurrency": null, "lastMarket": null, "algorithm": null, "tradeable": false}, "sectorTrend": {"maxAge": 1, "symbol": null, "estimates": []}, "incomeStatementHistoryQuarterly": {"incomeStatementHistory": [{"maxAge": 1, "endDate": "2020-06-30", "totalRevenue": 529900000, "costOfRevenue": 282200000, "grossProfit": 247700000, "researchDevelopment": {}, "sellingGeneralAdministrative": 195200000, "nonRecurring": {}, "otherOperatingExpenses": 115500000, "totalOperatingExpenses": 715600000, "operatingIncome": -185700000, "totalOtherIncomeExpenseNet": -17100000, "ebit": -185700000, "interestExpense": -71700000, "incomeBeforeTax": -202800000, "incomeTaxExpense": -46900000, "minorityInterest": {}, "netIncomeFromContinuingOps": -155900000, "discontinuedOperations": {}, "extraordinaryItems": {}, "effectOfAccountingCharges": {}, "otherItems": {}, "netIncome": -127600000, "netIncomeApplicableToCommonShares": -127600000}, {"maxAge": 1, "endDate": "2020-03-31", "totalRevenue": 1372675000, "costOfRevenue": 880067000, "grossProfit": 492608000, "researchDevelopment": {}, "sellingGeneralAdministrative": 401849000, "nonRecurring": {}, "otherOperatingExpenses": -58948000, "totalOperatingExpenses": 1344973000, "operatingIncome": 27702000, "totalOtherIncomeExpenseNet": -77831000, "ebit": 27702000, "interestExpense": -67785000, "incomeBeforeTax": -50129000, "incomeTaxExpense": 1128000, "minorityInterest": 416519000, "netIncomeFromContinuingOps": -51257000, "discontinuedOperations": {}, "extraordinaryItems": {}, "effectOfAccountingCharges": {}, "otherItems": {}, "netIncome": -33633000, "netIncomeApplicableToCommonShares": -33633000}, {"maxAge": 1, "endDate": "2019-12-31", "totalRevenue": 2037300000, "costOfRevenue": 1247700000, "grossProfit": 789600000, "researchDevelopment": {}, "sellingGeneralAdministrative": 256900000, "nonRecurring": {}, "otherOperatingExpenses": 272900000, "totalOperatingExpenses": 1903800000, "operatingIncome": 133500000, "totalOtherIncomeExpenseNet": -52000000, "ebit": 133500000, "interestExpense": -79100000, "incomeBeforeTax": 81500000, "incomeTaxExpense": 37500000, "minorityInterest": 416519000, "netIncomeFromContinuingOps": 44000000, "discontinuedOperations": {}, "extraordinaryItems": {}, "effectOfAccountingCharges": {}, "otherItems": {}, "netIncome": 31800000, "netIncomeApplicableToCommonShares": 31800000}, {"maxAge": 1, "endDate": "2019-09-30", "totalRevenue": 1584100000, "costOfRevenue": 899200000, "grossProfit": 684900000, "researchDevelopment": {}, "sellingGeneralAdministrative": 260800000, "nonRecurring": {}, "otherOperatingExpenses": 243000000, "totalOperatingExpenses": 1526700000, "operatingIncome": 57400000, "totalOtherIncomeExpenseNet": -52800000, "ebit": 57400000, "interestExpense": -73300000, "incomeBeforeTax": 4600000, "incomeTaxExpense": 17500000, "minorityInterest": 477500000, "netIncomeFromContinuingOps": -12900000, "discontinuedOperations": {}, "extraordinaryItems": {}, "effectOfAccountingCharges": {}, "otherItems": {}, "netIncome": -6700000, "netIncomeApplicableToCommonShares": -6700000}], "maxAge": 86400}, "cashflowStatementHistoryQuarterly": {"cashflowStatements": [{"maxAge": 1, "endDate": "2020-06-30", "netIncome": -127600000, "changeToLiabilities": 0}, {"maxAge": 1, "endDate": "2020-03-31", "netIncome": -33633000, "changeToLiabilities": 0}, {"maxAge": 1, "endDate": "2019-12-31", "netIncome": 31800000, "changeToLiabilities": 0}, {"maxAge": 1, "endDate": "2019-09-30", "netIncome": -6700000, "changeToLiabilities": 0}], "maxAge": 86400}, "insiderHolders": {"holders": [{"maxAge": 1, "name": "Dream Digital Technology Ltd", "relation": "Promoter", "url": "", "transactionDescription": "Other", "latestTransDate": "2018-11-23", "positionDirect": 23405, "positionDirectDate": "2018-11-23"}, {"maxAge": 1, "name": "Khanna (Anil)", "relation": "Director (Non-Executive)", "url": "", "transactionDescription": "Sale", "latestTransDate": "2018-04-27", "positionDirect": 2100, "positionDirectDate": "2018-04-27"}, {"maxAge": 1, "name": "Kumar (Brahm Prakash)", "relation": "UNREPORTED", "url": "", "transactionDescription": "Acquisition", "latestTransDate": "2020-06-30", "positionDirect": 1761, "positionDirectDate": "2020-06-30"}, {"maxAge": 1, "name": "Saboo (Anuradha)", "relation": "Promoter", "url": "", "transactionDescription": "Other", "latestTransDate": "2018-11-23", "positionDirect": 436857, "positionDirectDate": "2018-11-23"}, {"maxAge": 1, "name": "Saboo (Pranav Shankar)", "relation": "Promoter", "url": "", "transactionDescription": "Other", "latestTransDate": "2019-09-06", "positionDirect": 680851, "positionDirectDate": "2019-09-06"}, {"maxAge": 1, "name": "Saboo (Rajendra Kumar)", "relation": "Promoter", "url": "", "transactionDescription": "Other", "latestTransDate": "2019-09-06", "positionDirect": 1732040, "positionDirectDate": "2019-09-06"}, {"maxAge": 1, "name": "Saboo (Usha Devi)", "relation": "UNREPORTED", "url": "", "transactionDescription": "Acquisition", "latestTransDate": "2011-02-03", "positionDirect": 396680, "positionDirectDate": "2011-02-03"}, {"maxAge": 1, "name": "Saboo (Yashovardhan)", "relation": "Chairman of the Board", "url": "", "transactionDescription": "Acquisition", "latestTransDate": "2020-03-18", "positionDirect": 1290039, "positionDirectDate": "2020-03-18"}, {"maxAge": 1, "name": "Sahoo (Yashovardhan) HUF", "relation": "UNREPORTED", "url": "", "transactionDescription": "Other", "latestTransDate": "2018-11-23", "positionDirect": 48752, "positionDirectDate": "2018-11-23"}, {"maxAge": 1, "name": "Vardhan Properties & Investments Ltd", "relation": "Promoter", "url": "", "transactionDescription": "Acquisition", "latestTransDate": "2020-09-14", "positionDirect": 31903, "positionDirectDate": "2020-09-14"}], "maxAge": 1}, "earnings": {"maxAge": 86400, "earningsChart": {"quarterly": [{"date": "3Q2017", "actual": 0.84, "estimate": 0.9}, {"date": "1Q2018", "actual": 6.14, "estimate": 2.8}, {"date": "2Q2018", "actual": 4.54, "estimate": 2.8}, {"date": "3Q2018", "actual": 4.87, "estimate": 4.7}], "currentQuarterEstimateDate": "4Q", "currentQuarterEstimateYear": 2018, "earningsDate": ["2020-08-25 05:30:S"]}, "financialsChart": {"yearly": [{"date": 2017, "revenue": 4532349000, "earnings": 21044000}, {"date": 2018, "revenue": 5017481000, "earnings": 171214000}, {"date": 2019, "revenue": 6250085000, "earnings": 221386000}, {"date": 2020, "revenue": 6522775000, "earnings": -5933000}], "quarterly": [{"date": "3Q2019", "revenue": 1584100000, "earnings": -6700000}, {"date": "4Q2019", "revenue": 2037300000, "earnings": 31800000}, {"date": "1Q2020", "revenue": 1372675000, "earnings": -33633000}, {"date": "2Q2020", "revenue": 529900000, "earnings": -127600000}]}, "financialCurrency": "INR"}, "calendarEvents": {"maxAge": 1, "earnings": {"earningsDate": ["2020-08-25 05:30:S"]}}, "upgradeDowngradeHistory": {"history": [], "maxAge": 86400}, "price": {"maxAge": 1, "regularMarketChangePercent": 0.006884484, "regularMarketChange": 2.1500244, "regularMarketTime": "2021-04-30 15:29:30", "priceHint": 2, "regularMarketPrice": 314.45, "regularMarketDayHigh": 319.0, "regularMarketDayLow": 304.65, "regularMarketVolume": 1437, "averageDailyVolume10Day": 346, "averageDailyVolume3Month": 1244, "regularMarketPreviousClose": 312.3, "regularMarketSource": "FREE_REALTIME", "regularMarketOpen": 308.65, "exchange": "BSE", "exchangeName": "BSE", "exchangeDataDelayedBy": 0, "marketState": "CLOSED", "quoteType": "EQUITY", "symbol": "KDDL.BO", "underlyingSymbol": null, "shortName": "KDDL LTD.", "longName": "KDDL Limited", "currency": "INR", "quoteSourceName": "Delayed Quote", "currencySymbol": "\u20b9", "fromCurrency": null, "lastMarket": null, "marketCap": 3658185728}, "balanceSheetHistory": {"balanceSheetStatements": [{"maxAge": 1, "endDate": "2020-03-31", "cash": 227878000, "shortTermInvestments": 9376000, "netReceivables": 659630000, "inventory": 2604367000, "otherCurrentAssets": 68035000, "totalCurrentAssets": 3580048000, "longTermInvestments": 14994000, "propertyPlantEquipment": 2710633000, "intangibleAssets": 8671000, "otherAssets": 257634000, "deferredLongTermAssetCharges": 72251000, "totalAssets": 6571980000, "accountsPayable": 872612000, "shortLongTermDebt": 289984000, "otherCurrentLiab": 179222000, "longTermDebt": 801400000, "otherLiab": 95150000, "minorityInterest": 416519000, "totalCurrentLiabilities": 2547266000, "totalLiab": 4297911000, "commonStock": 116501000, "retainedEarnings": 516306000, "treasuryStock": 37354000, "capitalSurplus": 1187389000, "otherStockholderEquity": 37354000, "totalStockholderEquity": 1857550000, "netTangibleAssets": 1848879000}, {"maxAge": 1, "endDate": "2019-03-31", "cash": 159650000, "shortTermInvestments": 4920000, "netReceivables": 635554000, "inventory": 2456417000, "otherCurrentAssets": 79754000, "totalCurrentAssets": 3349907000, "longTermInvestments": 8332000, "propertyPlantEquipment": 1500548000, "intangibleAssets": 12300000, "otherAssets": 317592000, "deferredLongTermAssetCharges": 63382000, "totalAssets": 5188679000, "accountsPayable": 846167000, "shortLongTermDebt": 251075000, "otherCurrentLiab": 137872000, "longTermDebt": 672477000, "otherLiab": 64779000, "minorityInterest": 441475000, "totalCurrentLiabilities": 2101492000, "totalLiab": 2838748000, "commonStock": 116336000, "retainedEarnings": 559074000, "treasuryStock": 28872000, "capitalSurplus": 1204174000, "otherStockholderEquity": 28872000, "totalStockholderEquity": 1908456000, "netTangibleAssets": 1896156000}, {"maxAge": 1, "endDate": "2018-03-31", "cash": 112760000, "shortTermInvestments": 2679000, "netReceivables": 631695000, "inventory": 2055119000, "otherCurrentAssets": 78429000, "totalCurrentAssets": 2895666000, "longTermInvestments": 8632000, "propertyPlantEquipment": 1078050000, "intangibleAssets": 8354000, "otherAssets": 309055000, "deferredLongTermAssetCharges": 49552000, "totalAssets": 4299757000, "accountsPayable": 862721000, "shortLongTermDebt": 284730000, "otherCurrentLiab": 202971000, "longTermDebt": 459747000, "otherLiab": 71943000, "minorityInterest": 296627000, "totalCurrentLiabilities": 2151558000, "totalLiab": 2683248000, "commonStock": 109528000, "retainedEarnings": 383476000, "treasuryStock": 15812000, "capitalSurplus": 811066000, "otherStockholderEquity": 15812000, "totalStockholderEquity": 1319882000, "netTangibleAssets": 1311528000}, {"maxAge": 1, "endDate": "2017-03-31", "cash": 115635000, "shortTermInvestments": 926000, "netReceivables": 335313000, "inventory": 1918969000, "otherCurrentAssets": 92728000, "totalCurrentAssets": 2482134000, "longTermInvestments": 8348000, "propertyPlantEquipment": 827793000, "intangibleAssets": 10732000, "otherAssets": 282224000, "deferredLongTermAssetCharges": 52785000, "totalAssets": 3611231000, "accountsPayable": 716089000, "shortLongTermDebt": 178936000, "otherCurrentLiab": 87821000, "longTermDebt": 362721000, "otherLiab": 74456000, "minorityInterest": 351152000, "totalCurrentLiabilities": 1749295000, "totalLiab": 2186472000, "commonStock": 108396000, "retainedEarnings": 188022000, "treasuryStock": 17880000, "capitalSurplus": 759309000, "otherStockholderEquity": 17880000, "totalStockholderEquity": 1073607000, "netTangibleAssets": 1062875000}], "maxAge": 86400}, "earningsTrend": {"trend": [{"maxAge": 1, "period": "0q", "endDate": "2018-12-31", "growth": {}, "earningsEstimate": {"avg": 0.0, "low": 0.0, "high": 0.0, "yearAgoEps": 0.84, "numberOfAnalysts": 0, "growth": {}}, "revenueEstimate": {"avg": 0, "low": 0, "high": 0, "numberOfAnalysts": 0, "yearAgoRevenue": {}, "growth": {}}, "epsTrend": {"current": 0.0, "7daysAgo": 0.0, "30daysAgo": 0.0, "60daysAgo": 0.0, "90daysAgo": 0.0}, "epsRevisions": {"upLast7days": 0, "upLast30days": 0, "downLast30days": 0, "downLast90days": {}}}, {"maxAge": 1, "period": "+1q", "endDate": "2019-03-31", "growth": {}, "earningsEstimate": {"avg": 0.0, "low": 0.0, "high": 0.0, "yearAgoEps": 6.14, "numberOfAnalysts": 0, "growth": {}}, "revenueEstimate": {"avg": 0, "low": 0, "high": 0, "numberOfAnalysts": 0, "yearAgoRevenue": {}, "growth": {}}, "epsTrend": {"current": 0.0, "7daysAgo": 0.0, "30daysAgo": 0.0, "60daysAgo": 0.0, "90daysAgo": 0.0}, "epsRevisions": {"upLast7days": 0, "upLast30days": 0, "downLast30days": 0, "downLast90days": {}}}, {"maxAge": 1, "period": "0y", "endDate": "2019-03-31", "growth": {}, "earningsEstimate": {"avg": 0.0, "low": 0.0, "high": 0.0, "yearAgoEps": {}, "numberOfAnalysts": 0, "growth": {}}, "revenueEstimate": {"avg": 5709000000, "low": 5709000000, "high": 5709000000, "numberOfAnalysts": 1, "yearAgoRevenue": 5031800000, "growth": 0.135}, "epsTrend": {"current": 0.0, "7daysAgo": 15.3, "30daysAgo": 15.3, "60daysAgo": 15.3, "90daysAgo": 15.3}, "epsRevisions": {"upLast7days": 0, "upLast30days": 0, "downLast30days": 0, "downLast90days": {}}}, {"maxAge": 1, "period": "+1y", "endDate": "2020-03-31", "growth": {}, "earningsEstimate": {"avg": 0.0, "low": 0.0, "high": 0.0, "yearAgoEps": {}, "numberOfAnalysts": 0, "growth": {}}, "revenueEstimate": {"avg": 6741000000, "low": 6741000000, "high": 6741000000, "numberOfAnalysts": 1, "yearAgoRevenue": 5709000000, "growth": 0.18100001}, "epsTrend": {"current": 0.0, "7daysAgo": 21.1, "30daysAgo": 21.1, "60daysAgo": 21.1, "90daysAgo": 21.1}, "epsRevisions": {"upLast7days": 0, "upLast30days": 0, "downLast30days": 0, "downLast90days": {}}}, {"maxAge": 1, "period": "+5y", "endDate": null, "growth": {}, "earningsEstimate": {"avg": {}, "low": {}, "high": {}, "yearAgoEps": {}, "numberOfAnalysts": {}, "growth": {}}, "revenueEstimate": {"avg": {}, "low": {}, "high": {}, "numberOfAnalysts": {}, "yearAgoRevenue": {}, "growth": {}}, "epsTrend": {"current": {}, "7daysAgo": {}, "30daysAgo": {}, "60daysAgo": {}, "90daysAgo": {}}, "epsRevisions": {"upLast7days": {}, "upLast30days": {}, "downLast30days": {}, "downLast90days": {}}}, {"maxAge": 1, "period": "-5y", "endDate": null, "growth": {}, "earningsEstimate": {"avg": {}, "low": {}, "high": {}, "yearAgoEps": {}, "numberOfAnalysts": {}, "growth": {}}, "revenueEstimate": {"avg": {}, "low": {}, "high": {}, "numberOfAnalysts": {}, "yearAgoRevenue": {}, "growth": {}}, "epsTrend": {"current": {}, "7daysAgo": {}, "30daysAgo": {}, "60daysAgo": {}, "90daysAgo": {}}, "epsRevisions": {"upLast7days": {}, "upLast30days": {}, "downLast30days": {}, "downLast90days": {}}}], "maxAge": 1}, "financialData": {"maxAge": 86400, "currentPrice": 314.45, "targetHighPrice": 525.0, "targetLowPrice": 525.0, "targetMeanPrice": 525.0, "targetMedianPrice": 525.0, "recommendationKey": "none", "numberOfAnalystOpinions": 1, "grossProfits": 2647208000, "financialCurrency": "INR"}}}