{"KECL.NS": {"assetProfile": {"address1": "Peenya 1st Stage", "address2": "No. 19, 2nd Main Road Phase-1 Peenya", "city": "Bengaluru", "zip": "560058", "country": "India", "phone": "91 80 2839 7256", "fax": "91 80 2337 7706", "website": "http://kirloskarelectric.com", "industry": "Specialty Industrial Machinery", "sector": "Industrials", "longBusinessSummary": "Kirloskar Electric Company Limited manufactures and sells electric products and services in India and internationally. The company operates through Power generation and Distribution, Rotating Machine Group, and Others segments. Its products include AC high and low voltage motors; AC generators; DC motors; diesel generator sets; electronics, such as AC and DC drives, battery chargers, and uninterruptible power supply systems; and switchgears comprising vacuum circuit breakers, unitized package substations, panels, and porcelain clad vacuum circuit breakers. The company also provides traction products that include dynamic breaking resistors, AC and DC traction motors, traction alternators, and radiator cooling fans; and cast resin, distribution, power, energy, and special transformers. In addition, it designs, manufactures, and supplies custom-built systems for various projects. The company serves the power generation, transmission, and distribution, as well as transportation, renewable energy, sugar, steel, cement, agriculture, oil and gas, refinery, and nuclear industries. Kirloskar Electric Company Limited was founded in 1946 and is based in Bengaluru, India.", "fullTimeEmployees": 1062, "companyOfficers": [{"maxAge": 1, "name": "Mr. Vijay Ravindra Kirloskar", "age": 69, "title": "Exec. Chairman", "yearBorn": 1951, "fiscalYear": 2020, "totalPay": 16800000, "exercisedValue": 0, "unexercisedValue": 0}, {"maxAge": 1, "name": "Mr. Sanjeev Kumar Shivappa", "age": 57, "title": "Director of Fin., CFO & Whole-Time Director", "yearBorn": 1963, "fiscalYear": 2020, "totalPay": 2536971, "exercisedValue": 0, "unexercisedValue": 0}, {"maxAge": 1, "name": "Ms. K. S. Swapna Latha", "title": "Sr. GM of Legal, Compliance Officer & Company Sec.", "fiscalYear": 2020, "totalPay": 2702861, "exercisedValue": 0, "unexercisedValue": 0}, {"maxAge": 1, "name": "Mr. Thota Krishna Mohan", "age": 53, "title": "VP of Operations", "yearBorn": 1967, "exercisedValue": 0, "unexercisedValue": 0}, {"maxAge": 1, "name": "Mr. Rajkumar  Patil", "age": 55, "title": "Gen. Mang. of Sales & Marketing", "yearBorn": 1965, "exercisedValue": 0, "unexercisedValue": 0}, {"maxAge": 1, "name": "Dr. Muralidhara  Mayyarapady", "age": 51, "title": "VP of Human Resource Department", "yearBorn": 1969, "exercisedValue": 0, "unexercisedValue": 0}, {"maxAge": 1, "name": "Ms. Rukmini  Kirloskar", "title": "Exec. Officer", "fiscalYear": 2018, "exercisedValue": 0, "unexercisedValue": 0}], "compensationAsOfEpochDate": "2020-12-31 05:30:00", "maxAge": 86400}, "recommendationTrend": {"trend": [{"period": "0m", "strongBuy": 0, "buy": 0, "hold": 0, "sell": 0, "strongSell": 0}, {"period": "-1m", "strongBuy": 0, "buy": 0, "hold": 0, "sell": 0, "strongSell": 0}, {"period": "-2m", "strongBuy": 0, "buy": 0, "hold": 0, "sell": 0, "strongSell": 0}, {"period": "-3m", "strongBuy": 0, "buy": 0, "hold": 0, "sell": 0, "strongSell": 0}], "maxAge": 86400}, "cashflowStatementHistory": {"cashflowStatements": [{"maxAge": 1, "endDate": "2020-03-31", "netIncome": 453171000, "depreciation": 65754000, "changeToNetincome": -322249000, "changeToAccountReceivables": -54665000, "changeToLiabilities": 230181000, "changeToInventory": -27836000, "totalCashFromOperatingActivities": 344626000, "capitalExpenditures": -12404000, "otherCashflowsFromInvestingActivities": -68919000, "totalCashflowsFromInvestingActivities": 688350000, "netBorrowings": -787209000, "otherCashflowsFromFinancingActivities": -280821000, "totalCashFromFinancingActivities": -1068030000, "changeInCash": -35054000}, {"maxAge": 1, "endDate": "2019-03-31", "netIncome": -279456000, "depreciation": 87049000, "changeToNetincome": -40900000, "changeToAccountReceivables": 420091000, "changeToLiabilities": -253164000, "changeToInventory": 79194000, "totalCashFromOperatingActivities": 13375000, "capitalExpenditures": -7230000, "investments": -1000, "otherCashflowsFromInvestingActivities": 46205000, "totalCashflowsFromInvestingActivities": 624883000, "netBorrowings": -423366000, "otherCashflowsFromFinancingActivities": -238116000, "totalCashFromFinancingActivities": -661482000, "changeInCash": -23224000}, {"maxAge": 1, "endDate": "2018-03-31", "netIncome": -871472000, "depreciation": 115401000, "changeToNetincome": 448057000, "changeToAccountReceivables": 825321000, "changeToLiabilities": -504917000, "changeToInventory": 213629000, "totalCashFromOperatingActivities": 227479000, "capitalExpenditures": -7230000, "investments": -9757000, "otherCashflowsFromInvestingActivities": 137000, "totalCashflowsFromInvestingActivities": 45149000, "netBorrowings": 130811000, "otherCashflowsFromFinancingActivities": -404636000, "totalCashFromFinancingActivities": -273825000, "changeInCash": -1197000}, {"maxAge": 1, "endDate": "2017-03-31", "netIncome": -523213000, "depreciation": 118269000, "changeToNetincome": 405659000, "changeToAccountReceivables": -172814000, "changeToLiabilities": 267304000, "changeToInventory": 214740000, "totalCashFromOperatingActivities": 314038000, "capitalExpenditures": -121366000, "investments": 3344000, "otherCashflowsFromInvestingActivities": 29467000, "totalCashflowsFromInvestingActivities": 16024000, "netBorrowings": -280397000, "otherCashflowsFromFinancingActivities": -482578000, "totalCashFromFinancingActivities": -403469000, "changeInCash": -73407000, "issuanceOfStock": 359506000}], "maxAge": 86400}, "indexTrend": {"maxAge": 1, "symbol": "SP5", "peRatio": 19.7411, "pegRatio": 1.34172, "estimates": [{"period": "0q", "growth": 0.549}, {"period": "+1q", "growth": 0.431}, {"period": "0y", "growth": 0.305}, {"period": "+1y", "growth": 0.109}, {"period": "+5y", "growth": 0.120865}, {"period": "-5y"}]}, "defaultKeyStatistics": {"maxAge": 1, "priceHint": 2, "enterpriseValue": 2197923584, "profitMargins": -0.17677, "floatShares": 29531377, "sharesOutstanding": 66414100, "heldPercentInsiders": 0.53515, "heldPercentInstitutions": 0.0388, "beta": 1.519415, "category": null, "bookValue": -11.633, "fundFamily": null, "legalType": null, "lastFiscalYearEnd": "2020-03-31 05:30:00", "nextFiscalYearEnd": "2022-03-31 05:30:00", "mostRecentQuarter": "2020-12-31 05:30:00", "netIncomeToCommon": -379828992, "trailingEps": -7.197, "lastSplitFactor": null, "enterpriseToRevenue": 0.813, "enterpriseToEbitda": -23.696, "52WeekChange": 0.38829792, "SandP52WeekChange": 0.48148263}, "industryTrend": {"maxAge": 1, "symbol": null, "estimates": []}, "quoteType": {"exchange": "NSI", "quoteType": "EQUITY", "symbol": "KECL.NS", "underlyingSymbol": "KECL.NS", "shortName": "KIRLOSKAR ELECTRIC", "longName": "Kirloskar Electric Company Limited", "firstTradeDateEpochUtc": "2010-03-09 09:15:00", "timeZoneFullName": "Asia/Kolkata", "timeZoneShortName": "IST", "uuid": "c379ed7c-f2b2-310f-848a-725f4523f59a", "messageBoardId": "finmb_9622753", "gmtOffSetMilliseconds": 19800000, "maxAge": 1}, "incomeStatementHistory": {"incomeStatementHistory": [{"maxAge": 1, "endDate": "2020-03-31", "totalRevenue": 3144116000, "costOfRevenue": 2183555000, "grossProfit": 960561000, "researchDevelopment": {}, "sellingGeneralAdministrative": 642679000, "nonRecurring": {}, "otherOperatingExpenses": 262984000, "totalOperatingExpenses": 3155253000, "operatingIncome": -11137000, "totalOtherIncomeExpenseNet": 464308000, "ebit": -11137000, "interestExpense": -412300000, "incomeBeforeTax": 453171000, "incomeTaxExpense": 0, "minorityInterest": 400000, "netIncomeFromContinuingOps": 453171000, "discontinuedOperations": {}, "extraordinaryItems": {}, "effectOfAccountingCharges": {}, "otherItems": {}, "netIncome": 453171000, "netIncomeApplicableToCommonShares": 453171000}, {"maxAge": 1, "endDate": "2019-03-31", "totalRevenue": 2946091000, "costOfRevenue": 2247789000, "grossProfit": 698302000, "researchDevelopment": {}, "sellingGeneralAdministrative": 627993000, "nonRecurring": {}, "otherOperatingExpenses": 356550000, "totalOperatingExpenses": 3356130000, "operatingIncome": -410039000, "totalOtherIncomeExpenseNet": 130614000, "ebit": -410039000, "interestExpense": -477567000, "incomeBeforeTax": -279425000, "incomeTaxExpense": 31000, "minorityInterest": 400000, "netIncomeFromContinuingOps": -279456000, "discontinuedOperations": {}, "extraordinaryItems": {}, "effectOfAccountingCharges": {}, "otherItems": {}, "netIncome": -279456000, "netIncomeApplicableToCommonShares": -279456000}, {"maxAge": 1, "endDate": "2018-03-31", "totalRevenue": 3703597000, "costOfRevenue": 2935150000, "grossProfit": 768447000, "researchDevelopment": {}, "sellingGeneralAdministrative": 703389000, "nonRecurring": {}, "otherOperatingExpenses": 448302000, "totalOperatingExpenses": 4203702000, "operatingIncome": -500105000, "totalOtherIncomeExpenseNet": -371354000, "ebit": -500105000, "interestExpense": -433731000, "incomeBeforeTax": -871459000, "incomeTaxExpense": 13000, "minorityInterest": 400000, "netIncomeFromContinuingOps": -871472000, "discontinuedOperations": {}, "extraordinaryItems": {}, "effectOfAccountingCharges": {}, "otherItems": {}, "netIncome": -871472000, "netIncomeApplicableToCommonShares": -871472000}, {"maxAge": 1, "endDate": "2017-03-31", "totalRevenue": 5715313000, "costOfRevenue": 4431024000, "grossProfit": 1284289000, "researchDevelopment": {}, "sellingGeneralAdministrative": 751123000, "nonRecurring": {}, "otherOperatingExpenses": 635494000, "totalOperatingExpenses": 5940003000, "operatingIncome": -224690000, "totalOtherIncomeExpenseNet": -298818000, "ebit": -224690000, "interestExpense": -422321000, "incomeBeforeTax": -523508000, "incomeTaxExpense": -295000, "minorityInterest": 400000, "netIncomeFromContinuingOps": -523213000, "discontinuedOperations": {}, "extraordinaryItems": {}, "effectOfAccountingCharges": {}, "otherItems": {}, "netIncome": -523213000, "netIncomeApplicableToCommonShares": -523261000}], "maxAge": 86400}, "fundOwnership": {"maxAge": 1, "ownershipList": []}, "summaryDetail": {"maxAge": 1, "priceHint": 2, "previousClose": 13.0, "open": 13.2, "dayLow": 12.8, "dayHigh": 13.3, "regularMarketPreviousClose": 13.0, "regularMarketOpen": 13.2, "regularMarketDayLow": 12.8, "regularMarketDayHigh": 13.3, "payoutRatio": 0.0, "beta": 1.519415, "volume": 40139, "regularMarketVolume": 40139, "averageVolume": 83971, "averageVolume10days": 49961, "averageDailyVolume10Day": 49961, "bid": 0.0, "ask": 0.0, "bidSize": 0, "askSize": 0, "marketCap": 866704000, "fiftyTwoWeekLow": 8.35, "fiftyTwoWeekHigh": 16.75, "priceToSalesTrailing12Months": 0.3204892, "fiftyDayAverage": 13.054167, "twoHundredDayAverage": 13.255555, "currency": "INR", "fromCurrency": null, "toCurrency": null, "lastMarket": null, "algorithm": null, "tradeable": false}, "insiderHolders": {"holders": [{"maxAge": 1, "name": "Kirloskar (Vijay Ravindra)", "relation": "Executive Chairman", "url": "", "transactionDescription": "Acquisition", "latestTransDate": "2018-04-18", "positionDirect": 11890618, "positionDirectDate": "2018-04-18"}, {"maxAge": 1, "name": "Sundaram BNP Paribas Mutual Fund A/C Sundaram BNP Paribas Ca", "relation": "Investment Advisor", "url": "", "transactionDescription": "Sale", "latestTransDate": "2013-01-10", "positionDirect": 451134, "positionDirectDate": "2013-01-10"}], "maxAge": 1}, "calendarEvents": {"maxAge": 1, "earnings": {"earningsDate": []}}, "price": {"maxAge": 1, "regularMarketChangePercent": 0.0038461685, "regularMarketChange": 0.05000019, "regularMarketTime": "2021-04-30 15:28:59", "priceHint": 2, "regularMarketPrice": 13.05, "regularMarketDayHigh": 13.3, "regularMarketDayLow": 12.8, "regularMarketVolume": 40139, "averageDailyVolume10Day": 49961, "averageDailyVolume3Month": 83971, "regularMarketPreviousClose": 13.0, "regularMarketSource": "FREE_REALTIME", "regularMarketOpen": 13.2, "exchange": "NSI", "exchangeName": "NSE", "exchangeDataDelayedBy": 15, "marketState": "CLOSED", "quoteType": "EQUITY", "symbol": "KECL.NS", "underlyingSymbol": null, "shortName": "KIRLOSKAR ELECTRIC", "longName": "Kirloskar Electric Company Limited", "currency": "INR", "quoteSourceName": "Delayed Quote", "currencySymbol": "\u20b9", "fromCurrency": null, "toCurrency": null, "lastMarket": null, "marketCap": 866704000}, "balanceSheetHistory": {"balanceSheetStatements": [{"maxAge": 1, "endDate": "2020-03-31", "cash": 61100000, "shortTermInvestments": 12612000, "netReceivables": 556768000, "inventory": 489956000, "otherCurrentAssets": 193384000, "totalCurrentAssets": 1313820000, "longTermInvestments": 30628000, "propertyPlantEquipment": 3171432000, "intangibleAssets": 31747000, "otherAssets": 314599000, "totalAssets": 4862226000, "accountsPayable": 1254004000, "shortLongTermDebt": 158899000, "otherCurrentLiab": 1113695000, "longTermDebt": 448349000, "otherLiab": 476083000, "minorityInterest": 400000, "totalCurrentLiabilities": 4411434000, "totalLiab": 5335866000, "commonStock": 664141000, "retainedEarnings": -4464847000, "treasuryStock": 2885582000, "capitalSurplus": 441084000, "otherStockholderEquity": 2885582000, "totalStockholderEquity": -474040000, "netTangibleAssets": -505787000}, {"maxAge": 1, "endDate": "2019-03-31", "cash": 96154000, "shortTermInvestments": 10828000, "netReceivables": 436749000, "inventory": 468120000, "otherCurrentAssets": 136500000, "totalCurrentAssets": 1148351000, "longTermInvestments": 23403000, "propertyPlantEquipment": 3216416000, "intangibleAssets": 42322000, "otherAssets": 338990000, "totalAssets": 4769482000, "accountsPayable": 1206582000, "shortLongTermDebt": 776993000, "otherCurrentLiab": 990598000, "longTermDebt": 722483000, "otherLiab": 391424000, "minorityInterest": 400000, "totalCurrentLiabilities": 4571197000, "totalLiab": 5685104000, "commonStock": 664141000, "retainedEarnings": -4918018000, "treasuryStock": 2896771000, "capitalSurplus": 441084000, "otherStockholderEquity": 2896771000, "totalStockholderEquity": -916022000, "netTangibleAssets": -958344000}, {"maxAge": 1, "endDate": "2018-03-31", "cash": 119378000, "shortTermInvestments": 14469000, "netReceivables": 711555000, "inventory": 547314000, "otherCurrentAssets": 321465000, "totalCurrentAssets": 1714181000, "longTermInvestments": 20059000, "propertyPlantEquipment": 3983800000, "intangibleAssets": 53320000, "otherAssets": 365677000, "totalAssets": 6137037000, "accountsPayable": 1497066000, "shortLongTermDebt": 865963000, "otherCurrentLiab": 903131000, "longTermDebt": 496308000, "otherLiab": 608816000, "minorityInterest": 400000, "totalCurrentLiabilities": 5178012000, "totalLiab": 6283136000, "commonStock": 664141000, "retainedEarnings": -4638562000, "treasuryStock": 3386838000, "capitalSurplus": 441084000, "otherStockholderEquity": 3386838000, "totalStockholderEquity": -146499000, "netTangibleAssets": -199819000}, {"maxAge": 1, "endDate": "2017-03-31", "cash": 120575000, "shortTermInvestments": 5950000, "netReceivables": 1460800000, "inventory": 760943000, "otherCurrentAssets": 443840000, "totalCurrentAssets": 2792108000, "longTermInvestments": 16656000, "propertyPlantEquipment": 4077335000, "intangibleAssets": 64652000, "otherAssets": 376940000, "totalAssets": 7327691000, "accountsPayable": 2040948000, "shortLongTermDebt": 815603000, "otherCurrentLiab": 685114000, "longTermDebt": 659329000, "otherLiab": 640841000, "minorityInterest": 400000, "totalCurrentLiabilities": 5313577000, "totalLiab": 6613747000, "commonStock": 664141000, "retainedEarnings": -3776090000, "treasuryStock": 3384409000, "capitalSurplus": 441084000, "otherStockholderEquity": 3384409000, "totalStockholderEquity": 713544000, "netTangibleAssets": 648892000}], "maxAge": 86400}, "earningsTrend": {"trend": [{"maxAge": 1, "period": "0q", "endDate": null, "growth": {}, "earningsEstimate": {"avg": 0.0, "low": 0.0, "high": 0.0, "yearAgoEps": {}, "numberOfAnalysts": 0, "growth": {}}, "revenueEstimate": {"avg": 0, "low": 0, "high": 0, "numberOfAnalysts": 0, "yearAgoRevenue": {}, "growth": {}}, "epsTrend": {"current": 0.0, "7daysAgo": 0.0, "30daysAgo": 0.0, "60daysAgo": 0.0, "90daysAgo": 0.0}, "epsRevisions": {"upLast7days": 0, "upLast30days": 0, "downLast30days": 0, "downLast90days": {}}}, {"maxAge": 1, "period": "+1q", "endDate": null, "growth": {}, "earningsEstimate": {"avg": 0.0, "low": 0.0, "high": 0.0, "yearAgoEps": {}, "numberOfAnalysts": 0, "growth": {}}, "revenueEstimate": {"avg": 0, "low": 0, "high": 0, "numberOfAnalysts": 0, "yearAgoRevenue": {}, "growth": {}}, "epsTrend": {"current": 0.0, "7daysAgo": 0.0, "30daysAgo": 0.0, "60daysAgo": 0.0, "90daysAgo": 0.0}, "epsRevisions": {"upLast7days": 0, "upLast30days": 0, "downLast30days": 0, "downLast90days": {}}}, {"maxAge": 1, "period": "0y", "endDate": null, "growth": {}, "earningsEstimate": {"avg": 0.0, "low": 0.0, "high": 0.0, "yearAgoEps": {}, "numberOfAnalysts": 0, "growth": {}}, "revenueEstimate": {"avg": 0, "low": 0, "high": 0, "numberOfAnalysts": 0, "yearAgoRevenue": {}, "growth": {}}, "epsTrend": {"current": 0.0, "7daysAgo": 0.0, "30daysAgo": 0.0, "60daysAgo": 0.0, "90daysAgo": 0.0}, "epsRevisions": {"upLast7days": 0, "upLast30days": 0, "downLast30days": 0, "downLast90days": {}}}, {"maxAge": 1, "period": "+1y", "endDate": null, "growth": {}, "earningsEstimate": {"avg": 0.0, "low": 0.0, "high": 0.0, "yearAgoEps": {}, "numberOfAnalysts": 0, "growth": {}}, "revenueEstimate": {"avg": 0, "low": 0, "high": 0, "numberOfAnalysts": 0, "yearAgoRevenue": {}, "growth": {}}, "epsTrend": {"current": 0.0, "7daysAgo": 0.0, "30daysAgo": 0.0, "60daysAgo": 0.0, "90daysAgo": 0.0}, "epsRevisions": {"upLast7days": 0, "upLast30days": 0, "downLast30days": 0, "downLast90days": {}}}, {"maxAge": 1, "period": "+5y", "endDate": null, "growth": {}, "earningsEstimate": {"avg": {}, "low": {}, "high": {}, "yearAgoEps": {}, "numberOfAnalysts": {}, "growth": {}}, "revenueEstimate": {"avg": {}, "low": {}, "high": {}, "numberOfAnalysts": {}, "yearAgoRevenue": {}, "growth": {}}, "epsTrend": {"current": {}, "7daysAgo": {}, "30daysAgo": {}, "60daysAgo": {}, "90daysAgo": {}}, "epsRevisions": {"upLast7days": {}, "upLast30days": {}, "downLast30days": {}, "downLast90days": {}}}, {"maxAge": 1, "period": "-5y", "endDate": null, "growth": {}, "earningsEstimate": {"avg": {}, "low": {}, "high": {}, "yearAgoEps": {}, "numberOfAnalysts": {}, "growth": {}}, "revenueEstimate": {"avg": {}, "low": {}, "high": {}, "numberOfAnalysts": {}, "yearAgoRevenue": {}, "growth": {}}, "epsTrend": {"current": {}, "7daysAgo": {}, "30daysAgo": {}, "60daysAgo": {}, "90daysAgo": {}}, "epsRevisions": {"upLast7days": {}, "upLast30days": {}, "downLast30days": {}, "downLast90days": {}}}], "maxAge": 1}, "institutionOwnership": {"maxAge": 1, "ownershipList": []}, "majorHoldersBreakdown": {"maxAge": 1, "insidersPercentHeld": 0.53515, "institutionsPercentHeld": 0.0388, "institutionsFloatPercentHeld": 0.083459996, "institutionsCount": 1}, "balanceSheetHistoryQuarterly": {"balanceSheetStatements": [{"maxAge": 1, "endDate": "2020-12-31", "totalStockholderEquity": -771700000, "netTangibleAssets": -798100000}, {"maxAge": 1, "endDate": "2020-09-30", "cash": 188700000, "netReceivables": 398700000, "inventory": 452500000, "otherCurrentAssets": 88500000, "totalCurrentAssets": 1128400000, "longTermInvestments": 27400000, "propertyPlantEquipment": 3155200000, "intangibleAssets": 26400000, "otherAssets": 314600000, "totalAssets": 4652000000, "accountsPayable": 1258400000, "otherCurrentLiab": 2224700000, "longTermDebt": 233500000, "otherLiab": 415800000, "minorityInterest": 400000, "totalCurrentLiabilities": 4774000000, "totalLiab": 5423300000, "commonStock": 664100000, "treasuryStock": -1435800000, "otherStockholderEquity": -1435800000, "totalStockholderEquity": -771700000, "netTangibleAssets": -798100000}, {"maxAge": 1, "endDate": "2020-06-30", "totalStockholderEquity": -474100000, "netTangibleAssets": -505800000}, {"maxAge": 1, "endDate": "2020-03-31", "cash": 61100000, "shortTermInvestments": 12612000, "netReceivables": 556768000, "inventory": 489956000, "otherCurrentAssets": 193384000, "totalCurrentAssets": 1313820000, "longTermInvestments": 30628000, "propertyPlantEquipment": 3171432000, "intangibleAssets": 31747000, "otherAssets": 314599000, "totalAssets": 4862226000, "accountsPayable": 1254004000, "shortLongTermDebt": 158899000, "otherCurrentLiab": 1113695000, "longTermDebt": 448349000, "otherLiab": 476083000, "minorityInterest": 400000, "totalCurrentLiabilities": 4411434000, "totalLiab": 5335866000, "commonStock": 664141000, "retainedEarnings": -4464847000, "treasuryStock": 2885582000, "capitalSurplus": 441084000, "otherStockholderEquity": 2885582000, "totalStockholderEquity": -474040000, "netTangibleAssets": -505787000}], "maxAge": 86400}, "earningsHistory": {"history": [{"maxAge": 1, "epsActual": {}, "epsEstimate": {}, "epsDifference": {}, "surprisePercent": {}, "quarter": {}, "period": "-4q"}, {"maxAge": 1, "epsActual": {}, "epsEstimate": {}, "epsDifference": {}, "surprisePercent": {}, "quarter": {}, "period": "-3q"}, {"maxAge": 1, "epsActual": {}, "epsEstimate": {}, "epsDifference": {}, "surprisePercent": {}, "quarter": {}, "period": "-2q"}, {"maxAge": 1, "epsActual": {}, "epsEstimate": {}, "epsDifference": {}, "surprisePercent": {}, "quarter": {}, "period": "-1q"}], "maxAge": 86400}, "summaryProfile": {"address1": "Peenya 1st Stage", "address2": "No. 19, 2nd Main Road Phase-1 Peenya", "city": "Bengaluru", "zip": "560058", "country": "India", "phone": "91 80 2839 7256", "fax": "91 80 2337 7706", "website": "http://kirloskarelectric.com", "industry": "Specialty Industrial Machinery", "sector": "Industrials", "longBusinessSummary": "Kirloskar Electric Company Limited manufactures and sells electric products and services in India and internationally. The company operates through Power generation and Distribution, Rotating Machine Group, and Others segments. Its products include AC high and low voltage motors; AC generators; DC motors; diesel generator sets; electronics, such as AC and DC drives, battery chargers, and uninterruptible power supply systems; and switchgears comprising vacuum circuit breakers, unitized package substations, panels, and porcelain clad vacuum circuit breakers. The company also provides traction products that include dynamic breaking resistors, AC and DC traction motors, traction alternators, and radiator cooling fans; and cast resin, distribution, power, energy, and special transformers. In addition, it designs, manufactures, and supplies custom-built systems for various projects. The company serves the power generation, transmission, and distribution, as well as transportation, renewable energy, sugar, steel, cement, agriculture, oil and gas, refinery, and nuclear industries. Kirloskar Electric Company Limited was founded in 1946 and is based in Bengaluru, India.", "fullTimeEmployees": 1062, "companyOfficers": [], "maxAge": 86400}, "netSharePurchaseActivity": {"maxAge": 1, "period": "6m", "buyInfoCount": 0, "buyInfoShares": 0, "sellInfoCount": 0, "netInfoCount": 0, "netInfoShares": 0, "netPercentInsiderShares": 0.0, "totalInsiderShares": 35477296}, "insiderTransactions": {"transactions": [{"maxAge": 1, "shares": 5319149, "filerUrl": "", "transactionText": "", "filerName": "Kirloskar (Vijay Ravindra)", "filerRelation": "Executive Chairman", "moneyText": "", "startDate": "2018-04-18", "ownership": "D"}, {"maxAge": 1, "shares": 2658200, "filerUrl": "", "transactionText": "", "filerName": "Kirloskar (Vijay Ravindra)", "filerRelation": "Executive Chairman", "moneyText": "", "startDate": "2015-03-26", "ownership": "D"}, {"maxAge": 1, "shares": 1017811, "filerUrl": "", "transactionText": "", "filerName": "Sundaram BNP Paribas Mutual Fund A/C Sundaram BNP Paribas Ca", "filerRelation": "Investment Advisor", "moneyText": "", "startDate": "2013-01-10", "ownership": "D"}, {"maxAge": 1, "shares": 73501, "filerUrl": "", "transactionText": "", "filerName": "Sundaram BNP Paribas Mutual Fund A/C Sundaram BNP Paribas Ca", "filerRelation": "Investment Advisor", "moneyText": "", "startDate": "2012-05-30", "ownership": "D"}], "maxAge": 1}, "sectorTrend": {"maxAge": 1, "symbol": null, "estimates": []}, "incomeStatementHistoryQuarterly": {"incomeStatementHistory": [{"maxAge": 1, "endDate": "2020-12-31", "totalRevenue": 771300000, "costOfRevenue": 562300000, "grossProfit": 209000000, "researchDevelopment": {}, "sellingGeneralAdministrative": 141200000, "nonRecurring": {}, "otherOperatingExpenses": 104700000, "totalOperatingExpenses": 823800000, "operatingIncome": -52500000, "totalOtherIncomeExpenseNet": -60200000, "ebit": -52500000, "interestExpense": -75400000, "incomeBeforeTax": -112700000, "incomeTaxExpense": 0, "minorityInterest": {}, "netIncomeFromContinuingOps": -112700000, "discontinuedOperations": {}, "extraordinaryItems": {}, "effectOfAccountingCharges": {}, "otherItems": {}, "netIncome": -112700000, "netIncomeApplicableToCommonShares": -112700000}, {"maxAge": 1, "endDate": "2020-09-30", "totalRevenue": 704400000, "costOfRevenue": 501800000, "grossProfit": 202600000, "researchDevelopment": {}, "sellingGeneralAdministrative": 144900000, "nonRecurring": {}, "otherOperatingExpenses": 93600000, "totalOperatingExpenses": 756100000, "operatingIncome": -51700000, "totalOtherIncomeExpenseNet": -69700000, "ebit": -51700000, "interestExpense": -77100000, "incomeBeforeTax": -121400000, "incomeTaxExpense": 0, "minorityInterest": 400000, "netIncomeFromContinuingOps": -121400000, "discontinuedOperations": {}, "extraordinaryItems": {}, "effectOfAccountingCharges": {}, "otherItems": {}, "netIncome": -121400000, "netIncomeApplicableToCommonShares": -121400000}, {"maxAge": 1, "endDate": "2020-06-30", "totalRevenue": 412500000, "costOfRevenue": 275500000, "grossProfit": 137000000, "researchDevelopment": {}, "sellingGeneralAdministrative": 145000000, "nonRecurring": {}, "otherOperatingExpenses": 79100000, "totalOperatingExpenses": 515300000, "operatingIncome": -102800000, "totalOtherIncomeExpenseNet": -73600000, "ebit": -102800000, "interestExpense": -79700000, "incomeBeforeTax": -176400000, "incomeTaxExpense": 0, "minorityInterest": 400000, "netIncomeFromContinuingOps": -176400000, "discontinuedOperations": {}, "extraordinaryItems": {}, "effectOfAccountingCharges": {}, "otherItems": {}, "netIncome": -176400000, "netIncomeApplicableToCommonShares": -176400000}, {"maxAge": 1, "endDate": "2020-03-31", "totalRevenue": 816116000, "costOfRevenue": 606355000, "grossProfit": 209761000, "researchDevelopment": {}, "sellingGeneralAdministrative": 159179000, "nonRecurring": {}, "otherOperatingExpenses": -30416000, "totalOperatingExpenses": 751653000, "operatingIncome": 64463000, "totalOtherIncomeExpenseNet": -33792000, "ebit": 64463000, "interestExpense": -68400000, "incomeBeforeTax": 30671000, "incomeTaxExpense": 0, "minorityInterest": 400000, "netIncomeFromContinuingOps": 30671000, "discontinuedOperations": {}, "extraordinaryItems": {}, "effectOfAccountingCharges": {}, "otherItems": {}, "netIncome": -67529000, "netIncomeApplicableToCommonShares": -67529000}], "maxAge": 86400}, "cashflowStatementHistoryQuarterly": {"cashflowStatements": [{"maxAge": 1, "endDate": "2020-12-31", "netIncome": -112700000, "changeToLiabilities": 0}, {"maxAge": 1, "endDate": "2020-09-30", "netIncome": -121400000, "changeToLiabilities": 0}, {"maxAge": 1, "endDate": "2020-06-30", "netIncome": -176400000, "changeToLiabilities": 0}, {"maxAge": 1, "endDate": "2020-03-31", "netIncome": -67529000, "changeToLiabilities": 0}], "maxAge": 86400}, "earnings": {"maxAge": 86400, "earningsChart": {"quarterly": [], "earningsDate": []}, "financialsChart": {"yearly": [{"date": 2017, "revenue": 5715313000, "earnings": -523213000}, {"date": 2018, "revenue": 3703597000, "earnings": -871472000}, {"date": 2019, "revenue": 2946091000, "earnings": -279456000}, {"date": 2020, "revenue": 3144116000, "earnings": 453171000}], "quarterly": [{"date": "1Q2020", "revenue": 816116000, "earnings": -67529000}, {"date": "2Q2020", "revenue": 412500000, "earnings": -176400000}, {"date": "3Q2020", "revenue": 704400000, "earnings": -121400000}, {"date": "4Q2020", "revenue": 771300000, "earnings": -112700000}]}, "financialCurrency": "INR"}, "financialData": {"maxAge": 86400, "currentPrice": 13.05, "recommendationKey": "none", "totalCash": 188700000, "totalCashPerShare": 2.846, "ebitda": -92754248, "totalDebt": 1524400000, "totalRevenue": 2704315904, "revenuePerShare": 40.715, "grossProfits": 960561000, "revenueGrowth": -0.076, "grossMargins": 0.28043, "ebitdaMargins": -0.0343, "operatingMargins": -0.05271, "profitMargins": -0.17677, "financialCurrency": "INR"}}}