{"KEERTHI.BO": {"cashflowStatementHistory": {"cashflowStatements": [{"maxAge": 1, "endDate": "2020-03-31", "netIncome": -3212000, "depreciation": 108089000, "changeToNetincome": -15282000, "changeToAccountReceivables": -30000, "changeToLiabilities": -34131000, "changeToInventory": 13973000, "changeToOperatingActivities": 50490000, "totalCashFromOperatingActivities": 122224000, "investments": -10000000, "otherCashflowsFromInvestingActivities": -29464000, "totalCashflowsFromInvestingActivities": -39464000, "dividendsPaid": -7215000, "netBorrowings": -67922000, "otherCashflowsFromFinancingActivities": 21689000, "totalCashFromFinancingActivities": -53448000, "changeInCash": 29312000}, {"maxAge": 1, "endDate": "2019-03-31", "netIncome": 702000, "depreciation": 106993000, "changeToNetincome": -8227000, "changeToAccountReceivables": -1593000, "changeToLiabilities": -29732000, "changeToInventory": 53427000, "changeToOperatingActivities": -43115000, "totalCashFromOperatingActivities": 78455000, "capitalExpenditures": -51279000, "investments": -10000000, "otherCashflowsFromInvestingActivities": 7337000, "totalCashflowsFromInvestingActivities": -43942000, "dividendsPaid": -7215000, "netBorrowings": -29109000, "otherCashflowsFromFinancingActivities": -54969000, "totalCashFromFinancingActivities": -91293000, "changeInCash": -56780000}, {"maxAge": 1, "endDate": "2018-03-31", "netIncome": 79532000, "depreciation": 105825000, "changeToNetincome": 48120000, "changeToAccountReceivables": -6829000, "changeToLiabilities": 11186000, "changeToInventory": -14266000, "changeToOperatingActivities": 37760000, "totalCashFromOperatingActivities": 261328000, "capitalExpenditures": -35985000, "investments": -13019000, "otherCashflowsFromInvestingActivities": 14675000, "totalCashflowsFromInvestingActivities": -34329000, "dividendsPaid": -7215000, "netBorrowings": -47920000, "otherCashflowsFromFinancingActivities": -195698000, "totalCashFromFinancingActivities": -243618000, "changeInCash": -16619000}, {"maxAge": 1, "endDate": "2017-03-31", "netIncome": 113927000, "depreciation": 87438000, "changeToNetincome": 74490000, "changeToAccountReceivables": -4039000, "changeToLiabilities": 11263000, "changeToInventory": 13238000, "changeToOperatingActivities": 40718000, "totalCashFromOperatingActivities": 337473000, "capitalExpenditures": -74030000, "investments": -25882000, "otherCashflowsFromInvestingActivities": 8084000, "totalCashflowsFromInvestingActivities": -91828000, "dividendsPaid": -7215000, "netBorrowings": -129608000, "otherCashflowsFromFinancingActivities": -48990000, "totalCashFromFinancingActivities": -178598000, "changeInCash": 67047000}], "maxAge": 86400}, "institutionOwnership": {"ownershipList": [], "maxAge": 1}, "balanceSheetHistoryQuarterly": {"balanceSheetStatements": [{"maxAge": 1, "endDate": "2020-06-30", "totalStockholderEquity": 551559000, "netTangibleAssets": 544298000}, {"maxAge": 1, "endDate": "2020-03-31", "cash": 24280000, "shortTermInvestments": 21881000, "netReceivables": 52861000, "inventory": 140282000, "otherCurrentAssets": 38854000, "totalCurrentAssets": 285727000, "longTermInvestments": 6000, "propertyPlantEquipment": 991145000, "intangibleAssets": 7261000, "otherAssets": 147346000, "deferredLongTermAssetCharges": 2151000, "totalAssets": 1431485000, "accountsPayable": 108843000, "shortLongTermDebt": 38533000, "otherCurrentLiab": 117579000, "longTermDebt": 101057000, "otherLiab": 41711000, "totalCurrentLiabilities": 737158000, "totalLiab": 879926000, "commonStock": 80167000, "retainedEarnings": 294091000, "treasuryStock": 177301000, "otherStockholderEquity": 177301000, "totalStockholderEquity": 551559000, "netTangibleAssets": 544298000}, {"maxAge": 1, "endDate": "2019-12-31", "totalStockholderEquity": 581338000, "netTangibleAssets": 581338000}, {"maxAge": 1, "endDate": "2019-09-30", "cash": 10239000, "shortTermInvestments": 24870000, "netReceivables": 53551000, "inventory": 194904000, "otherCurrentAssets": 31481000, "totalCurrentAssets": 315045000, "longTermInvestments": 6000, "propertyPlantEquipment": 1035924000, "otherAssets": 149950000, "deferredLongTermAssetCharges": 238000, "totalAssets": 1500925000, "accountsPayable": 112730000, "otherCurrentLiab": 192611000, "longTermDebt": 242084000, "otherLiab": 13594000, "totalCurrentLiabilities": 663909000, "totalLiab": 919587000, "commonStock": 80167000, "treasuryStock": 501171000, "otherStockholderEquity": 501171000, "totalStockholderEquity": 581338000, "netTangibleAssets": 581338000}], "maxAge": 86400}, "indexTrend": {"maxAge": 1, "symbol": "SP5", "peRatio": 19.7411, "pegRatio": 1.34172, "estimates": [{"period": "0q", "growth": 0.549}, {"period": "+1q", "growth": 0.431}, {"period": "0y", "growth": 0.305}, {"period": "+1y", "growth": 0.109}, {"period": "+5y", "growth": 0.120859005}, {"period": "-5y"}]}, "insiderTransactions": {"transactions": [{"maxAge": 1, "shares": 100000, "filerUrl": "", "transactionText": "", "filerName": "Akkineni (Udaya bhaskar Rao)", "filerRelation": "Promoter", "moneyText": "", "startDate": "2020-07-13", "ownership": "D"}, {"maxAge": 1, "shares": 100000, "filerUrl": "", "transactionText": "", "filerName": "Sugna (Buradagunta)", "filerRelation": "Promoter", "moneyText": "", "startDate": "2020-07-13", "ownership": "D"}, {"maxAge": 1, "shares": 4334, "filerUrl": "", "transactionText": "", "filerName": "Rao (Seshagiri J)", "filerRelation": "Managing Director", "moneyText": "", "startDate": "2018-02-28", "ownership": "D"}, {"maxAge": 1, "shares": 30000, "filerUrl": "", "transactionText": "", "filerName": "Rao (Seshagiri J)", "filerRelation": "Managing Director", "moneyText": "", "startDate": "2013-04-23", "ownership": "D"}], "maxAge": 1}, "quoteType": {"exchange": "BSE", "quoteType": "EQUITY", "symbol": "KEERTHI.BO", "underlyingSymbol": "KEERTHI.BO", "shortName": "KEERTHI INDUSTRIES LTD.", "longName": "Keerthi Industries Limited", "firstTradeDateEpochUtc": "2008-06-09 09:15:00", "timeZoneFullName": "Asia/Kolkata", "timeZoneShortName": "IST", "uuid": "6b5b0355-caaf-3951-9fb9-2dec6eb273e3", "gmtOffSetMilliseconds": 19800000, "maxAge": 1}, "incomeStatementHistory": {"incomeStatementHistory": [{"maxAge": 1, "endDate": "2020-03-31", "totalRevenue": 1718053000, "costOfRevenue": 928350000, "grossProfit": 789703000, "researchDevelopment": {}, "sellingGeneralAdministrative": 584718000, "nonRecurring": {}, "otherOperatingExpenses": 102502000, "totalOperatingExpenses": 1725986000, "operatingIncome": -7933000, "totalOtherIncomeExpenseNet": 16775000, "ebit": -7933000, "interestExpense": -60450000, "incomeBeforeTax": 8842000, "incomeTaxExpense": 12054000, "minorityInterest": {}, "netIncomeFromContinuingOps": -3212000, "discontinuedOperations": {}, "extraordinaryItems": {}, "effectOfAccountingCharges": {}, "otherItems": {}, "netIncome": -3212000, "netIncomeApplicableToCommonShares": -3212000}, {"maxAge": 1, "endDate": "2019-03-31", "totalRevenue": 1844111000, "costOfRevenue": 1028427000, "grossProfit": 815684000, "researchDevelopment": {}, "sellingGeneralAdministrative": 611579000, "nonRecurring": {}, "otherOperatingExpenses": 91473000, "totalOperatingExpenses": 1838473000, "operatingIncome": 5638000, "totalOtherIncomeExpenseNet": -59022000, "ebit": 5638000, "interestExpense": -65887000, "incomeBeforeTax": -53384000, "incomeTaxExpense": -54086000, "minorityInterest": {}, "netIncomeFromContinuingOps": 702000, "discontinuedOperations": {}, "extraordinaryItems": {}, "effectOfAccountingCharges": {}, "otherItems": {}, "netIncome": 702000, "netIncomeApplicableToCommonShares": 702000}, {"maxAge": 1, "endDate": "2018-03-31", "totalRevenue": 1929843000, "costOfRevenue": 210245000, "grossProfit": 1719598000, "researchDevelopment": {}, "sellingGeneralAdministrative": 144033000, "nonRecurring": {}, "otherOperatingExpenses": 1297130000, "totalOperatingExpenses": 1757233000, "operatingIncome": 172610000, "totalOtherIncomeExpenseNet": -63075000, "ebit": 172610000, "interestExpense": -69163000, "incomeBeforeTax": 109535000, "incomeTaxExpense": 30003000, "minorityInterest": {}, "netIncomeFromContinuingOps": 79532000, "discontinuedOperations": {}, "extraordinaryItems": {}, "effectOfAccountingCharges": {}, "otherItems": {}, "netIncome": 79532000, "netIncomeApplicableToCommonShares": 79532000}, {"maxAge": 1, "endDate": "2017-03-31", "totalRevenue": 1982730000, "costOfRevenue": 210080000, "grossProfit": 1772650000, "researchDevelopment": {}, "sellingGeneralAdministrative": 140534000, "nonRecurring": {}, "otherOperatingExpenses": 1300648000, "totalOperatingExpenses": 1739138000, "operatingIncome": 243592000, "totalOtherIncomeExpenseNet": -62587000, "ebit": 243592000, "interestExpense": -70233000, "incomeBeforeTax": 181005000, "incomeTaxExpense": 67078000, "minorityInterest": {}, "netIncomeFromContinuingOps": 113927000, "discontinuedOperations": {}, "extraordinaryItems": {}, "effectOfAccountingCharges": {}, "otherItems": {}, "netIncome": 113927000, "netIncomeApplicableToCommonShares": 113927000}], "maxAge": 86400}, "fundOwnership": {"ownershipList": [], "maxAge": 1}, "summaryDetail": {"maxAge": 1, "priceHint": 2, "previousClose": 93.7, "open": 98.3, "dayLow": 98.3, "dayHigh": 98.35, "regularMarketPreviousClose": 93.7, "regularMarketOpen": 98.3, "regularMarketDayLow": 98.3, "regularMarketDayHigh": 98.35, "volume": 856, "regularMarketVolume": 856, "averageVolume": 2839, "averageVolume10days": 2094, "averageDailyVolume10Day": 2094, "bid": 93.7, "ask": 0.0, "bidSize": 0, "askSize": 0, "marketCap": 788446336, "fiftyTwoWeekLow": 25.0, "fiftyTwoWeekHigh": 98.35, "fiftyDayAverage": 88.22575, "twoHundredDayAverage": 59.894485, "trailingAnnualDividendRate": 0.9, "trailingAnnualDividendYield": 0.009605123, "currency": "INR", "fromCurrency": null, "lastMarket": null, "algorithm": null, "tradeable": false}, "incomeStatementHistoryQuarterly": {"incomeStatementHistory": [{"maxAge": 1, "endDate": "2020-06-30", "totalRevenue": 468421000, "costOfRevenue": 214187000, "grossProfit": 254234000, "researchDevelopment": {}, "sellingGeneralAdministrative": 132709000, "nonRecurring": {}, "otherOperatingExpenses": 17179000, "totalOperatingExpenses": 392025000, "operatingIncome": 76396000, "totalOtherIncomeExpenseNet": -14368000, "ebit": 76396000, "interestExpense": -14368000, "incomeBeforeTax": 62028000, "incomeTaxExpense": 17342000, "minorityInterest": {}, "netIncomeFromContinuingOps": 44686000, "discontinuedOperations": {}, "extraordinaryItems": {}, "effectOfAccountingCharges": {}, "otherItems": {}, "netIncome": 44686000, "netIncomeApplicableToCommonShares": 44686000}, {"maxAge": 1, "endDate": "2020-03-31", "totalRevenue": 411252000, "costOfRevenue": 272742000, "grossProfit": 138510000, "researchDevelopment": {}, "sellingGeneralAdministrative": 460180000, "nonRecurring": {}, "otherOperatingExpenses": -305939000, "totalOperatingExpenses": 455201000, "operatingIncome": -43949000, "totalOtherIncomeExpenseNet": 62339000, "ebit": -43949000, "interestExpense": -14886000, "incomeBeforeTax": 18390000, "incomeTaxExpense": 24510000, "minorityInterest": {}, "netIncomeFromContinuingOps": -6120000, "discontinuedOperations": {}, "extraordinaryItems": {}, "effectOfAccountingCharges": {}, "otherItems": {}, "netIncome": -6120000, "netIncomeApplicableToCommonShares": -6120000}, {"maxAge": 1, "endDate": "2019-12-31", "totalRevenue": 324093000, "costOfRevenue": 191679000, "grossProfit": 132414000, "researchDevelopment": {}, "sellingGeneralAdministrative": 42702000, "nonRecurring": {}, "otherOperatingExpenses": 115218000, "totalOperatingExpenses": 377032000, "operatingIncome": -52939000, "totalOtherIncomeExpenseNet": -15489000, "ebit": -52939000, "interestExpense": -15489000, "incomeBeforeTax": -68428000, "incomeTaxExpense": -33079000, "minorityInterest": {}, "netIncomeFromContinuingOps": -35349000, "discontinuedOperations": {}, "extraordinaryItems": {}, "effectOfAccountingCharges": {}, "otherItems": {}, "netIncome": -35349000, "netIncomeApplicableToCommonShares": -35349000}, {"maxAge": 1, "endDate": "2019-09-30", "totalRevenue": 394476000, "costOfRevenue": 204437000, "grossProfit": 190039000, "researchDevelopment": {}, "sellingGeneralAdministrative": 41652000, "nonRecurring": {}, "otherOperatingExpenses": 143516000, "totalOperatingExpenses": 417229000, "operatingIncome": -22753000, "totalOtherIncomeExpenseNet": -14057000, "ebit": -22753000, "interestExpense": -14059000, "incomeBeforeTax": -36810000, "incomeTaxExpense": -7570000, "minorityInterest": {}, "netIncomeFromContinuingOps": -29240000, "discontinuedOperations": {}, "extraordinaryItems": {}, "effectOfAccountingCharges": {}, "otherItems": {}, "netIncome": -29240000, "netIncomeApplicableToCommonShares": -29240000}], "maxAge": 86400}, "cashflowStatementHistoryQuarterly": {"cashflowStatements": [{"maxAge": 1, "endDate": "2020-06-30", "netIncome": 44686000, "changeToLiabilities": 0}, {"maxAge": 1, "endDate": "2020-03-31", "netIncome": -6120000, "changeToLiabilities": 0}, {"maxAge": 1, "endDate": "2019-12-31", "netIncome": -35349000, "changeToLiabilities": 0}, {"maxAge": 1, "endDate": "2019-09-30", "netIncome": -29240000, "changeToLiabilities": 0}], "maxAge": 86400}, "insiderHolders": {"holders": [{"maxAge": 1, "name": "Akkineni (Udaya bhaskar Rao)", "relation": "Promoter", "url": "", "transactionDescription": "Sale", "latestTransDate": "2020-07-13", "positionDirect": 0, "positionDirectDate": "2020-07-13"}, {"maxAge": 1, "name": "Rao (Seshagiri J)", "relation": "Managing Director", "url": "", "transactionDescription": "Gift", "latestTransDate": "2018-02-28", "positionDirect": 3701159, "positionDirectDate": "2018-02-28"}, {"maxAge": 1, "name": "Sugna (Buradagunta)", "relation": "Promoter", "url": "", "transactionDescription": "Acquisition", "latestTransDate": "2020-07-13", "positionDirect": 100000, "positionDirectDate": "2020-07-13"}], "maxAge": 1}, "calendarEvents": {"maxAge": 1, "earnings": {"earningsDate": ["2020-11-14 05:30:S", "2020-11-15 05:30:S"]}}, "upgradeDowngradeHistory": {"history": [], "maxAge": 86400}, "price": {"maxAge": 1, "regularMarketChangePercent": 0.049626485, "regularMarketChange": 4.6500015, "regularMarketTime": "2021-04-30 14:46:04", "priceHint": 2, "regularMarketPrice": 98.35, "regularMarketDayHigh": 98.35, "regularMarketDayLow": 98.3, "regularMarketVolume": 856, "averageDailyVolume10Day": 2094, "averageDailyVolume3Month": 2839, "regularMarketPreviousClose": 93.7, "regularMarketSource": "FREE_REALTIME", "regularMarketOpen": 98.3, "exchange": "BSE", "exchangeName": "BSE", "exchangeDataDelayedBy": 0, "marketState": "CLOSED", "quoteType": "EQUITY", "symbol": "KEERTHI.BO", "underlyingSymbol": null, "shortName": "KEERTHI INDUSTRIES LTD.", "longName": "Keerthi Industries Limited", "currency": "INR", "quoteSourceName": "Delayed Quote", "currencySymbol": "\u20b9", "fromCurrency": null, "lastMarket": null, "marketCap": 788446336}, "balanceSheetHistory": {"balanceSheetStatements": [{"maxAge": 1, "endDate": "2020-03-31", "cash": 24280000, "shortTermInvestments": 21881000, "netReceivables": 52861000, "inventory": 140282000, "otherCurrentAssets": 38854000, "totalCurrentAssets": 285727000, "longTermInvestments": 6000, "propertyPlantEquipment": 991145000, "intangibleAssets": 7261000, "otherAssets": 147346000, "deferredLongTermAssetCharges": 2151000, "totalAssets": 1431485000, "accountsPayable": 108843000, "shortLongTermDebt": 38533000, "otherCurrentLiab": 117579000, "longTermDebt": 101057000, "otherLiab": 41711000, "totalCurrentLiabilities": 737158000, "totalLiab": 879926000, "commonStock": 80167000, "retainedEarnings": 294091000, "treasuryStock": 177301000, "otherStockholderEquity": 177301000, "totalStockholderEquity": 551559000, "netTangibleAssets": 544298000}, {"maxAge": 1, "endDate": "2019-03-31", "cash": 1756000, "shortTermInvestments": 14409000, "netReceivables": 40491000, "inventory": 154255000, "otherCurrentAssets": 113790000, "totalCurrentAssets": 334455000, "longTermInvestments": 6000, "propertyPlantEquipment": 1065725000, "intangibleAssets": 7093000, "otherAssets": 162983000, "deferredLongTermAssetCharges": 8173000, "totalAssets": 1570262000, "accountsPayable": 142974000, "shortLongTermDebt": 38707000, "otherCurrentLiab": 137093000, "longTermDebt": 217842000, "otherLiab": 56748000, "totalCurrentLiabilities": 732303000, "totalLiab": 1006893000, "commonStock": 80167000, "retainedEarnings": 337954000, "treasuryStock": 145248000, "otherStockholderEquity": 145248000, "totalStockholderEquity": 563369000, "netTangibleAssets": 556276000}, {"maxAge": 1, "endDate": "2018-03-31", "cash": 55739000, "shortTermInvestments": 32592000, "netReceivables": 39826000, "inventory": 207682000, "otherCurrentAssets": 74837000, "totalCurrentAssets": 419212000, "longTermInvestments": 6000, "propertyPlantEquipment": 1136689000, "intangibleAssets": 3767000, "otherAssets": 146058000, "totalAssets": 1705732000, "accountsPayable": 172706000, "shortLongTermDebt": 41533000, "otherCurrentLiab": 183990000, "longTermDebt": 266653000, "otherLiab": 109621000, "totalCurrentLiabilities": 759569000, "totalLiab": 1135843000, "commonStock": 80167000, "retainedEarnings": 376552000, "treasuryStock": 113170000, "otherStockholderEquity": 113170000, "totalStockholderEquity": 569889000, "netTangibleAssets": 566122000}, {"maxAge": 1, "endDate": "2017-03-31", "cash": 75344000, "netReceivables": 36372000, "inventory": 193416000, "otherCurrentAssets": 70220000, "totalCurrentAssets": 383527000, "longTermInvestments": 22606000, "propertyPlantEquipment": 1208456000, "intangibleAssets": 4787000, "otherAssets": 140144000, "totalAssets": 1759520000, "accountsPayable": 161521000, "shortLongTermDebt": 70785000, "otherCurrentLiab": 300367000, "longTermDebt": 351627000, "otherLiab": 95597000, "totalCurrentLiabilities": 818746000, "totalLiab": 1265970000, "commonStock": 80167000, "retainedEarnings": 297020000, "treasuryStock": 116363000, "otherStockholderEquity": 116363000, "totalStockholderEquity": 493550000, "netTangibleAssets": 488763000}], "maxAge": 86400}, "financialData": {"maxAge": 86400, "currentPrice": 98.35, "recommendationKey": "none", "grossProfits": 789703000, "financialCurrency": "INR"}}}