{"KEERTI.NS": {"assetProfile": {"address1": "26/202, Upper Floor", "address2": "Anand Nagar Vakola Bridge Nehru Road, Santacruz (East)", "city": "Mumbai", "zip": "400051", "country": "India", "phone": "91 22 2655 0480", "fax": "91 22 2655 2016", "website": "http://www.keerti.org", "industry": "Education & Training Services", "sector": "Consumer Defensive", "longBusinessSummary": "Keerti Knowledge and Skills Limited provides information technology (IT) education and training services in India. It is involved in the training of basic to advance computer knowledge in various IT services, including Microsoft office; industrial computerized accounting; inventory management; statutory capabilities using tally; various programming languages, such as C++, .Net, Java, and Oracle; designing courses; hardware and networking courses; and communication and soft skills, etc. The company was formerly known as Keerti Software & Hardware Infotech Private Limited. Keerti Knowledge and Skills Limited was incorporated in 1999 and is based in Mumbai, India.", "fullTimeEmployees": 15, "companyOfficers": [{"maxAge": 1, "name": "Mr. Sudhakar Pandurang Sonawane", "age": 47, "title": "MD & Director", "yearBorn": 1973, "fiscalYear": 2020, "totalPay": 3600000, "exercisedValue": 0, "unexercisedValue": 0}, {"maxAge": 1, "name": "Mr. Vinod Namdeo Narsale", "age": 47, "title": "CFO & Director", "yearBorn": 1973, "exercisedValue": 0, "unexercisedValue": 0}, {"maxAge": 1, "name": "Mr. Padmanabhan Vidhyadharan Vinod", "age": 44, "title": "Chief Operating Officer", "yearBorn": 1976, "exercisedValue": 0, "unexercisedValue": 0}, {"maxAge": 1, "name": "Mr. Mahipal Singh Chouhan", "age": 27, "title": "Company Sec. & Compliance Officer", "yearBorn": 1993, "exercisedValue": 0, "unexercisedValue": 0}, {"maxAge": 1, "name": "Daljinder Singh Chandhok", "age": 46, "title": "VP of Sales", "yearBorn": 1974, "exercisedValue": 0, "unexercisedValue": 0}, {"maxAge": 1, "name": "Mr. Pandurang Narayan Patekar", "age": 50, "title": "Whole Time Director", "yearBorn": 1970, "fiscalYear": 2020, "totalPay": 349360, "exercisedValue": 0, "unexercisedValue": 0}, {"maxAge": 1, "name": "Sanjiv B. Mirkal", "age": 40, "title": "Bus. Head of Skill Division", "yearBorn": 1980, "exercisedValue": 0, "unexercisedValue": 0}], "compensationAsOfEpochDate": "2020-12-31 05:30:00", "maxAge": 86400}, "cashflowStatementHistory": {"cashflowStatements": [{"maxAge": 1, "endDate": "2020-03-31", "netIncome": 2375096, "depreciation": 4850502, "changeToNetincome": -497587, "changeToAccountReceivables": -9383200, "changeToLiabilities": -813792, "changeToInventory": 102308, "changeToOperatingActivities": -8428583, "totalCashFromOperatingActivities": -11795256, "capitalExpenditures": -4414053, "investments": -16632288, "totalCashflowsFromInvestingActivities": -21046341, "otherCashflowsFromFinancingActivities": 181537, "totalCashFromFinancingActivities": 32181537, "changeInCash": -660060, "issuanceOfStock": 32000000}, {"maxAge": 1, "endDate": "2019-03-31", "netIncome": 5348752, "depreciation": 5150345, "changeToNetincome": -1260795, "changeToAccountReceivables": -10324494, "changeToLiabilities": 822497, "changeToInventory": 345898, "changeToOperatingActivities": -7688364, "totalCashFromOperatingActivities": -7606161, "capitalExpenditures": -7076654, "investments": 10600000, "totalCashflowsFromInvestingActivities": 3933346, "otherCashflowsFromFinancingActivities": 342160, "totalCashFromFinancingActivities": 342160, "changeInCash": -3330655, "issuanceOfStock": 32000000}, {"maxAge": 1, "endDate": "2018-03-31", "netIncome": 8052106, "depreciation": 3349383, "changeToNetincome": -680730, "changeToAccountReceivables": -15519283, "changeToLiabilities": 1490977, "changeToInventory": -162912, "changeToOperatingActivities": -10154320, "totalCashFromOperatingActivities": -13624779, "capitalExpenditures": -12680811, "investments": -13000000, "totalCashflowsFromInvestingActivities": -25592782, "otherCashflowsFromFinancingActivities": 520931, "totalCashFromFinancingActivities": 41080931, "changeInCash": 1863370, "issuanceOfStock": 40560000}, {"maxAge": 1, "endDate": "2017-03-31", "netIncome": 4737501, "depreciation": 3349383, "changeToNetincome": -680730, "changeToAccountReceivables": -15519283, "changeToLiabilities": 0, "changeToInventory": -162912, "changeToOperatingActivities": -10154320, "totalCashFromOperatingActivities": -13624779, "capitalExpenditures": -12680811, "investments": -13000000, "totalCashflowsFromInvestingActivities": -25592782, "otherCashflowsFromFinancingActivities": 520931, "totalCashFromFinancingActivities": 41080931, "changeInCash": 1863370, "issuanceOfStock": 40560000}], "maxAge": 86400}, "institutionOwnership": {"maxAge": 1, "ownershipList": []}, "majorHoldersBreakdown": {"maxAge": 1}, "balanceSheetHistoryQuarterly": {"balanceSheetStatements": [{"maxAge": 1, "endDate": "2020-12-31", "totalStockholderEquity": 95527779, "netTangibleAssets": 94971579}, {"maxAge": 1, "endDate": "2020-09-30", "cash": 5745026, "shortTermInvestments": 6149831, "netReceivables": 49432332, "inventory": 963993, "otherCurrentAssets": 7519217, "totalCurrentAssets": 69810399, "longTermInvestments": 17238318, "propertyPlantEquipment": 12429741, "intangibleAssets": 556200, "otherAssets": 7340786, "deferredLongTermAssetCharges": 963038, "totalAssets": 107375444, "accountsPayable": 2054505, "otherCurrentLiab": 9793163, "deferredLongTermLiab": 6377748, "totalCurrentLiabilities": 11847668, "totalLiab": 11847668, "commonStock": 101890980, "treasuryStock": -6363201, "otherStockholderEquity": -6363201, "totalStockholderEquity": 95527779, "netTangibleAssets": 94971579}, {"maxAge": 1, "endDate": "2020-06-30", "totalStockholderEquity": 115656594, "netTangibleAssets": 115065594}, {"maxAge": 1, "endDate": "2019-12-31"}], "maxAge": 86400}, "indexTrend": {"maxAge": 1, "symbol": "SP5", "peRatio": 19.7411, "pegRatio": 1.34172, "estimates": [{"period": "0q", "growth": 0.549}, {"period": "+1q", "growth": 0.431}, {"period": "0y", "growth": 0.305}, {"period": "+1y", "growth": 0.109}, {"period": "+5y", "growth": 0.120865}, {"period": "-5y"}]}, "defaultKeyStatistics": {"maxAge": 1, "priceHint": 2, "enterpriseValue": 232295568, "profitMargins": -1.07417, "floatShares": 1968785, "beta": 0.291081, "category": null, "bookValue": 9.396, "priceToBook": 2.5542784, "fundFamily": null, "legalType": null, "lastFiscalYearEnd": "2020-03-31 05:30:00", "nextFiscalYearEnd": "2022-03-31 05:30:00", "mostRecentQuarter": "2020-12-31 05:30:00", "netIncomeToCommon": -27910096, "trailingEps": -1.782, "lastSplitFactor": "31:10", "lastSplitDate": "2020-07-01 05:30:00", "enterpriseToRevenue": 8.94, "enterpriseToEbitda": -10.279, "52WeekChange": 0.4190141, "SandP52WeekChange": 0.48148263}, "summaryProfile": {"address1": "26/202, Upper Floor", "address2": "Anand Nagar Vakola Bridge Nehru Road, Santacruz (East)", "city": "Mumbai", "zip": "400051", "country": "India", "phone": "91 22 2655 0480", "fax": "91 22 2655 2016", "website": "http://www.keerti.org", "industry": "Education & Training Services", "sector": "Consumer Defensive", "longBusinessSummary": "Keerti Knowledge and Skills Limited provides information technology (IT) education and training services in India. It is involved in the training of basic to advance computer knowledge in various IT services, including Microsoft office; industrial computerized accounting; inventory management; statutory capabilities using tally; various programming languages, such as C++, .Net, Java, and Oracle; designing courses; hardware and networking courses; and communication and soft skills, etc. The company was formerly known as Keerti Software & Hardware Infotech Private Limited. Keerti Knowledge and Skills Limited was incorporated in 1999 and is based in Mumbai, India.", "fullTimeEmployees": 15, "companyOfficers": [], "maxAge": 86400}, "netSharePurchaseActivity": {"maxAge": 1, "period": "6m", "buyInfoCount": 0, "buyInfoShares": 0, "sellInfoCount": 0, "netInfoCount": 0, "netInfoShares": 0, "totalInsiderShares": 0}, "quoteType": {"exchange": "NSI", "quoteType": "EQUITY", "symbol": "KEERTI.NS", "underlyingSymbol": "KEERTI.NS", "shortName": "Keerti Know & Skill Ltd.", "longName": "Keerti Knowledge and Skills Limited", "firstTradeDateEpochUtc": "2017-08-07 09:15:00", "timeZoneFullName": "Asia/Kolkata", "timeZoneShortName": "IST", "uuid": "7814cad1-184c-3b7b-ad4b-e61d60747f72", "messageBoardId": "finmb_428291853", "gmtOffSetMilliseconds": 19800000, "maxAge": 1}, "incomeStatementHistory": {"incomeStatementHistory": [{"maxAge": 1, "endDate": "2020-03-31", "totalRevenue": 77084925, "costOfRevenue": 13815217, "grossProfit": 63269708, "researchDevelopment": {}, "sellingGeneralAdministrative": 15032187, "nonRecurring": {}, "otherOperatingExpenses": 39274088, "totalOperatingExpenses": 72971994, "operatingIncome": 4112931, "totalOtherIncomeExpenseNet": -93084, "ebit": 4112931, "interestExpense": -210292, "incomeBeforeTax": 4019847, "incomeTaxExpense": 1644751, "minorityInterest": {}, "netIncomeFromContinuingOps": 2375096, "discontinuedOperations": {}, "extraordinaryItems": {}, "effectOfAccountingCharges": {}, "otherItems": {}, "netIncome": 2375096, "netIncomeApplicableToCommonShares": 2375096}, {"maxAge": 1, "endDate": "2019-03-31", "totalRevenue": 59400429, "costOfRevenue": 10806719, "grossProfit": 48593710, "researchDevelopment": {}, "sellingGeneralAdministrative": 5321129, "nonRecurring": {}, "otherOperatingExpenses": 31469007, "totalOperatingExpenses": 52747200, "operatingIncome": 6653229, "totalOtherIncomeExpenseNet": 730005, "ebit": 6653229, "interestExpense": -20944, "incomeBeforeTax": 7383234, "incomeTaxExpense": 2034482, "minorityInterest": {}, "netIncomeFromContinuingOps": 5348752, "discontinuedOperations": {}, "extraordinaryItems": {}, "effectOfAccountingCharges": {}, "otherItems": {}, "netIncome": 5348752, "netIncomeApplicableToCommonShares": 5348752}, {"maxAge": 1, "endDate": "2018-03-31", "totalRevenue": 50153076, "costOfRevenue": 11135477, "grossProfit": 39017599, "researchDevelopment": {}, "sellingGeneralAdministrative": 2527700, "nonRecurring": {}, "otherOperatingExpenses": 22943294, "totalOperatingExpenses": 39955854, "operatingIncome": 10197222, "totalOtherIncomeExpenseNet": 660864, "ebit": 10197222, "interestExpense": -46131, "incomeBeforeTax": 10858086, "incomeTaxExpense": 2805980, "minorityInterest": {}, "netIncomeFromContinuingOps": 8052106, "discontinuedOperations": {}, "extraordinaryItems": {}, "effectOfAccountingCharges": {}, "otherItems": {}, "netIncome": 8052106, "netIncomeApplicableToCommonShares": 8052106}, {"maxAge": 1, "endDate": "2017-03-31", "totalRevenue": 49331598, "costOfRevenue": 9755464, "grossProfit": 39576134, "researchDevelopment": {}, "sellingGeneralAdministrative": 3360033, "nonRecurring": {}, "otherOperatingExpenses": 28953659, "totalOperatingExpenses": 43438156, "operatingIncome": 5893442, "totalOtherIncomeExpenseNet": 908504, "ebit": 5893442, "interestExpense": -57223, "incomeBeforeTax": 6801946, "incomeTaxExpense": 2064445, "minorityInterest": {}, "netIncomeFromContinuingOps": 4737501, "discontinuedOperations": {}, "extraordinaryItems": {}, "effectOfAccountingCharges": {}, "otherItems": {}, "netIncome": 4737501, "netIncomeApplicableToCommonShares": 4059736}], "maxAge": 86400}, "fundOwnership": {"maxAge": 1, "ownershipList": []}, "summaryDetail": {"maxAge": 1, "priceHint": 2, "previousClose": 24.75, "open": 25.15, "dayLow": 23.5, "dayHigh": 25.35, "regularMarketPreviousClose": 24.75, "regularMarketOpen": 25.15, "regularMarketDayLow": 23.5, "regularMarketDayHigh": 25.35, "payoutRatio": 0.0, "beta": 0.291081, "volume": 140496, "regularMarketVolume": 140496, "averageVolume": 0, "averageVolume10days": 0, "averageDailyVolume10Day": 0, "bid": 0.0, "ask": 0.0, "fiftyTwoWeekLow": 22.903225, "fiftyTwoWeekHigh": 32.5, "fiftyDayAverage": 32.5, "twoHundredDayAverage": 31.803928, "currency": "INR", "fromCurrency": null, "toCurrency": null, "lastMarket": null, "algorithm": null, "tradeable": false}, "incomeStatementHistoryQuarterly": {"incomeStatementHistory": [{"maxAge": 1, "endDate": "2020-12-31", "totalRevenue": 4064634, "costOfRevenue": 2236424, "grossProfit": 1828210, "researchDevelopment": {}, "sellingGeneralAdministrative": {}, "nonRecurring": {}, "otherOperatingExpenses": 9355627, "totalOperatingExpenses": 12592066, "operatingIncome": -8527432, "totalOtherIncomeExpenseNet": -19233, "ebit": -8527432, "interestExpense": -32644, "incomeBeforeTax": -8546665, "incomeTaxExpense": 0, "minorityInterest": {}, "netIncomeFromContinuingOps": -8546665, "discontinuedOperations": {}, "extraordinaryItems": {}, "effectOfAccountingCharges": {}, "otherItems": {}, "netIncome": -8546665, "netIncomeApplicableToCommonShares": -8546665}, {"maxAge": 1, "endDate": "2020-09-30", "totalRevenue": 1784816, "costOfRevenue": 2856828, "grossProfit": -1072012, "researchDevelopment": {}, "sellingGeneralAdministrative": {}, "nonRecurring": {}, "otherOperatingExpenses": 13067005, "totalOperatingExpenses": 16885950, "operatingIncome": -15101134, "totalOtherIncomeExpenseNet": -250516, "ebit": -15101134, "interestExpense": -502797, "incomeBeforeTax": -15351650, "incomeTaxExpense": 0, "minorityInterest": {}, "netIncomeFromContinuingOps": -15351650, "discontinuedOperations": {}, "extraordinaryItems": {}, "effectOfAccountingCharges": {}, "otherItems": {}, "netIncome": -15351650, "netIncomeApplicableToCommonShares": -15351650}, {"maxAge": 1, "endDate": "2020-06-30", "totalRevenue": 1323549, "costOfRevenue": 1775658, "grossProfit": -452110, "researchDevelopment": {}, "sellingGeneralAdministrative": {}, "nonRecurring": {}, "otherOperatingExpenses": 8561494, "totalOperatingExpenses": 11299269, "operatingIncome": -9975720, "totalOtherIncomeExpenseNet": -113652, "ebit": -9975720, "interestExpense": -253400, "incomeBeforeTax": -10089372, "incomeTaxExpense": 0, "minorityInterest": {}, "netIncomeFromContinuingOps": -10089372, "discontinuedOperations": {}, "extraordinaryItems": {}, "effectOfAccountingCharges": {}, "otherItems": {}, "netIncome": -10089372, "netIncomeApplicableToCommonShares": -10089372}, {"maxAge": 1, "endDate": "2019-12-31", "totalRevenue": 13911904, "costOfRevenue": 2289672, "grossProfit": 11622232, "researchDevelopment": {}, "sellingGeneralAdministrative": {}, "nonRecurring": {}, "otherOperatingExpenses": 12751032, "totalOperatingExpenses": 16479495, "operatingIncome": -2567591, "totalOtherIncomeExpenseNet": -52540, "ebit": -2567591, "interestExpense": -124615, "incomeBeforeTax": -2620131, "incomeTaxExpense": 938716, "minorityInterest": {}, "netIncomeFromContinuingOps": -3558847, "discontinuedOperations": {}, "extraordinaryItems": {}, "effectOfAccountingCharges": {}, "otherItems": {}, "netIncome": -3558847, "netIncomeApplicableToCommonShares": -3558847}], "maxAge": 86400}, "cashflowStatementHistoryQuarterly": {"cashflowStatements": [{"maxAge": 1, "endDate": "2020-12-31", "netIncome": -8546665, "changeToLiabilities": 0}, {"maxAge": 1, "endDate": "2020-09-30", "netIncome": -15351650, "depreciation": 1099543, "changeToNetincome": -137629, "changeToAccountReceivables": 3187012, "changeToLiabilities": -47684, "changeToInventory": 92189, "changeToOperatingActivities": 1360578, "totalCashFromOperatingActivities": -6061311, "capitalExpenditures": -417841, "investments": 6272247, "totalCashflowsFromInvestingActivities": 5854406, "otherCashflowsFromFinancingActivities": 137629, "totalCashFromFinancingActivities": 137629, "changeInCash": -69276}, {"maxAge": 1, "endDate": "2020-06-30", "netIncome": -10089372, "depreciation": 1099543, "changeToNetincome": -137629, "changeToAccountReceivables": 3187012, "changeToLiabilities": -47684, "changeToInventory": 92189, "changeToOperatingActivities": 1360578, "totalCashFromOperatingActivities": -6061311, "capitalExpenditures": -417841, "investments": 6272247, "totalCashflowsFromInvestingActivities": 5854406, "otherCashflowsFromFinancingActivities": 137629, "totalCashFromFinancingActivities": 137629, "changeInCash": -69276}, {"maxAge": 1, "endDate": "2019-12-31", "netIncome": -3558847, "depreciation": 1099543, "changeToNetincome": -137629, "changeToAccountReceivables": 3187012, "changeToLiabilities": 0, "changeToInventory": 92189, "changeToOperatingActivities": 1360578, "totalCashFromOperatingActivities": -6061311, "capitalExpenditures": -417841, "investments": 6272247, "totalCashflowsFromInvestingActivities": 5854406, "otherCashflowsFromFinancingActivities": 137629, "totalCashFromFinancingActivities": 137629, "changeInCash": -69276}], "maxAge": 86400}, "insiderHolders": {"holders": [], "maxAge": 1}, "calendarEvents": {"maxAge": 1, "earnings": {"earningsDate": []}}, "price": {"maxAge": 1, "regularMarketChangePercent": -0.03030303, "regularMarketChange": -0.75, "regularMarketTime": "2021-04-30 15:29:51", "priceHint": 2, "regularMarketPrice": 24.0, "regularMarketDayHigh": 25.35, "regularMarketDayLow": 23.5, "regularMarketVolume": 140496, "averageDailyVolume10Day": 0, "averageDailyVolume3Month": 0, "regularMarketPreviousClose": 24.75, "regularMarketSource": "FREE_REALTIME", "regularMarketOpen": 25.15, "exchange": "NSI", "exchangeName": "NSE", "exchangeDataDelayedBy": 15, "marketState": "CLOSED", "quoteType": "EQUITY", "symbol": "KEERTI.NS", "underlyingSymbol": null, "shortName": "Keerti Know & Skill Ltd.", "longName": "Keerti Knowledge and Skills Limited", "currency": "INR", "quoteSourceName": "Delayed Quote", "currencySymbol": "\u20b9", "fromCurrency": null, "toCurrency": null, "lastMarket": null}, "balanceSheetHistory": {"balanceSheetStatements": [{"maxAge": 1, "endDate": "2020-03-31", "cash": 18428072, "netReceivables": 55441483, "inventory": 1148370, "otherCurrentAssets": 14147601, "totalCurrentAssets": 89792902, "longTermInvestments": 6000000, "propertyPlantEquipment": 13483494, "intangibleAssets": 591000, "otherAssets": 22883588, "deferredLongTermAssetCharges": 1173108, "totalAssets": 132750984, "otherCurrentLiab": 6858244, "deferredLongTermLiab": 10113198, "totalCurrentLiabilities": 17094390, "totalLiab": 17094390, "commonStock": 32868060, "retainedEarnings": 21528522, "capitalSurplus": 61260012, "totalStockholderEquity": 115656594, "netTangibleAssets": 115065594}, {"maxAge": 1, "endDate": "2019-03-31", "cash": 8455845, "netReceivables": 43669310, "inventory": 1250678, "otherCurrentAssets": 8345979, "totalCurrentAssets": 62653104, "propertyPlantEquipment": 13817940, "intangibleAssets": 693000, "otherAssets": 15735904, "deferredLongTermAssetCharges": 857055, "totalAssets": 92899948, "accountsPayable": 2963663, "otherCurrentLiab": 3370750, "otherLiab": -1, "deferredLongTermLiab": 10388985, "totalCurrentLiabilities": 11618453, "totalLiab": 11618452, "commonStock": 28868060, "retainedEarnings": 19153424, "treasuryStock": 52413436, "capitalSurplus": 33260012, "otherStockholderEquity": 52413436, "totalStockholderEquity": 81281496, "netTangibleAssets": 80588496}, {"maxAge": 1, "endDate": "2018-03-31", "cash": 22386499, "netReceivables": 32692596, "inventory": 1596576, "otherCurrentAssets": 4078342, "totalCurrentAssets": 60754013, "propertyPlantEquipment": 11907250, "intangibleAssets": 772800, "otherAssets": 11012410, "deferredLongTermAssetCharges": 398004, "totalAssets": 84446473, "otherCurrentLiab": 2908283, "longTermDebt": 145000, "otherLiab": -1, "deferredLongTermLiab": 6961623, "totalCurrentLiabilities": 8368729, "totalLiab": 8513729, "commonStock": 28868060, "retainedEarnings": 13804673, "capitalSurplus": 33260012, "totalStockholderEquity": 75932745, "netTangibleAssets": 75159945}, {"maxAge": 1, "endDate": "2017-03-31", "cash": 7523130, "netReceivables": 15999520, "inventory": 1433664, "otherCurrentAssets": 4112845, "totalCurrentAssets": 29082909, "propertyPlantEquipment": 2571451, "intangibleAssets": 865200, "otherAssets": 1671286, "deferredLongTermAssetCharges": 238207, "totalAssets": 34190846, "otherCurrentLiab": 4545553, "longTermDebt": 145000, "deferredLongTermLiab": 308400, "totalCurrentLiabilities": 6725207, "totalLiab": 6870207, "commonStock": 21068060, "retainedEarnings": 5752567, "capitalSurplus": 500012, "totalStockholderEquity": 27320639, "netTangibleAssets": 26455439}], "maxAge": 86400}, "financialData": {"maxAge": 86400, "currentPrice": 24.0, "recommendationKey": "none", "totalCash": 11894857, "totalCashPerShare": 1.169, "ebitda": -22600140, "totalDebt": 0, "totalRevenue": 25982964, "revenuePerShare": 1.659, "grossProfits": 63269708, "revenueGrowth": -0.708, "grossMargins": 0.72991997, "ebitdaMargins": -0.86981004, "operatingMargins": -1.0564901, "profitMargins": -1.07417, "financialCurrency": "INR"}}}