{"KELLTONTEC.BO": {"recommendationTrend": {"trend": [{"period": "0m", "strongBuy": 0, "buy": 0, "hold": 0, "sell": 0, "strongSell": 0}, {"period": "-1m", "strongBuy": 0, "buy": 0, "hold": 0, "sell": 0, "strongSell": 0}, {"period": "-2m", "strongBuy": 0, "buy": 0, "hold": 0, "sell": 0, "strongSell": 0}, {"period": "-3m", "strongBuy": 0, "buy": 0, "hold": 0, "sell": 0, "strongSell": 0}], "maxAge": 86400}, "cashflowStatementHistory": {"cashflowStatements": [{"maxAge": 1, "endDate": "2020-03-31", "netIncome": 705313273, "depreciation": 128112154, "changeToNetincome": 235451672, "changeToAccountReceivables": -221940499, "changeToLiabilities": 27655509, "changeToOperatingActivities": -309798279, "totalCashFromOperatingActivities": 564793830, "capitalExpenditures": -267570982, "otherCashflowsFromInvestingActivities": 143470364, "totalCashflowsFromInvestingActivities": -390650525, "netBorrowings": -124186186, "otherCashflowsFromFinancingActivities": -8974676, "totalCashFromFinancingActivities": -133160862, "changeInCash": 40982443}, {"maxAge": 1, "endDate": "2019-03-31", "netIncome": 769422914, "depreciation": 66589784, "changeToNetincome": 101196138, "changeToAccountReceivables": 65626358, "changeToLiabilities": -104467398, "changeToOperatingActivities": -309981773, "totalCashFromOperatingActivities": 589224012, "capitalExpenditures": -110119545, "otherCashflowsFromInvestingActivities": 143470364, "totalCashflowsFromInvestingActivities": -385142837, "netBorrowings": 94284380, "otherCashflowsFromFinancingActivities": -245359828, "totalCashFromFinancingActivities": -151075448, "changeInCash": 53005727}, {"maxAge": 1, "endDate": "2018-03-31", "netIncome": 683947697, "depreciation": 53436718, "changeToNetincome": 303731539, "changeToAccountReceivables": -328596163, "changeToLiabilities": 282264779, "changeToOperatingActivities": -446318447, "totalCashFromOperatingActivities": 548595417, "capitalExpenditures": -80142751, "otherCashflowsFromInvestingActivities": -48080956, "totalCashflowsFromInvestingActivities": -399800830, "netBorrowings": 13830584, "otherCashflowsFromFinancingActivities": -150225156, "totalCashFromFinancingActivities": -104585121, "changeInCash": 44209465, "issuanceOfStock": 31809451}, {"maxAge": 1, "endDate": "2017-03-31", "netIncome": 530625154, "depreciation": 23501836, "changeToNetincome": 196974303, "changeToAccountReceivables": -248359166, "changeToLiabilities": 29609710, "changeToOperatingActivities": -121640799, "totalCashFromOperatingActivities": 429484905, "capitalExpenditures": -34256876, "otherCashflowsFromInvestingActivities": -48080956, "totalCashflowsFromInvestingActivities": -462603921, "netBorrowings": 226519672, "otherCashflowsFromFinancingActivities": -121094527, "totalCashFromFinancingActivities": 116128900, "changeInCash": 83009884, "issuanceOfStock": 10703755}], "maxAge": 86400}, "institutionOwnership": {"ownershipList": [], "maxAge": 1}, "balanceSheetHistoryQuarterly": {"balanceSheetStatements": [{"maxAge": 1, "endDate": "2020-06-30", "totalStockholderEquity": 4163500930, "netTangibleAssets": 1612860968}, {"maxAge": 1, "endDate": "2020-03-31", "cash": 196149536, "shortTermInvestments": 115814626, "netReceivables": 3079713931, "inventory": 565332, "otherCurrentAssets": 730726847, "totalCurrentAssets": 4183957686, "propertyPlantEquipment": 227294988, "goodWill": 2256662861, "intangibleAssets": 293977101, "otherAssets": 222483424, "totalAssets": 7184376060, "accountsPayable": 392352357, "shortLongTermDebt": 207512913, "otherCurrentLiab": 275196498, "longTermDebt": 285736529, "otherLiab": 463971242, "totalCurrentLiabilities": 2116279879, "totalLiab": 3020875130, "commonStock": 481912340, "retainedEarnings": 3294814435, "treasuryStock": 255994751, "capitalSurplus": 130779404, "otherStockholderEquity": 255994751, "totalStockholderEquity": 4163500930, "netTangibleAssets": 1612860968}, {"maxAge": 1, "endDate": "2019-12-31", "totalStockholderEquity": 3650118000, "netTangibleAssets": 1164886000}, {"maxAge": 1, "endDate": "2019-09-30", "cash": 334363000, "shortTermInvestments": 913160000, "netReceivables": 1843327000, "inventory": 22764000, "otherCurrentAssets": 655359000, "totalCurrentAssets": 3768973000, "longTermInvestments": 17323000, "propertyPlantEquipment": 258193000, "goodWill": 2384622000, "intangibleAssets": 100610000, "otherAssets": 169764000, "totalAssets": 6682162000, "accountsPayable": 305566000, "shortLongTermDebt": 186377000, "otherCurrentLiab": 430014000, "longTermDebt": 393124000, "otherLiab": 407449000, "totalCurrentLiabilities": 2054001000, "totalLiab": 3032044000, "commonStock": 481912000, "treasuryStock": 3168206000, "otherStockholderEquity": 3168206000, "totalStockholderEquity": 3650118000, "netTangibleAssets": 1164886000}], "maxAge": 86400}, "earningsHistory": {"history": [{"maxAge": 1, "epsActual": {}, "epsEstimate": {}, "epsDifference": {}, "surprisePercent": {}, "quarter": {}, "period": "-4q"}, {"maxAge": 1, "epsActual": {}, "epsEstimate": {}, "epsDifference": {}, "surprisePercent": {}, "quarter": {}, "period": "-3q"}, {"maxAge": 1, "epsActual": {}, "epsEstimate": {}, "epsDifference": {}, "surprisePercent": {}, "quarter": {}, "period": "-2q"}, {"maxAge": 1, "epsActual": 1.56, "epsEstimate": 1.66, "epsDifference": -0.1, "surprisePercent": -0.06, "quarter": "2017-09-30", "period": "-1q"}], "maxAge": 86400}, "indexTrend": {"maxAge": 1, "symbol": "SP5", "peRatio": 19.7411, "pegRatio": 1.34172, "estimates": [{"period": "0q", "growth": 0.549}, {"period": "+1q", "growth": 0.431}, {"period": "0y", "growth": 0.305}, {"period": "+1y", "growth": 0.109}, {"period": "+5y", "growth": 0.120865}, {"period": "-5y"}]}, "industryTrend": {"maxAge": 1, "symbol": null, "estimates": []}, "insiderTransactions": {"transactions": [{"maxAge": 1, "shares": 849000, "filerUrl": "", "transactionText": "", "filerName": "Matnic Finvest Pvt. Ltd.", "filerRelation": "Promoter", "moneyText": "", "startDate": "2019-07-30", "ownership": "D"}, {"maxAge": 1, "shares": 740000, "filerUrl": "", "transactionText": "", "filerName": "Keltton Wealth Management Pvt Ltd", "filerRelation": "Promoter", "moneyText": "", "startDate": "2019-07-30", "ownership": "D"}, {"maxAge": 1, "shares": 19645, "filerUrl": "", "transactionText": "", "filerName": "Matnic Finvest Pvt. Ltd.", "filerRelation": "Promoter", "moneyText": "", "startDate": "2019-07-23", "ownership": "D"}, {"maxAge": 1, "shares": 52899, "filerUrl": "", "transactionText": "", "filerName": "Matnic Finvest Pvt. Ltd.", "filerRelation": "Promoter", "moneyText": "", "startDate": "2019-06-27", "ownership": "D"}, {"maxAge": 1, "shares": 372890, "filerUrl": "", "transactionText": "", "filerName": "Keltton Wealth Management Pvt Ltd", "filerRelation": "Promoter", "moneyText": "", "startDate": "2019-06-11", "ownership": "D"}, {"maxAge": 1, "shares": 953726, "filerUrl": "", "transactionText": "", "filerName": "Keltton Wealth Management Pvt Ltd", "filerRelation": "Promoter", "moneyText": "", "startDate": "2019-05-31", "ownership": "D"}, {"maxAge": 1, "shares": 34000, "filerUrl": "", "transactionText": "", "filerName": "Matnic Finvest Pvt. Ltd.", "filerRelation": "Promoter", "moneyText": "", "startDate": "2019-05-06", "ownership": "D"}, {"maxAge": 1, "shares": 115000, "filerUrl": "", "transactionText": "", "filerName": "Matnic Finvest Pvt. Ltd.", "filerRelation": "Promoter", "moneyText": "", "startDate": "2019-05-06", "ownership": "D"}, {"maxAge": 1, "shares": 23087506, "filerUrl": "", "transactionText": "", "filerName": "Matnic Finvest Pvt. Ltd.", "filerRelation": "Promoter", "moneyText": "", "startDate": "2019-05-03", "ownership": "D"}, {"maxAge": 1, "shares": 55000, "filerUrl": "", "transactionText": "", "filerName": "Matnic Finvest Pvt. Ltd.", "filerRelation": "Promoter", "moneyText": "", "startDate": "2019-05-03", "ownership": "D"}, {"maxAge": 1, "shares": 350000, "filerUrl": "", "transactionText": "", "filerName": "Keltton Wealth Management Pvt Ltd", "filerRelation": "Promoter", "moneyText": "", "startDate": "2019-04-03", "ownership": "D"}, {"maxAge": 1, "shares": 350000, "filerUrl": "", "transactionText": "", "filerName": "Keltton Wealth Management Pvt Ltd", "filerRelation": "Promoter", "moneyText": "", "startDate": "2019-04-03", "ownership": "D"}, {"maxAge": 1, "shares": 8700000, "filerUrl": "", "transactionText": "", "filerName": "Keltton Wealth Management Pvt Ltd", "filerRelation": "Promoter", "moneyText": "", "startDate": "2019-04-02", "ownership": "D"}, {"maxAge": 1, "shares": 100000, "filerUrl": "", "transactionText": "", "filerName": "Keltton Wealth Management Pvt Ltd", "filerRelation": "Promoter", "moneyText": "", "startDate": "2019-04-02", "ownership": "D"}, {"maxAge": 1, "shares": 22000, "filerUrl": "", "transactionText": "", "filerName": "Naniwadekar (Rajendra)", "filerRelation": "Director (Non-Executive)", "moneyText": "", "startDate": "2018-02-12", "ownership": "D"}, {"maxAge": 1, "shares": 20000, "filerUrl": "", "transactionText": "", "filerName": "Naniwadekar (Rajendra)", "filerRelation": "Director (Non-Executive)", "moneyText": "", "startDate": "2017-11-17", "ownership": "D"}, {"maxAge": 1, "shares": 13800, "filerUrl": "", "transactionText": "", "filerName": "Naniwadekar (Rajendra)", "filerRelation": "Director (Non-Executive)", "moneyText": "", "startDate": "2017-03-06", "ownership": "D"}, {"maxAge": 1, "shares": 20000, "filerUrl": "", "transactionText": "", "filerName": "Naniwadekar (Rajendra)", "filerRelation": "Director (Non-Executive)", "moneyText": "", "startDate": "2016-04-06", "ownership": "D"}, {"maxAge": 1, "shares": 9000, "filerUrl": "", "transactionText": "", "filerName": "Naniwadekar (Rajendra)", "filerRelation": "Director (Non-Executive)", "moneyText": "", "startDate": "2016-02-08", "ownership": "D"}, {"maxAge": 1, "shares": 20000, "filerUrl": "", "transactionText": "", "filerName": "Naniwadekar (Rajendra)", "filerRelation": "Director (Non-Executive)", "moneyText": "", "startDate": "2016-01-11", "ownership": "D"}, {"maxAge": 1, "shares": 0, "filerUrl": "", "transactionText": "", "filerName": "Naniwadekar (Rajendra)", "filerRelation": "Director (Non-Executive)", "moneyText": "", "startDate": "2016-01-07", "ownership": "I"}, {"maxAge": 1, "shares": 80000, "filerUrl": "", "transactionText": "", "filerName": "Naniwadekar (Rajendra)", "filerRelation": "Director (Non-Executive)", "moneyText": "", "startDate": "2015-10-20", "ownership": "D"}, {"maxAge": 1, "shares": 35000, "filerUrl": "", "transactionText": "", "filerName": "Naniwadekar (Rajendra)", "filerRelation": "Director (Non-Executive)", "moneyText": "", "startDate": "2015-10-16", "ownership": "D"}, {"maxAge": 1, "shares": 12303, "filerUrl": "", "transactionText": "", "filerName": "Naniwadekar (Rajendra)", "filerRelation": "Director (Non-Executive)", "moneyText": "", "startDate": "2015-09-14", "ownership": "D"}, {"maxAge": 1, "shares": 50000, "filerUrl": "", "transactionText": "", "filerName": "Naniwadekar (Rajendra)", "filerRelation": "Director (Non-Executive)", "moneyText": "", "startDate": "2015-09-02", "ownership": "D"}, {"maxAge": 1, "shares": 25200, "filerUrl": "", "transactionText": "", "filerName": "Nanatty (Anilkumar Chandra)", "filerRelation": "UNREPORTED", "moneyText": "", "startDate": "2014-11-28", "ownership": "D"}, {"maxAge": 1, "shares": 45215, "filerUrl": "", "transactionText": "", "filerName": "Naniwadekar (Rajendra)", "filerRelation": "Director (Non-Executive)", "moneyText": "", "startDate": "2014-11-27", "ownership": "D"}, {"maxAge": 1, "shares": 5000, "filerUrl": "", "transactionText": "", "filerName": "Naniwadekar (Rajendra)", "filerRelation": "Director (Non-Executive)", "moneyText": "", "startDate": "2014-10-14", "ownership": "D"}, {"maxAge": 1, "shares": 10000, "filerUrl": "", "transactionText": "", "filerName": "Naniwadekar (Rajendra)", "filerRelation": "Director (Non-Executive)", "moneyText": "", "startDate": "2014-10-13", "ownership": "D"}, {"maxAge": 1, "shares": 13348, "filerUrl": "", "transactionText": "", "filerName": "Naniwadekar (Rajendra)", "filerRelation": "Director (Non-Executive)", "moneyText": "", "startDate": "2014-10-10", "ownership": "D"}, {"maxAge": 1, "shares": 1500000, "filerUrl": "", "transactionText": "", "filerName": "Keltton Wealth Management Pvt Ltd", "filerRelation": "Promoter", "moneyText": "", "startDate": "2014-07-30", "ownership": "D"}, {"maxAge": 1, "shares": 3548444, "filerUrl": "", "transactionText": "", "filerName": "Matnic Finvest Pvt. Ltd.", "filerRelation": "Promoter", "moneyText": "", "startDate": "2014-06-30", "ownership": "D"}, {"maxAge": 1, "shares": 25800, "filerUrl": "", "transactionText": "", "filerName": "Singh (Abhishek Vinod)", "filerRelation": "Divisional Officer", "moneyText": "", "startDate": "2013-12-23", "ownership": "D"}, {"maxAge": 1, "shares": 23642, "filerUrl": "", "transactionText": "", "filerName": "Singh (Abhishek Vinod)", "filerRelation": "Divisional Officer", "moneyText": "", "startDate": "2013-12-20", "ownership": "D"}, {"maxAge": 1, "shares": 276126, "filerUrl": "", "transactionText": "", "filerName": "Naniwadekar (Rajendra)", "filerRelation": "Director", "moneyText": "", "startDate": "2013-09-19", "ownership": "D"}, {"maxAge": 1, "shares": 36500, "filerUrl": "", "transactionText": "", "filerName": "Kumar (Ashish)", "filerRelation": "Chief Executive Officer", "moneyText": "", "startDate": "2013-09-17", "ownership": "D"}, {"maxAge": 1, "shares": 42500, "filerUrl": "", "transactionText": "", "filerName": "Kumar (Ashish)", "filerRelation": "Chief Executive Officer", "moneyText": "", "startDate": "2013-06-24", "ownership": "D"}, {"maxAge": 1, "shares": 86500, "filerUrl": "", "transactionText": "", "filerName": "Kumar (Ashish)", "filerRelation": "Chief Executive Officer", "moneyText": "", "startDate": "2013-06-21", "ownership": "D"}, {"maxAge": 1, "shares": 50000, "filerUrl": "", "transactionText": "", "filerName": "Kumar (Ashish)", "filerRelation": "Chief Executive Officer", "moneyText": "", "startDate": "2013-06-20", "ownership": "D"}, {"maxAge": 1, "shares": 25500, "filerUrl": "", "transactionText": "", "filerName": "Kumar (Ashish)", "filerRelation": "Chief Executive Officer", "moneyText": "", "startDate": "2013-06-19", "ownership": "D"}, {"maxAge": 1, "shares": 65000, "filerUrl": "", "transactionText": "", "filerName": "Kumar (Ashish)", "filerRelation": "Chief Executive Officer", "moneyText": "", "startDate": "2013-06-18", "ownership": "D"}, {"maxAge": 1, "shares": 48000, "filerUrl": "", "transactionText": "", "filerName": "Kumar (Ashish)", "filerRelation": "Chief Executive Officer", "moneyText": "", "startDate": "2013-06-14", "ownership": "D"}, {"maxAge": 1, "shares": 25000, "filerUrl": "", "transactionText": "", "filerName": "Kumar (Ashish)", "filerRelation": "Chief Executive Officer", "moneyText": "", "startDate": "2013-06-13", "ownership": "D"}, {"maxAge": 1, "shares": 1300, "filerUrl": "", "transactionText": "", "filerName": "Vyas (Mahendra)", "filerRelation": "UNREPORTED", "moneyText": "", "startDate": "2009-09-07", "ownership": "D"}, {"maxAge": 1, "shares": 45000, "filerUrl": "", "transactionText": "", "filerName": "Naniwadekar (Rajendra)", "filerRelation": "Director", "moneyText": "", "startDate": "2009-09-02", "ownership": "D"}], "maxAge": 1}, "quoteType": {"exchange": "BSE", "quoteType": "EQUITY", "symbol": "KELLTONTEC.BO", "underlyingSymbol": "KELLTONTEC.BO", "shortName": "KELLTON TECH SOLUTIONS LTD.", "longName": "Kellton Tech Solutions Limited", "firstTradeDateEpochUtc": "2002-01-28 09:15:00", "timeZoneFullName": "Asia/Kolkata", "timeZoneShortName": "IST", "uuid": "2d46587b-b532-303e-83aa-e1bf796f3448", "gmtOffSetMilliseconds": 19800000, "maxAge": 1}, "incomeStatementHistory": {"incomeStatementHistory": [{"maxAge": 1, "endDate": "2020-03-31", "totalRevenue": 7706793265, "costOfRevenue": 3986127988, "grossProfit": 3720665277, "researchDevelopment": {}, "sellingGeneralAdministrative": 26845166, "nonRecurring": {}, "otherOperatingExpenses": 2557520457, "totalOperatingExpenses": 6698605765, "operatingIncome": 1008187500, "totalOtherIncomeExpenseNet": -137437452, "ebit": 1008187500, "interestExpense": -122103910, "incomeBeforeTax": 870750048, "incomeTaxExpense": 165436775, "minorityInterest": {}, "netIncomeFromContinuingOps": 705313273, "discontinuedOperations": {}, "extraordinaryItems": {}, "effectOfAccountingCharges": {}, "otherItems": {}, "netIncome": 705313273, "netIncomeApplicableToCommonShares": 705313273}, {"maxAge": 1, "endDate": "2019-03-31", "totalRevenue": 8141122411, "costOfRevenue": 4144501004, "grossProfit": 3996621407, "researchDevelopment": {}, "sellingGeneralAdministrative": 87016187, "nonRecurring": {}, "otherOperatingExpenses": 2708645215, "totalOperatingExpenses": 7006752190, "operatingIncome": 1134370221, "totalOtherIncomeExpenseNet": -160647553, "ebit": 1134370221, "interestExpense": -137896658, "incomeBeforeTax": 973722668, "incomeTaxExpense": 204299754, "minorityInterest": {}, "netIncomeFromContinuingOps": 769422914, "discontinuedOperations": {}, "extraordinaryItems": {}, "effectOfAccountingCharges": {}, "otherItems": {}, "netIncome": 769422914, "netIncomeApplicableToCommonShares": 769422914}, {"maxAge": 1, "endDate": "2018-03-31", "totalRevenue": 7834799953, "costOfRevenue": 3939334208, "grossProfit": 3895465745, "researchDevelopment": {}, "sellingGeneralAdministrative": 84547017, "nonRecurring": {}, "otherOperatingExpenses": 2609190369, "totalOperatingExpenses": 6686790784, "operatingIncome": 1148009169, "totalOtherIncomeExpenseNet": -153363512, "ebit": 1148009169, "interestExpense": -134820843, "incomeBeforeTax": 994645657, "incomeTaxExpense": 310697960, "minorityInterest": {}, "netIncomeFromContinuingOps": 683947697, "discontinuedOperations": {}, "extraordinaryItems": {}, "effectOfAccountingCharges": {}, "otherItems": {}, "netIncome": 683947697, "netIncomeApplicableToCommonShares": 683947697}, {"maxAge": 1, "endDate": "2017-03-31", "totalRevenue": 6147698590, "costOfRevenue": 3082177096, "grossProfit": 3065521494, "researchDevelopment": {}, "sellingGeneralAdministrative": 74476716, "nonRecurring": {}, "otherOperatingExpenses": 2144764026, "totalOperatingExpenses": 5343693541, "operatingIncome": 804005049, "totalOtherIncomeExpenseNet": -92177265, "ebit": 804005049, "interestExpense": -90704648, "incomeBeforeTax": 711827784, "incomeTaxExpense": 181202630, "minorityInterest": {}, "netIncomeFromContinuingOps": 530625154, "discontinuedOperations": {}, "extraordinaryItems": {}, "effectOfAccountingCharges": {}, "otherItems": {}, "netIncome": 530625154, "netIncomeApplicableToCommonShares": 530625154}], "maxAge": 86400}, "fundOwnership": {"ownershipList": [], "maxAge": 1}, "summaryDetail": {"maxAge": 1, "priceHint": 2, "previousClose": 66.8, "open": 66.9, "dayLow": 65.5, "dayHigh": 67.5, "regularMarketPreviousClose": 66.8, "regularMarketOpen": 66.9, "regularMarketDayLow": 65.5, "regularMarketDayHigh": 67.5, "trailingPE": 9.804935, "forwardPE": 6.925887, "volume": 26453, "regularMarketVolume": 26453, "averageVolume": 144853, "averageVolume10days": 204551, "averageDailyVolume10Day": 204551, "bid": 66.15, "ask": 66.7, "bidSize": 0, "askSize": 0, "marketCap": 6394978304, "fiftyTwoWeekLow": 6.75, "fiftyTwoWeekHigh": 86.45, "fiftyDayAverage": 74.98637, "twoHundredDayAverage": 49.086395, "currency": "INR", "fromCurrency": null, "lastMarket": null, "algorithm": null, "tradeable": false}, "sectorTrend": {"maxAge": 1, "symbol": null, "estimates": []}, "incomeStatementHistoryQuarterly": {"incomeStatementHistory": [{"maxAge": 1, "endDate": "2020-06-30", "totalRevenue": 1800108000, "costOfRevenue": 928545000, "grossProfit": 871563000, "researchDevelopment": {}, "sellingGeneralAdministrative": {}, "nonRecurring": {}, "otherOperatingExpenses": 638402000, "totalOperatingExpenses": 1599785000, "operatingIncome": 200323000, "totalOtherIncomeExpenseNet": -20268000, "ebit": 200323000, "interestExpense": -39656000, "incomeBeforeTax": 180055000, "incomeTaxExpense": 35448000, "minorityInterest": {}, "netIncomeFromContinuingOps": 144607000, "discontinuedOperations": {}, "extraordinaryItems": {}, "effectOfAccountingCharges": {}, "otherItems": {}, "netIncome": 144607000, "netIncomeApplicableToCommonShares": 144607000}, {"maxAge": 1, "endDate": "2020-03-31", "totalRevenue": 2062617265, "costOfRevenue": 1075419988, "grossProfit": 987197277, "researchDevelopment": {}, "sellingGeneralAdministrative": 26845166, "nonRecurring": {}, "otherOperatingExpenses": 705750457, "totalOperatingExpenses": 1835633765, "operatingIncome": 226983500, "totalOtherIncomeExpenseNet": -37139452, "ebit": 226983500, "interestExpense": -152910, "incomeBeforeTax": 189844048, "incomeTaxExpense": 44337775, "minorityInterest": {}, "netIncomeFromContinuingOps": 145506273, "discontinuedOperations": {}, "extraordinaryItems": {}, "effectOfAccountingCharges": {}, "otherItems": {}, "netIncome": 145506273, "netIncomeApplicableToCommonShares": 145506273}, {"maxAge": 1, "endDate": "2019-12-31", "totalRevenue": 1908929000, "costOfRevenue": 999706000, "grossProfit": 909223000, "researchDevelopment": {}, "sellingGeneralAdministrative": 26845166, "nonRecurring": {}, "otherOperatingExpenses": 622598000, "totalOperatingExpenses": 1656185000, "operatingIncome": 252744000, "totalOtherIncomeExpenseNet": -26636000, "ebit": 252744000, "interestExpense": -36529000, "incomeBeforeTax": 226108000, "incomeTaxExpense": 39817000, "minorityInterest": {}, "netIncomeFromContinuingOps": 186291000, "discontinuedOperations": {}, "extraordinaryItems": {}, "effectOfAccountingCharges": {}, "otherItems": {}, "netIncome": 186291000, "netIncomeApplicableToCommonShares": 186291000}, {"maxAge": 1, "endDate": "2019-09-30", "totalRevenue": 1866253000, "costOfRevenue": 963431000, "grossProfit": 902822000, "researchDevelopment": {}, "sellingGeneralAdministrative": 26845166, "nonRecurring": {}, "otherOperatingExpenses": 605750000, "totalOperatingExpenses": 1603049000, "operatingIncome": 263204000, "totalOtherIncomeExpenseNet": -35186000, "ebit": 263204000, "interestExpense": -41724000, "incomeBeforeTax": 228018000, "incomeTaxExpense": 43112000, "minorityInterest": {}, "netIncomeFromContinuingOps": 184906000, "discontinuedOperations": {}, "extraordinaryItems": {}, "effectOfAccountingCharges": {}, "otherItems": {}, "netIncome": 184906000, "netIncomeApplicableToCommonShares": 184906000}], "maxAge": 86400}, "cashflowStatementHistoryQuarterly": {"cashflowStatements": [{"maxAge": 1, "endDate": "2020-06-30", "netIncome": 144607000, "changeToLiabilities": 0}, {"maxAge": 1, "endDate": "2020-03-31", "netIncome": 145506273, "changeToLiabilities": 0}, {"maxAge": 1, "endDate": "2019-12-31", "netIncome": 186291000, "changeToLiabilities": 0}, {"maxAge": 1, "endDate": "2019-09-30", "netIncome": 184906000, "changeToLiabilities": 0}], "maxAge": 86400}, "insiderHolders": {"holders": [{"maxAge": 1, "name": "Keltton Wealth Management Pvt Ltd", "relation": "Promoter", "url": "", "transactionDescription": "Sale", "latestTransDate": "2019-07-30", "positionDirect": 11933384, "positionDirectDate": "2019-07-30"}, {"maxAge": 1, "name": "Kumar (Ashish)", "relation": "Chief Executive Officer", "url": "", "transactionDescription": "Acquisition", "latestTransDate": "2013-09-17", "positionDirect": 683231, "positionDirectDate": "2013-09-17"}, {"maxAge": 1, "name": "Matnic Finvest Pvt. Ltd.", "relation": "Promoter", "url": "", "transactionDescription": "Sale", "latestTransDate": "2019-07-30", "positionDirect": 42504356, "positionDirectDate": "2019-07-30"}, {"maxAge": 1, "name": "Nanatty (Anilkumar Chandra)", "relation": "UNREPORTED", "url": "", "transactionDescription": "Acquisition", "latestTransDate": "2014-11-28", "positionDirect": 4792600, "positionDirectDate": "2014-11-28"}, {"maxAge": 1, "name": "Naniwadekar (Rajendra)", "relation": "Director (Non-Executive)", "url": "", "transactionDescription": "Sale", "latestTransDate": "2018-02-12", "positionDirect": 149400, "positionDirectDate": "2018-02-12"}, {"maxAge": 1, "name": "Singh (Abhishek Vinod)", "relation": "Divisional Officer", "url": "", "transactionDescription": "Acquisition", "latestTransDate": "2013-12-23", "positionDirect": 54442, "positionDirectDate": "2013-12-23"}, {"maxAge": 1, "name": "Vyas (Mahendra)", "relation": "UNREPORTED", "url": "", "transactionDescription": "Sale", "latestTransDate": "2009-09-07", "positionDirect": 7471, "positionDirectDate": "2009-09-07"}], "maxAge": 1}, "earnings": {"maxAge": 86400, "earningsChart": {"quarterly": [{"date": "3Q2017", "actual": 1.56, "estimate": 1.66}], "currentQuarterEstimateDate": "4Q", "currentQuarterEstimateYear": 2017, "earningsDate": []}, "financialsChart": {"yearly": [{"date": 2017, "revenue": 6147698590, "earnings": 530625154}, {"date": 2018, "revenue": 7834799953, "earnings": 683947697}, {"date": 2019, "revenue": 8141122411, "earnings": 769422914}, {"date": 2020, "revenue": 7706793265, "earnings": 705313273}], "quarterly": [{"date": "3Q2019", "revenue": 1866253000, "earnings": 184906000}, {"date": "4Q2019", "revenue": 1908929000, "earnings": 186291000}, {"date": "1Q2020", "revenue": 2062617265, "earnings": 145506273}, {"date": "2Q2020", "revenue": 1800108000, "earnings": 144607000}]}, "financialCurrency": "INR"}, "calendarEvents": {"maxAge": 1, "earnings": {"earningsDate": [], "revenueAverage": 2107800000}}, "upgradeDowngradeHistory": {"history": [], "maxAge": 86400}, "price": {"maxAge": 1, "regularMarketChangePercent": -0.006736595, "regularMarketChange": -0.45000458, "regularMarketTime": "2021-04-30 15:29:44", "priceHint": 2, "regularMarketPrice": 66.35, "regularMarketDayHigh": 67.5, "regularMarketDayLow": 65.5, "regularMarketVolume": 26453, "averageDailyVolume10Day": 204551, "averageDailyVolume3Month": 144853, "regularMarketPreviousClose": 66.8, "regularMarketSource": "FREE_REALTIME", "regularMarketOpen": 66.9, "exchange": "BSE", "exchangeName": "BSE", "exchangeDataDelayedBy": 0, "marketState": "CLOSED", "quoteType": "EQUITY", "symbol": "KELLTONTEC.BO", "underlyingSymbol": null, "shortName": "KELLTON TECH SOLUTIONS LTD.", "longName": "Kellton Tech Solutions Limited", "currency": "INR", "quoteSourceName": "Delayed Quote", "currencySymbol": "\u20b9", "fromCurrency": null, "lastMarket": null, "marketCap": 6394978304}, "balanceSheetHistory": {"balanceSheetStatements": [{"maxAge": 1, "endDate": "2020-03-31", "cash": 196149536, "shortTermInvestments": 115814626, "netReceivables": 3079713931, "inventory": 565332, "otherCurrentAssets": 730726847, "totalCurrentAssets": 4183957686, "propertyPlantEquipment": 227294988, "goodWill": 2256662861, "intangibleAssets": 293977101, "otherAssets": 222483424, "totalAssets": 7184376060, "accountsPayable": 392352357, "shortLongTermDebt": 207512913, "otherCurrentLiab": 275196498, "longTermDebt": 285736529, "otherLiab": 463971242, "totalCurrentLiabilities": 2116279879, "totalLiab": 3020875130, "commonStock": 481912340, "retainedEarnings": 3294814435, "treasuryStock": 255994751, "capitalSurplus": 130779404, "otherStockholderEquity": 255994751, "totalStockholderEquity": 4163500930, "netTangibleAssets": 1612860968}, {"maxAge": 1, "endDate": "2019-03-31", "cash": 184280451, "shortTermInvestments": 76800242, "netReceivables": 2612272923, "inventory": 26634636, "otherCurrentAssets": 609213366, "totalCurrentAssets": 3559641757, "longTermInvestments": 19763000, "propertyPlantEquipment": 99888678, "goodWill": 1990112954, "intangibleAssets": 106857894, "otherAssets": 233097829, "totalAssets": 5989599112, "accountsPayable": 364696848, "shortLongTermDebt": 179862193, "otherCurrentLiab": 239219264, "longTermDebt": 359254017, "otherLiab": 263384592, "totalCurrentLiabilities": 2075475938, "totalLiab": 2698114547, "commonStock": 481912340, "retainedEarnings": 2493763478, "treasuryStock": 185029343, "capitalSurplus": 130779404, "otherStockholderEquity": 185029343, "totalStockholderEquity": 3291484565, "netTangibleAssets": 1194513717}, {"maxAge": 1, "endDate": "2018-03-31", "cash": 205517565, "shortTermInvestments": 2582401, "netReceivables": 2662042108, "inventory": 24210021, "otherCurrentAssets": 447429954, "totalCurrentAssets": 3402269590, "propertyPlantEquipment": 80922752, "goodWill": 2112413240, "intangibleAssets": 82392373, "otherAssets": 130487554, "totalAssets": 5808485509, "accountsPayable": 469164246, "shortLongTermDebt": 149639256, "otherCurrentLiab": 397944473, "longTermDebt": 319906276, "otherLiab": 646093001, "deferredLongTermLiab": 128558, "totalCurrentLiabilities": 2241059827, "totalLiab": 3207059104, "commonStock": 481912340, "retainedEarnings": 1831094301, "treasuryStock": 157640360, "capitalSurplus": 130779404, "otherStockholderEquity": 157640360, "totalStockholderEquity": 2601426405, "netTangibleAssets": 406620792}, {"maxAge": 1, "endDate": "2017-03-31", "cash": 161308099, "shortTermInvestments": 19125774, "netReceivables": 1942380398, "inventory": 23919908, "otherCurrentAssets": 85872631, "totalCurrentAssets": 2258773009, "propertyPlantEquipment": 99216495, "goodWill": 2092383873, "intangibleAssets": 37416184, "otherAssets": 28488662, "deferredLongTermAssetCharges": 11382520, "totalAssets": 4516278223, "accountsPayable": 205176317, "shortLongTermDebt": 222657597, "otherCurrentLiab": 154999543, "longTermDebt": 437813090, "otherLiab": 664636983, "deferredLongTermLiab": 411030, "totalCurrentLiabilities": 1639985516, "totalLiab": 2742435589, "commonStock": 235722865, "retainedEarnings": 1196813091, "treasuryStock": -3852750, "capitalSurplus": 345159428, "otherStockholderEquity": -3852750, "totalStockholderEquity": 1773842634, "netTangibleAssets": -355957423}], "maxAge": 86400}, "earningsTrend": {"trend": [{"maxAge": 1, "period": "0q", "endDate": "2017-12-31", "growth": {}, "earningsEstimate": {"avg": 0.0, "low": 0.0, "high": 0.0, "yearAgoEps": {}, "numberOfAnalysts": 0, "growth": {}}, "revenueEstimate": {"avg": 2107800000, "low": 0, "high": 0, "numberOfAnalysts": 0, "yearAgoRevenue": {}, "growth": {}}, "epsTrend": {"current": 0.0, "7daysAgo": 0.0, "30daysAgo": 0.0, "60daysAgo": 0.0, "90daysAgo": 0.0}, "epsRevisions": {"upLast7days": 0, "upLast30days": 0, "downLast30days": 0, "downLast90days": {}}}, {"maxAge": 1, "period": "+1q", "endDate": "2018-03-31", "growth": {}, "earningsEstimate": {"avg": 0.0, "low": 0.0, "high": 0.0, "yearAgoEps": {}, "numberOfAnalysts": 0, "growth": {}}, "revenueEstimate": {"avg": 4298530000, "low": 0, "high": 0, "numberOfAnalysts": 0, "yearAgoRevenue": 1657960000, "growth": 1.593}, "epsTrend": {"current": 0.0, "7daysAgo": 0.0, "30daysAgo": 0.0, "60daysAgo": 0.0, "90daysAgo": 0.0}, "epsRevisions": {"upLast7days": 0, "upLast30days": 0, "downLast30days": 0, "downLast90days": {}}}, {"maxAge": 1, "period": "0y", "endDate": "2018-03-31", "growth": {}, "earningsEstimate": {"avg": 0.0, "low": 0.0, "high": 0.0, "yearAgoEps": {}, "numberOfAnalysts": 0, "growth": {}}, "revenueEstimate": {"avg": 7834800000, "low": 7623000000, "high": 7623000000, "numberOfAnalysts": 1, "yearAgoRevenue": 6157450000, "growth": 0.272}, "epsTrend": {"current": 0.0, "7daysAgo": 7.58, "30daysAgo": 7.58, "60daysAgo": 7.58, "90daysAgo": 7.58}, "epsRevisions": {"upLast7days": 0, "upLast30days": 0, "downLast30days": 0, "downLast90days": {}}}, {"maxAge": 1, "period": "+1y", "endDate": "2019-03-31", "growth": {}, "earningsEstimate": {"avg": 0.0, "low": 0.0, "high": 0.0, "yearAgoEps": {}, "numberOfAnalysts": 0, "growth": {}}, "revenueEstimate": {"avg": 8919000000, "low": 8919000000, "high": 8919000000, "numberOfAnalysts": 1, "yearAgoRevenue": 7834800000, "growth": 0.138}, "epsTrend": {"current": 0.0, "7daysAgo": 9.58, "30daysAgo": 9.58, "60daysAgo": 9.58, "90daysAgo": 9.58}, "epsRevisions": {"upLast7days": 0, "upLast30days": 0, "downLast30days": 0, "downLast90days": {}}}, {"maxAge": 1, "period": "+5y", "endDate": null, "growth": {}, "earningsEstimate": {"avg": {}, "low": {}, "high": {}, "yearAgoEps": {}, "numberOfAnalysts": {}, "growth": {}}, "revenueEstimate": {"avg": {}, "low": {}, "high": {}, "numberOfAnalysts": {}, "yearAgoRevenue": {}, "growth": {}}, "epsTrend": {"current": {}, "7daysAgo": {}, "30daysAgo": {}, "60daysAgo": {}, "90daysAgo": {}}, "epsRevisions": {"upLast7days": {}, "upLast30days": {}, "downLast30days": {}, "downLast90days": {}}}, {"maxAge": 1, "period": "-5y", "endDate": null, "growth": {}, "earningsEstimate": {"avg": {}, "low": {}, "high": {}, "yearAgoEps": {}, "numberOfAnalysts": {}, "growth": {}}, "revenueEstimate": {"avg": {}, "low": {}, "high": {}, "numberOfAnalysts": {}, "yearAgoRevenue": {}, "growth": {}}, "epsTrend": {"current": {}, "7daysAgo": {}, "30daysAgo": {}, "60daysAgo": {}, "90daysAgo": {}}, "epsRevisions": {"upLast7days": {}, "upLast30days": {}, "downLast30days": {}, "downLast90days": {}}}], "maxAge": 1}, "financialData": {"maxAge": 86400, "currentPrice": 66.35, "targetHighPrice": 86.0, "targetLowPrice": 86.0, "targetMeanPrice": 86.0, "targetMedianPrice": 86.0, "recommendationKey": "none", "numberOfAnalystOpinions": 1, "grossProfits": 3720665277, "financialCurrency": "INR"}}}