{"KENNAMET.BO": {"recommendationTrend": {"trend": [{"period": "0m", "strongBuy": 0, "buy": 0, "hold": 0, "sell": 0, "strongSell": 0}, {"period": "-1m", "strongBuy": 0, "buy": 0, "hold": 0, "sell": 0, "strongSell": 0}, {"period": "-2m", "strongBuy": 0, "buy": 0, "hold": 0, "sell": 0, "strongSell": 0}, {"period": "-3m", "strongBuy": 0, "buy": 0, "hold": 0, "sell": 0, "strongSell": 0}], "maxAge": 86400}, "cashflowStatementHistory": {"cashflowStatements": [{"maxAge": 1, "endDate": "2020-06-30", "netIncome": 339000000, "depreciation": 344000000, "changeToNetincome": -67000000, "changeToAccountReceivables": 766000000, "changeToLiabilities": 0, "changeToInventory": 29000000, "changeToOperatingActivities": -1075000000, "totalCashFromOperatingActivities": 336000000, "capitalExpenditures": -579000000, "otherCashflowsFromInvestingActivities": 42000000, "totalCashflowsFromInvestingActivities": -537000000, "dividendsPaid": -1000000, "netBorrowings": 30000000, "otherCashflowsFromFinancingActivities": -19000000, "totalCashFromFinancingActivities": 10000000, "changeInCash": -191000000}, {"maxAge": 1, "endDate": "2019-06-30", "netIncome": 904000000, "depreciation": 279000000, "changeToNetincome": -26000000, "changeToAccountReceivables": -193000000, "changeToLiabilities": 0, "changeToInventory": -533000000, "changeToOperatingActivities": 276000000, "totalCashFromOperatingActivities": 708000000, "capitalExpenditures": -1119000000, "investments": 5000000, "otherCashflowsFromInvestingActivities": 45000000, "totalCashflowsFromInvestingActivities": -1057000000, "dividendsPaid": -45000000, "netBorrowings": 100000000, "otherCashflowsFromFinancingActivities": -14000000, "totalCashFromFinancingActivities": 41000000, "changeInCash": -308000000}, {"maxAge": 1, "endDate": "2018-06-30", "netIncome": 522600000, "depreciation": 280900000, "changeToNetincome": 309700000, "changeToAccountReceivables": -204500000, "changeToLiabilities": 0, "changeToInventory": -486100000, "changeToOperatingActivities": 222600000, "totalCashFromOperatingActivities": 645400000, "capitalExpenditures": -603000000, "investments": 5000000, "otherCashflowsFromInvestingActivities": 31400000, "totalCashflowsFromInvestingActivities": -568300000, "dividendsPaid": -44000000, "netBorrowings": 100000000, "otherCashflowsFromFinancingActivities": -8800000, "totalCashFromFinancingActivities": -52800000, "changeInCash": 24300000}, {"maxAge": 1, "endDate": "2017-06-30", "netIncome": 243700000, "depreciation": 282600000, "changeToNetincome": 81500000, "changeToAccountReceivables": 65700000, "changeToLiabilities": 0, "changeToInventory": 60400000, "changeToOperatingActivities": 37700000, "totalCashFromOperatingActivities": 771600000, "capitalExpenditures": -502800000, "investments": 5000000, "otherCashflowsFromInvestingActivities": 52900000, "totalCashflowsFromInvestingActivities": -445900000, "dividendsPaid": -44100000, "netBorrowings": 100000000, "otherCashflowsFromFinancingActivities": -8900000, "totalCashFromFinancingActivities": -53000000, "changeInCash": 272700000}], "maxAge": 86400}, "institutionOwnership": {"ownershipList": [], "maxAge": 1}, "balanceSheetHistoryQuarterly": {"balanceSheetStatements": [{"maxAge": 1, "endDate": "2020-06-30", "cash": 447000000, "shortTermInvestments": 15000000, "netReceivables": 931000000, "inventory": 2062000000, "otherCurrentAssets": 118000000, "totalCurrentAssets": 3573000000, "propertyPlantEquipment": 2783000000, "intangibleAssets": 7000000, "otherAssets": 655000000, "deferredLongTermAssetCharges": 3000000, "totalAssets": 7018000000, "accountsPayable": 603000000, "otherCurrentLiab": 667000000, "otherLiab": 61000000, "totalCurrentLiabilities": 1400000000, "totalLiab": 1461000000, "commonStock": 220000000, "treasuryStock": 5337000000, "otherStockholderEquity": 5337000000, "totalStockholderEquity": 5557000000, "netTangibleAssets": 5550000000}, {"maxAge": 1, "endDate": "2020-03-31", "totalStockholderEquity": 5557000000, "netTangibleAssets": 5556000000}, {"maxAge": 1, "endDate": "2019-12-31", "cash": 595000000, "shortTermInvestments": 8000000, "netReceivables": 1416000000, "inventory": 2032000000, "otherCurrentAssets": 139000000, "totalCurrentAssets": 4190000000, "propertyPlantEquipment": 2711000000, "intangibleAssets": 1000000, "otherAssets": 570000000, "deferredLongTermAssetCharges": 3000000, "totalAssets": 7472000000, "accountsPayable": 832000000, "otherCurrentLiab": 725000000, "otherLiab": 78000000, "totalCurrentLiabilities": 1837000000, "totalLiab": 1915000000, "commonStock": 220000000, "treasuryStock": 5337000000, "otherStockholderEquity": 5337000000, "totalStockholderEquity": 5557000000, "netTangibleAssets": 5556000000}, {"maxAge": 1, "endDate": "2019-09-30", "totalStockholderEquity": 5230000000, "netTangibleAssets": 5228000000}], "maxAge": 86400}, "earningsHistory": {"history": [{"maxAge": 1, "epsActual": {}, "epsEstimate": {}, "epsDifference": {}, "surprisePercent": {}, "quarter": {}, "period": "-4q"}, {"maxAge": 1, "epsActual": {}, "epsEstimate": {}, "epsDifference": {}, "surprisePercent": {}, "quarter": {}, "period": "-3q"}, {"maxAge": 1, "epsActual": 4.99, "epsEstimate": 4.49, "epsDifference": 0.5, "surprisePercent": 0.111, "quarter": "2017-12-31", "period": "-2q"}, {"maxAge": 1, "epsActual": 11.1, "epsEstimate": 5.94, "epsDifference": 5.16, "surprisePercent": 0.869, "quarter": "2018-09-30", "period": "-1q"}], "maxAge": 86400}, "indexTrend": {"maxAge": 1, "symbol": "SP5", "peRatio": 19.7411, "pegRatio": 1.34172, "estimates": [{"period": "0q", "growth": 0.549}, {"period": "+1q", "growth": 0.431}, {"period": "0y", "growth": 0.305}, {"period": "+1y", "growth": 0.109}, {"period": "+5y", "growth": 0.120865}, {"period": "-5y"}]}, "industryTrend": {"maxAge": 1, "symbol": null, "estimates": []}, "insiderTransactions": {"transactions": [{"maxAge": 1, "shares": 2892333, "filerUrl": "", "transactionText": "", "filerName": "Kennametal Inc", "filerRelation": "Promoter", "moneyText": "", "startDate": "2013-03-18", "ownership": "D"}], "maxAge": 1}, "quoteType": {"exchange": "BSE", "quoteType": "EQUITY", "symbol": "KENNAMET.BO", "underlyingSymbol": "KENNAMET.BO", "shortName": "KENNAMETAL INDIA LTD.", "longName": "Kennametal India Limited", "firstTradeDateEpochUtc": "1991-01-09 09:15:00", "timeZoneFullName": "Asia/Kolkata", "timeZoneShortName": "IST", "uuid": "2fd22825-1788-32e7-9eca-636edfe0d30a", "gmtOffSetMilliseconds": 19800000, "maxAge": 1}, "incomeStatementHistory": {"incomeStatementHistory": [{"maxAge": 1, "endDate": "2020-06-30", "totalRevenue": 7050000000, "costOfRevenue": 3821000000, "grossProfit": 3229000000, "researchDevelopment": {}, "sellingGeneralAdministrative": 1186000000, "nonRecurring": {}, "otherOperatingExpenses": 1334000000, "totalOperatingExpenses": 6685000000, "operatingIncome": 365000000, "totalOtherIncomeExpenseNet": 56000000, "ebit": 365000000, "interestExpense": -19000000, "incomeBeforeTax": 421000000, "incomeTaxExpense": 82000000, "minorityInterest": {}, "netIncomeFromContinuingOps": 339000000, "discontinuedOperations": {}, "extraordinaryItems": {}, "effectOfAccountingCharges": {}, "otherItems": {}, "netIncome": 339000000, "netIncomeApplicableToCommonShares": 339000000}, {"maxAge": 1, "endDate": "2019-06-30", "totalRevenue": 9462000000, "costOfRevenue": 5111000000, "grossProfit": 4351000000, "researchDevelopment": {}, "sellingGeneralAdministrative": 1415000000, "nonRecurring": {}, "otherOperatingExpenses": 1452000000, "totalOperatingExpenses": 8258000000, "operatingIncome": 1204000000, "totalOtherIncomeExpenseNet": 68000000, "ebit": 1204000000, "interestExpense": -5000000, "incomeBeforeTax": 1272000000, "incomeTaxExpense": 368000000, "minorityInterest": {}, "netIncomeFromContinuingOps": 904000000, "discontinuedOperations": {}, "extraordinaryItems": {}, "effectOfAccountingCharges": {}, "otherItems": {}, "netIncome": 904000000, "netIncomeApplicableToCommonShares": 904000000}, {"maxAge": 1, "endDate": "2018-06-30", "totalRevenue": 7940800000, "costOfRevenue": 4318400000, "grossProfit": 3622400000, "researchDevelopment": {}, "sellingGeneralAdministrative": 1236100000, "nonRecurring": {}, "otherOperatingExpenses": 1347700000, "totalOperatingExpenses": 7183300000, "operatingIncome": 757500000, "totalOtherIncomeExpenseNet": -27500000, "ebit": 757500000, "interestExpense": -5000000, "incomeBeforeTax": 730000000, "incomeTaxExpense": 207400000, "minorityInterest": {}, "netIncomeFromContinuingOps": 522600000, "discontinuedOperations": {}, "extraordinaryItems": {}, "effectOfAccountingCharges": {}, "otherItems": {}, "netIncome": 522600000, "netIncomeApplicableToCommonShares": 522600000}, {"maxAge": 1, "endDate": "2017-06-30", "totalRevenue": 6528100000, "costOfRevenue": 3553600000, "grossProfit": 2974500000, "researchDevelopment": {}, "sellingGeneralAdministrative": 1255400000, "nonRecurring": {}, "otherOperatingExpenses": 1105400000, "totalOperatingExpenses": 6197000000, "operatingIncome": 331100000, "totalOtherIncomeExpenseNet": -27500000, "ebit": 331100000, "interestExpense": -5000000, "incomeBeforeTax": 303600000, "incomeTaxExpense": 59900000, "minorityInterest": {}, "netIncomeFromContinuingOps": 243700000, "discontinuedOperations": {}, "extraordinaryItems": {}, "effectOfAccountingCharges": {}, "otherItems": {}, "netIncome": 243700000, "netIncomeApplicableToCommonShares": 243700000}], "maxAge": 86400}, "fundOwnership": {"ownershipList": [], "maxAge": 1}, "summaryDetail": {"maxAge": 1, "priceHint": 2, "previousClose": 1062.0, "open": 1058.5, "dayLow": 1045.0, "dayHigh": 1065.65, "regularMarketPreviousClose": 1062.0, "regularMarketOpen": 1058.5, "regularMarketDayLow": 1045.0, "regularMarketDayHigh": 1065.65, "trailingPE": 67.898834, "forwardPE": 28.297297, "volume": 459, "regularMarketVolume": 459, "averageVolume": 1218, "averageVolume10days": 542, "averageDailyVolume10Day": 542, "bid": 1039.4, "ask": 1084.95, "bidSize": 0, "askSize": 0, "marketCap": 23011174400, "fiftyTwoWeekLow": 601.0, "fiftyTwoWeekHigh": 1065.65, "fiftyDayAverage": 888.647, "twoHundredDayAverage": 796.2585, "trailingAnnualDividendRate": 0.0, "trailingAnnualDividendYield": 0.0, "currency": "INR", "fromCurrency": null, "lastMarket": null, "algorithm": null, "tradeable": false}, "sectorTrend": {"maxAge": 1, "symbol": null, "estimates": []}, "incomeStatementHistoryQuarterly": {"incomeStatementHistory": [{"maxAge": 1, "endDate": "2020-06-30", "totalRevenue": 956000000, "costOfRevenue": 562000000, "grossProfit": 394000000, "researchDevelopment": {}, "sellingGeneralAdministrative": 262000000, "nonRecurring": {}, "otherOperatingExpenses": 259000000, "totalOperatingExpenses": 1179000000, "operatingIncome": -223000000, "totalOtherIncomeExpenseNet": 62000000, "ebit": -223000000, "interestExpense": -3000000, "incomeBeforeTax": -161000000, "incomeTaxExpense": -66000000, "minorityInterest": {}, "netIncomeFromContinuingOps": -95000000, "discontinuedOperations": {}, "extraordinaryItems": {}, "effectOfAccountingCharges": {}, "otherItems": {}, "netIncome": -95000000, "netIncomeApplicableToCommonShares": -95000000}, {"maxAge": 1, "endDate": "2020-03-31", "totalRevenue": 1839000000, "costOfRevenue": 1001000000, "grossProfit": 838000000, "researchDevelopment": {}, "sellingGeneralAdministrative": 290000000, "nonRecurring": {}, "otherOperatingExpenses": 328000000, "totalOperatingExpenses": 1708000000, "operatingIncome": 131000000, "totalOtherIncomeExpenseNet": 8000000, "ebit": 131000000, "interestExpense": -6000000, "incomeBeforeTax": 139000000, "incomeTaxExpense": 42000000, "minorityInterest": {}, "netIncomeFromContinuingOps": 97000000, "discontinuedOperations": {}, "extraordinaryItems": {}, "effectOfAccountingCharges": {}, "otherItems": {}, "netIncome": 97000000, "netIncomeApplicableToCommonShares": 97000000}, {"maxAge": 1, "endDate": "2019-12-31", "totalRevenue": 2082000000, "costOfRevenue": 1120000000, "grossProfit": 962000000, "researchDevelopment": {}, "sellingGeneralAdministrative": 312000000, "nonRecurring": {}, "otherOperatingExpenses": 363000000, "totalOperatingExpenses": 1879000000, "operatingIncome": 203000000, "totalOtherIncomeExpenseNet": -17000000, "ebit": 203000000, "interestExpense": -7000000, "incomeBeforeTax": 186000000, "incomeTaxExpense": 54000000, "minorityInterest": {}, "netIncomeFromContinuingOps": 132000000, "discontinuedOperations": {}, "extraordinaryItems": {}, "effectOfAccountingCharges": {}, "otherItems": {}, "netIncome": 132000000, "netIncomeApplicableToCommonShares": 132000000}, {"maxAge": 1, "endDate": "2019-09-30", "totalRevenue": 2173000000, "costOfRevenue": 1138000000, "grossProfit": 1035000000, "researchDevelopment": {}, "sellingGeneralAdministrative": 322000000, "nonRecurring": {}, "otherOperatingExpenses": 384000000, "totalOperatingExpenses": 1919000000, "operatingIncome": 254000000, "totalOtherIncomeExpenseNet": 3000000, "ebit": 254000000, "interestExpense": -3000000, "incomeBeforeTax": 257000000, "incomeTaxExpense": 52000000, "minorityInterest": {}, "netIncomeFromContinuingOps": 205000000, "discontinuedOperations": {}, "extraordinaryItems": {}, "effectOfAccountingCharges": {}, "otherItems": {}, "netIncome": 205000000, "netIncomeApplicableToCommonShares": 205000000}], "maxAge": 86400}, "cashflowStatementHistoryQuarterly": {"cashflowStatements": [{"maxAge": 1, "endDate": "2020-06-30", "netIncome": -95000000, "changeToLiabilities": 0}, {"maxAge": 1, "endDate": "2020-03-31", "netIncome": 97000000, "changeToLiabilities": 0}, {"maxAge": 1, "endDate": "2019-12-31", "netIncome": 132000000, "changeToLiabilities": 0}, {"maxAge": 1, "endDate": "2019-09-30", "netIncome": 205000000, "changeToLiabilities": 0}], "maxAge": 86400}, "insiderHolders": {"holders": [{"maxAge": 1, "name": "Kennametal Inc", "relation": "Promoter", "url": "", "transactionDescription": "Sale", "latestTransDate": "2013-03-18", "positionDirect": 5274840, "positionDirectDate": "2013-03-18"}], "maxAge": 1}, "earnings": {"maxAge": 86400, "earningsChart": {"quarterly": [{"date": "4Q2017", "actual": 4.99, "estimate": 4.49}, {"date": "3Q2018", "actual": 11.1, "estimate": 5.94}], "currentQuarterEstimateDate": "4Q", "currentQuarterEstimateYear": 2018, "earningsDate": []}, "financialsChart": {"yearly": [{"date": 2017, "revenue": 6528100000, "earnings": 243700000}, {"date": 2018, "revenue": 7940800000, "earnings": 522600000}, {"date": 2019, "revenue": 9462000000, "earnings": 904000000}, {"date": 2020, "revenue": 7050000000, "earnings": 339000000}], "quarterly": [{"date": "3Q2019", "revenue": 2173000000, "earnings": 205000000}, {"date": "4Q2019", "revenue": 2082000000, "earnings": 132000000}, {"date": "1Q2020", "revenue": 1839000000, "earnings": 97000000}, {"date": "2Q2020", "revenue": 956000000, "earnings": -95000000}]}, "financialCurrency": "INR"}, "calendarEvents": {"maxAge": 1, "earnings": {"earningsDate": []}}, "upgradeDowngradeHistory": {"history": [], "maxAge": 86400}, "price": {"maxAge": 1, "regularMarketChangePercent": -0.014124293, "regularMarketChange": -15.0, "regularMarketTime": "2021-04-30 15:24:54", "priceHint": 2, "regularMarketPrice": 1047.0, "regularMarketDayHigh": 1065.65, "regularMarketDayLow": 1045.0, "regularMarketVolume": 459, "averageDailyVolume10Day": 542, "averageDailyVolume3Month": 1218, "regularMarketPreviousClose": 1062.0, "regularMarketSource": "FREE_REALTIME", "regularMarketOpen": 1058.5, "exchange": "BSE", "exchangeName": "BSE", "exchangeDataDelayedBy": 0, "marketState": "CLOSED", "quoteType": "EQUITY", "symbol": "KENNAMET.BO", "underlyingSymbol": null, "shortName": "KENNAMETAL INDIA LTD.", "longName": "Kennametal India Limited", "currency": "INR", "quoteSourceName": "Delayed Quote", "currencySymbol": "\u20b9", "fromCurrency": null, "lastMarket": null, "marketCap": 23011174400}, "balanceSheetHistory": {"balanceSheetStatements": [{"maxAge": 1, "endDate": "2020-06-30", "cash": 447000000, "shortTermInvestments": 15000000, "netReceivables": 931000000, "inventory": 2062000000, "otherCurrentAssets": 118000000, "totalCurrentAssets": 3573000000, "propertyPlantEquipment": 2783000000, "intangibleAssets": 7000000, "otherAssets": 655000000, "deferredLongTermAssetCharges": 3000000, "totalAssets": 7018000000, "accountsPayable": 603000000, "otherCurrentLiab": 667000000, "otherLiab": 61000000, "totalCurrentLiabilities": 1400000000, "totalLiab": 1461000000, "commonStock": 220000000, "treasuryStock": 5337000000, "otherStockholderEquity": 5337000000, "totalStockholderEquity": 5557000000, "netTangibleAssets": 5550000000}, {"maxAge": 1, "endDate": "2019-06-30", "cash": 637000000, "shortTermInvestments": 7000000, "netReceivables": 1684000000, "inventory": 2091000000, "otherCurrentAssets": 136000000, "totalCurrentAssets": 4562000000, "longTermInvestments": 18000000, "propertyPlantEquipment": 2507000000, "intangibleAssets": 2000000, "otherAssets": 592000000, "deferredLongTermAssetCharges": 3000000, "totalAssets": 7663000000, "accountsPayable": 1254000000, "otherCurrentLiab": 638000000, "otherLiab": 74000000, "totalCurrentLiabilities": 2359000000, "totalLiab": 2433000000, "commonStock": 220000000, "retainedEarnings": 5005000000, "treasuryStock": 4000000, "capitalSurplus": 1000000, "otherStockholderEquity": 4000000, "totalStockholderEquity": 5230000000, "netTangibleAssets": 5228000000}, {"maxAge": 1, "endDate": "2018-06-30", "cash": 944800000, "netReceivables": 1296700000, "inventory": 1558700000, "otherCurrentAssets": 161600000, "totalCurrentAssets": 3982200000, "longTermInvestments": 5000000, "propertyPlantEquipment": 1749700000, "intangibleAssets": 1400000, "otherAssets": 475100000, "deferredLongTermAssetCharges": 68600000, "totalAssets": 6213400000, "accountsPayable": 1059000000, "otherCurrentLiab": 389600000, "otherLiab": 52800000, "totalCurrentLiabilities": 1773000000, "totalLiab": 1825800000, "commonStock": 219800000, "retainedEarnings": 4164200000, "treasuryStock": 2700000, "capitalSurplus": 900000, "otherStockholderEquity": 2700000, "totalStockholderEquity": 4387600000, "netTangibleAssets": 4386200000}, {"maxAge": 1, "endDate": "2017-06-30", "cash": 420400000, "shortTermInvestments": 500100000, "netReceivables": 1141500000, "inventory": 1072600000, "otherCurrentAssets": 190900000, "totalCurrentAssets": 3340400000, "longTermInvestments": 5000000, "propertyPlantEquipment": 1491500000, "otherAssets": 537400000, "deferredLongTermAssetCharges": 106800000, "totalAssets": 5374300000, "accountsPayable": 834300000, "otherCurrentLiab": 171900000, "otherLiab": 48300000, "totalCurrentLiabilities": 1386900000, "totalLiab": 1435200000, "commonStock": 219800000, "retainedEarnings": 3715200000, "treasuryStock": 3200000, "capitalSurplus": 900000, "otherStockholderEquity": 3200000, "totalStockholderEquity": 3939100000, "netTangibleAssets": 3939100000}], "maxAge": 86400}, "earningsTrend": {"trend": [{"maxAge": 1, "period": "0q", "endDate": "2018-12-31", "growth": {}, "earningsEstimate": {"avg": 0.0, "low": 0.0, "high": 0.0, "yearAgoEps": {}, "numberOfAnalysts": 0, "growth": {}}, "revenueEstimate": {"avg": 0, "low": 0, "high": 0, "numberOfAnalysts": 0, "yearAgoRevenue": {}, "growth": {}}, "epsTrend": {"current": 0.0, "7daysAgo": 0.0, "30daysAgo": 0.0, "60daysAgo": 0.0, "90daysAgo": 0.0}, "epsRevisions": {"upLast7days": 0, "upLast30days": 0, "downLast30days": 0, "downLast90days": {}}}, {"maxAge": 1, "period": "+1q", "endDate": "2019-03-31", "growth": {}, "earningsEstimate": {"avg": 0.0, "low": 0.0, "high": 0.0, "yearAgoEps": {}, "numberOfAnalysts": 0, "growth": {}}, "revenueEstimate": {"avg": 0, "low": 0, "high": 0, "numberOfAnalysts": 0, "yearAgoRevenue": {}, "growth": {}}, "epsTrend": {"current": 0.0, "7daysAgo": 0.0, "30daysAgo": 0.0, "60daysAgo": 0.0, "90daysAgo": 0.0}, "epsRevisions": {"upLast7days": 0, "upLast30days": 0, "downLast30days": 0, "downLast90days": {}}}, {"maxAge": 1, "period": "0y", "endDate": "2019-06-30", "growth": {}, "earningsEstimate": {"avg": 0.0, "low": 0.0, "high": 0.0, "yearAgoEps": {}, "numberOfAnalysts": 0, "growth": {}}, "revenueEstimate": {"avg": 8882940000, "low": 8882940000, "high": 8882940000, "numberOfAnalysts": 1, "yearAgoRevenue": 7931200000, "growth": 0.12}, "epsTrend": {"current": 0.0, "7daysAgo": 32.16, "30daysAgo": 32.16, "60daysAgo": 32.16, "90daysAgo": 32.16}, "epsRevisions": {"upLast7days": 0, "upLast30days": 0, "downLast30days": 0, "downLast90days": {}}}, {"maxAge": 1, "period": "+1y", "endDate": "2020-06-30", "growth": {}, "earningsEstimate": {"avg": 0.0, "low": 0.0, "high": 0.0, "yearAgoEps": {}, "numberOfAnalysts": 0, "growth": {}}, "revenueEstimate": {"avg": 10126600000, "low": 10126600000, "high": 10126600000, "numberOfAnalysts": 1, "yearAgoRevenue": 8882940000, "growth": 0.14}, "epsTrend": {"current": 0.0, "7daysAgo": 37.0, "30daysAgo": 37.0, "60daysAgo": 37.0, "90daysAgo": 37.0}, "epsRevisions": {"upLast7days": 0, "upLast30days": 0, "downLast30days": 0, "downLast90days": {}}}, {"maxAge": 1, "period": "+5y", "endDate": null, "growth": {}, "earningsEstimate": {"avg": {}, "low": {}, "high": {}, "yearAgoEps": {}, "numberOfAnalysts": {}, "growth": {}}, "revenueEstimate": {"avg": {}, "low": {}, "high": {}, "numberOfAnalysts": {}, "yearAgoRevenue": {}, "growth": {}}, "epsTrend": {"current": {}, "7daysAgo": {}, "30daysAgo": {}, "60daysAgo": {}, "90daysAgo": {}}, "epsRevisions": {"upLast7days": {}, "upLast30days": {}, "downLast30days": {}, "downLast90days": {}}}, {"maxAge": 1, "period": "-5y", "endDate": null, "growth": {}, "earningsEstimate": {"avg": {}, "low": {}, "high": {}, "yearAgoEps": {}, "numberOfAnalysts": {}, "growth": {}}, "revenueEstimate": {"avg": {}, "low": {}, "high": {}, "numberOfAnalysts": {}, "yearAgoRevenue": {}, "growth": {}}, "epsTrend": {"current": {}, "7daysAgo": {}, "30daysAgo": {}, "60daysAgo": {}, "90daysAgo": {}}, "epsRevisions": {"upLast7days": {}, "upLast30days": {}, "downLast30days": {}, "downLast90days": {}}}], "maxAge": 1}, "financialData": {"maxAge": 86400, "currentPrice": 1047.0, "recommendationKey": "none", "grossProfits": 3229000000, "financialCurrency": "INR"}}}