{"KENNAMET.NS": {"assetProfile": {"address1": "8/9th Mile", "address2": "Tumkur Road", "city": "Bengaluru", "zip": "560073", "country": "India", "phone": "91 80 2839 4321", "fax": "91 80 2839 7572", "website": "http://www.kennametal.com", "industry": "Tools & Accessories", "sector": "Industrials", "longBusinessSummary": "Kennametal India Limited, together with its subsidiary, manufactures and trades in hard metal products and machine tools in India, Europe, the United States, China, and internationally. It operates through two segments, Hard Metal Products and Machining Solutions Group. The company offers metalworking and metal cutting tools for milling, drilling, turning, and tooling system applications; products for surface and underground mining, such as drums, blocks, picks, and wear solutions; and drums and block systems, cutting teeth products, blades, wear protection products, track pads and tire-and-wheel assemblies, road rehabilitation products, foundation drilling cutting tools, and trenching products for construction applications. It also provides engineered components, such as cemented tungsten carbide products, cladding components, Stellite components, and Densalloy tungsten heavy alloys; and powdered materials and equipment, including tungsten, tungsten carbide, ready-to-press carbide grade, and thermal spray powders, as well as specialty alloys and services. In addition, the company offers tungsten and tungsten carbide wear components; and ceramics products. It serves manufactures, metalworking suppliers, machinery operators, and processors in the aerospace, earthworks, energy, transportation, general engineering, machine tool, and other industries under the Kennametal and Widia brand names. The company was founded in 1938 and is based in Bengaluru, India. Kennametal India Limited operates as a subsidiary of Meturit AG.", "fullTimeEmployees": 756, "companyOfficers": [{"maxAge": 1, "name": "Mr. K. V. Suresh Reddy", "title": "Chief Financial Officer", "fiscalYear": 2020, "totalPay": 7000000, "exercisedValue": 0, "unexercisedValue": 0}, {"maxAge": 1, "name": "Mr. Vijaykrishnan  Venkatesan", "age": 46, "title": "MD & Director", "yearBorn": 1974, "exercisedValue": 0, "unexercisedValue": 0}, {"maxAge": 1, "name": "Mr. Naveen Chandra Prakash", "title": "GM of Legal, Company Sec. & Compliance Officer", "exercisedValue": 0, "unexercisedValue": 0}, {"maxAge": 1, "name": "Mr. Manu  Kidave", "title": "Gen. Mang. of HR", "exercisedValue": 0, "unexercisedValue": 0}], "compensationAsOfEpochDate": "2020-12-31 05:30:00", "maxAge": 86400}, "cashflowStatementHistory": {"cashflowStatements": [{"maxAge": 1, "endDate": "2020-06-30", "netIncome": 339000000, "depreciation": 343000000, "changeToNetincome": -67000000, "changeToAccountReceivables": 766000000, "changeToLiabilities": 0, "changeToInventory": 29000000, "changeToOperatingActivities": -1075000000, "totalCashFromOperatingActivities": 336000000, "capitalExpenditures": -579000000, "otherCashflowsFromInvestingActivities": 42000000, "totalCashflowsFromInvestingActivities": -537000000, "dividendsPaid": -1000000, "netBorrowings": 30000000, "otherCashflowsFromFinancingActivities": -19000000, "totalCashFromFinancingActivities": 10000000, "changeInCash": -191000000}, {"maxAge": 1, "endDate": "2019-06-30", "netIncome": 904000000, "depreciation": 279000000, "changeToNetincome": -26000000, "changeToAccountReceivables": -193000000, "changeToLiabilities": 0, "changeToInventory": -533000000, "changeToOperatingActivities": 276000000, "totalCashFromOperatingActivities": 708000000, "capitalExpenditures": -1119000000, "investments": 5000000, "otherCashflowsFromInvestingActivities": 45000000, "totalCashflowsFromInvestingActivities": -1057000000, "dividendsPaid": -45000000, "netBorrowings": 100000000, "otherCashflowsFromFinancingActivities": -14000000, "totalCashFromFinancingActivities": 41000000, "changeInCash": -308000000}, {"maxAge": 1, "endDate": "2018-06-30", "netIncome": 522600000, "depreciation": 280900000, "changeToNetincome": 309700000, "changeToAccountReceivables": -204500000, "changeToLiabilities": 0, "changeToInventory": -486100000, "changeToOperatingActivities": 222600000, "totalCashFromOperatingActivities": 645400000, "capitalExpenditures": -603000000, "investments": 5000000, "otherCashflowsFromInvestingActivities": 31400000, "totalCashflowsFromInvestingActivities": -568300000, "dividendsPaid": -44000000, "netBorrowings": 100000000, "otherCashflowsFromFinancingActivities": -8800000, "totalCashFromFinancingActivities": -52800000, "changeInCash": 24300000}, {"maxAge": 1, "endDate": "2017-06-30", "netIncome": 243700000, "depreciation": 282600000, "changeToNetincome": 81500000, "changeToAccountReceivables": 65700000, "changeToLiabilities": 0, "changeToInventory": 60400000, "changeToOperatingActivities": 37700000, "totalCashFromOperatingActivities": 771600000, "capitalExpenditures": -502800000, "investments": 5000000, "otherCashflowsFromInvestingActivities": 52900000, "totalCashflowsFromInvestingActivities": -445900000, "dividendsPaid": -44100000, "netBorrowings": 100000000, "otherCashflowsFromFinancingActivities": -8900000, "totalCashFromFinancingActivities": -53000000, "changeInCash": 272700000}], "maxAge": 86400}, "institutionOwnership": {"maxAge": 1, "ownershipList": []}, "majorHoldersBreakdown": {"maxAge": 1, "insidersPercentHeld": 0.75105006, "institutionsPercentHeld": 0.13139, "institutionsFloatPercentHeld": 0.52779, "institutionsCount": 5}, "balanceSheetHistoryQuarterly": {"balanceSheetStatements": [{"maxAge": 1, "endDate": "2020-12-31", "cash": 932000000, "shortTermInvestments": 45000000, "netReceivables": 1287000000, "inventory": 1708000000, "otherCurrentAssets": 68000000, "totalCurrentAssets": 4040000000, "longTermInvestments": 20000000, "propertyPlantEquipment": 2790000000, "intangibleAssets": 7000000, "otherAssets": 493000000, "deferredLongTermAssetCharges": 3000000, "totalAssets": 7350000000, "accountsPayable": 829000000, "otherCurrentLiab": 594000000, "otherLiab": 64000000, "totalCurrentLiabilities": 1423000000, "totalLiab": 1487000000, "commonStock": 220000000, "treasuryStock": 5643000000, "otherStockholderEquity": 5643000000, "totalStockholderEquity": 5863000000, "netTangibleAssets": 5856000000}, {"maxAge": 1, "endDate": "2020-09-30", "totalStockholderEquity": 5557000000, "netTangibleAssets": 5550000000}, {"maxAge": 1, "endDate": "2020-06-30", "cash": 446000000, "netReceivables": 945000000, "inventory": 2062000000, "otherCurrentAssets": 106000000, "totalCurrentAssets": 3573000000, "longTermInvestments": 3000000, "propertyPlantEquipment": 2783000000, "intangibleAssets": 7000000, "otherAssets": 652000000, "deferredLongTermAssetCharges": 3000000, "totalAssets": 7018000000, "accountsPayable": 568000000, "otherCurrentLiab": 415000000, "otherLiab": 61000000, "totalCurrentLiabilities": 1400000000, "totalLiab": 1461000000, "commonStock": 220000000, "retainedEarnings": 5334000000, "treasuryStock": 2000000, "capitalSurplus": 1000000, "otherStockholderEquity": 2000000, "totalStockholderEquity": 5557000000, "netTangibleAssets": 5550000000}, {"maxAge": 1, "endDate": "2020-03-31", "totalStockholderEquity": 5557000000, "netTangibleAssets": 5556000000}], "maxAge": 86400}, "indexTrend": {"maxAge": 1, "symbol": "SP5", "peRatio": 19.7411, "pegRatio": 1.34172, "estimates": [{"period": "0q", "growth": 0.549}, {"period": "+1q", "growth": 0.431}, {"period": "0y", "growth": 0.305}, {"period": "+1y", "growth": 0.109}, {"period": "+5y", "growth": 0.120865}, {"period": "-5y"}]}, "defaultKeyStatistics": {"maxAge": 1, "priceHint": 2, "enterpriseValue": 22549606400, "profitMargins": 0.04305, "floatShares": 5176095, "sharesOutstanding": 21978200, "heldPercentInsiders": 0.75105006, "heldPercentInstitutions": 0.13139, "beta": 0.804933, "category": null, "bookValue": 266.764, "priceToBook": 3.931565, "fundFamily": null, "legalType": null, "lastFiscalYearEnd": "2020-06-30 05:30:00", "nextFiscalYearEnd": "2022-06-30 05:30:00", "mostRecentQuarter": "2020-12-31 05:30:00", "earningsQuarterlyGrowth": 0.25, "netIncomeToCommon": 299000000, "trailingEps": 13.598, "lastSplitFactor": null, "enterpriseToRevenue": 3.247, "enterpriseToEbitda": 31.76, "52WeekChange": 0.5163739, "SandP52WeekChange": 0.48148263}, "summaryProfile": {"address1": "8/9th Mile", "address2": "Tumkur Road", "city": "Bengaluru", "zip": "560073", "country": "India", "phone": "91 80 2839 4321", "fax": "91 80 2839 7572", "website": "http://www.kennametal.com", "industry": "Tools & Accessories", "sector": "Industrials", "longBusinessSummary": "Kennametal India Limited, together with its subsidiary, manufactures and trades in hard metal products and machine tools in India, Europe, the United States, China, and internationally. It operates through two segments, Hard Metal Products and Machining Solutions Group. The company offers metalworking and metal cutting tools for milling, drilling, turning, and tooling system applications; products for surface and underground mining, such as drums, blocks, picks, and wear solutions; and drums and block systems, cutting teeth products, blades, wear protection products, track pads and tire-and-wheel assemblies, road rehabilitation products, foundation drilling cutting tools, and trenching products for construction applications. It also provides engineered components, such as cemented tungsten carbide products, cladding components, Stellite components, and Densalloy tungsten heavy alloys; and powdered materials and equipment, including tungsten, tungsten carbide, ready-to-press carbide grade, and thermal spray powders, as well as specialty alloys and services. In addition, the company offers tungsten and tungsten carbide wear components; and ceramics products. It serves manufactures, metalworking suppliers, machinery operators, and processors in the aerospace, earthworks, energy, transportation, general engineering, machine tool, and other industries under the Kennametal and Widia brand names. The company was founded in 1938 and is based in Bengaluru, India. Kennametal India Limited operates as a subsidiary of Meturit AG.", "fullTimeEmployees": 756, "companyOfficers": [], "maxAge": 86400}, "netSharePurchaseActivity": {"maxAge": 1, "period": "6m", "buyInfoCount": 0, "buyInfoShares": 0, "sellInfoCount": 0, "netInfoCount": 0, "netInfoShares": 0, "netPercentInsiderShares": 0.0, "totalInsiderShares": 16506758}, "insiderTransactions": {"transactions": [{"maxAge": 1, "shares": 2892333, "filerUrl": "", "transactionText": "", "filerName": "Kennametal Inc", "filerRelation": "Promoter", "moneyText": "", "startDate": "2013-03-18", "ownership": "D"}], "maxAge": 1}, "quoteType": {"exchange": "NSI", "quoteType": "EQUITY", "symbol": "KENNAMET.NS", "underlyingSymbol": "KENNAMET.NS", "shortName": "KENNAMETAL INDIA L", "longName": "Kennametal India Limited", "firstTradeDateEpochUtc": "2019-08-19 09:15:00", "timeZoneFullName": "Asia/Kolkata", "timeZoneShortName": "IST", "uuid": "5c621e26-d132-3f1a-a7d4-c084950816e1", "messageBoardId": "finmb_9845746", "gmtOffSetMilliseconds": 19800000, "maxAge": 1}, "incomeStatementHistory": {"incomeStatementHistory": [{"maxAge": 1, "endDate": "2020-06-30", "totalRevenue": 7061000000, "costOfRevenue": 3908000000, "grossProfit": 3153000000, "researchDevelopment": {}, "sellingGeneralAdministrative": 1226000000, "nonRecurring": {}, "otherOperatingExpenses": 1186000000, "totalOperatingExpenses": 6664000000, "operatingIncome": 397000000, "totalOtherIncomeExpenseNet": -9000000, "ebit": 397000000, "interestExpense": -19000000, "incomeBeforeTax": 388000000, "incomeTaxExpense": 49000000, "minorityInterest": {}, "netIncomeFromContinuingOps": 339000000, "discontinuedOperations": {}, "extraordinaryItems": {}, "effectOfAccountingCharges": {}, "otherItems": {}, "netIncome": 339000000, "netIncomeApplicableToCommonShares": 339000000}, {"maxAge": 1, "endDate": "2019-06-30", "totalRevenue": 9462000000, "costOfRevenue": 5111000000, "grossProfit": 4351000000, "researchDevelopment": {}, "sellingGeneralAdministrative": 1415000000, "nonRecurring": {}, "otherOperatingExpenses": 1452000000, "totalOperatingExpenses": 8258000000, "operatingIncome": 1204000000, "totalOtherIncomeExpenseNet": 68000000, "ebit": 1204000000, "interestExpense": -5000000, "incomeBeforeTax": 1272000000, "incomeTaxExpense": 368000000, "minorityInterest": {}, "netIncomeFromContinuingOps": 904000000, "discontinuedOperations": {}, "extraordinaryItems": {}, "effectOfAccountingCharges": {}, "otherItems": {}, "netIncome": 904000000, "netIncomeApplicableToCommonShares": 904000000}, {"maxAge": 1, "endDate": "2018-06-30", "totalRevenue": 7940800000, "costOfRevenue": 4318400000, "grossProfit": 3622400000, "researchDevelopment": {}, "sellingGeneralAdministrative": 1236100000, "nonRecurring": {}, "otherOperatingExpenses": 1347700000, "totalOperatingExpenses": 7183300000, "operatingIncome": 757500000, "totalOtherIncomeExpenseNet": -27500000, "ebit": 757500000, "interestExpense": -5000000, "incomeBeforeTax": 730000000, "incomeTaxExpense": 207400000, "minorityInterest": {}, "netIncomeFromContinuingOps": 522600000, "discontinuedOperations": {}, "extraordinaryItems": {}, "effectOfAccountingCharges": {}, "otherItems": {}, "netIncome": 522600000, "netIncomeApplicableToCommonShares": 522600000}, {"maxAge": 1, "endDate": "2017-06-30", "totalRevenue": 6528100000, "costOfRevenue": 3553600000, "grossProfit": 2974500000, "researchDevelopment": {}, "sellingGeneralAdministrative": 1255400000, "nonRecurring": {}, "otherOperatingExpenses": 1105400000, "totalOperatingExpenses": 6197000000, "operatingIncome": 331100000, "totalOtherIncomeExpenseNet": -27500000, "ebit": 331100000, "interestExpense": -5000000, "incomeBeforeTax": 303600000, "incomeTaxExpense": 59900000, "minorityInterest": {}, "netIncomeFromContinuingOps": 243700000, "discontinuedOperations": {}, "extraordinaryItems": {}, "effectOfAccountingCharges": {}, "otherItems": {}, "netIncome": 243700000, "netIncomeApplicableToCommonShares": 243700000}], "maxAge": 86400}, "fundOwnership": {"maxAge": 1, "ownershipList": []}, "summaryDetail": {"maxAge": 1, "priceHint": 2, "previousClose": 1070.45, "open": 1065.3, "dayLow": 1041.0, "dayHigh": 1080.0, "regularMarketPreviousClose": 1070.45, "regularMarketOpen": 1065.3, "regularMarketDayLow": 1041.0, "regularMarketDayHigh": 1080.0, "payoutRatio": 0.0, "beta": 0.804933, "trailingPE": 77.129, "volume": 1601, "regularMarketVolume": 1601, "averageVolume": 12699, "averageVolume10days": 3298, "averageDailyVolume10Day": 3298, "bid": 0.0, "ask": 0.0, "marketCap": 22868770816, "fiftyTwoWeekLow": 650.0, "fiftyTwoWeekHigh": 1240.0, "priceToSalesTrailing12Months": 3.2928395, "fiftyDayAverage": 1074.7264, "twoHundredDayAverage": 920.60034, "trailingAnnualDividendRate": 0.0, "trailingAnnualDividendYield": 0.0, "currency": "INR", "fromCurrency": null, "toCurrency": null, "lastMarket": null, "algorithm": null, "tradeable": false}, "incomeStatementHistoryQuarterly": {"incomeStatementHistory": [{"maxAge": 1, "endDate": "2020-12-31", "totalRevenue": 2168000000, "costOfRevenue": 1198000000, "grossProfit": 970000000, "researchDevelopment": {}, "sellingGeneralAdministrative": 301000000, "nonRecurring": {}, "otherOperatingExpenses": 357000000, "totalOperatingExpenses": 1951000000, "operatingIncome": 217000000, "totalOtherIncomeExpenseNet": 9000000, "ebit": 217000000, "interestExpense": -1000000, "incomeBeforeTax": 226000000, "incomeTaxExpense": 61000000, "minorityInterest": {}, "netIncomeFromContinuingOps": 165000000, "discontinuedOperations": {}, "extraordinaryItems": {}, "effectOfAccountingCharges": {}, "otherItems": {}, "netIncome": 165000000, "netIncomeApplicableToCommonShares": 165000000}, {"maxAge": 1, "endDate": "2020-09-30", "totalRevenue": 1971000000, "costOfRevenue": 1094000000, "grossProfit": 877000000, "researchDevelopment": {}, "sellingGeneralAdministrative": 293000000, "nonRecurring": {}, "otherOperatingExpenses": 310000000, "totalOperatingExpenses": 1793000000, "operatingIncome": 178000000, "totalOtherIncomeExpenseNet": 2000000, "ebit": 178000000, "interestExpense": -2000000, "incomeBeforeTax": 180000000, "incomeTaxExpense": 48000000, "minorityInterest": {}, "netIncomeFromContinuingOps": 132000000, "discontinuedOperations": {}, "extraordinaryItems": {}, "effectOfAccountingCharges": {}, "otherItems": {}, "netIncome": 132000000, "netIncomeApplicableToCommonShares": 132000000}, {"maxAge": 1, "endDate": "2020-06-30", "totalRevenue": 967000000, "costOfRevenue": 649000000, "grossProfit": 318000000, "researchDevelopment": {}, "sellingGeneralAdministrative": 302000000, "nonRecurring": {}, "otherOperatingExpenses": 111000000, "totalOperatingExpenses": 1158000000, "operatingIncome": -191000000, "totalOtherIncomeExpenseNet": -3000000, "ebit": -191000000, "interestExpense": -3000000, "incomeBeforeTax": -194000000, "incomeTaxExpense": -99000000, "minorityInterest": {}, "netIncomeFromContinuingOps": -95000000, "discontinuedOperations": {}, "extraordinaryItems": {}, "effectOfAccountingCharges": {}, "otherItems": {}, "netIncome": -95000000, "netIncomeApplicableToCommonShares": -95000000}, {"maxAge": 1, "endDate": "2020-03-31", "totalRevenue": 1839000000, "costOfRevenue": 1001000000, "grossProfit": 838000000, "researchDevelopment": {}, "sellingGeneralAdministrative": 290000000, "nonRecurring": {}, "otherOperatingExpenses": 328000000, "totalOperatingExpenses": 1708000000, "operatingIncome": 131000000, "totalOtherIncomeExpenseNet": 8000000, "ebit": 131000000, "interestExpense": -6000000, "incomeBeforeTax": 139000000, "incomeTaxExpense": 42000000, "minorityInterest": {}, "netIncomeFromContinuingOps": 97000000, "discontinuedOperations": {}, "extraordinaryItems": {}, "effectOfAccountingCharges": {}, "otherItems": {}, "netIncome": 97000000, "netIncomeApplicableToCommonShares": 97000000}], "maxAge": 86400}, "cashflowStatementHistoryQuarterly": {"cashflowStatements": [{"maxAge": 1, "endDate": "2020-12-31", "netIncome": 165000000, "changeToLiabilities": 0}, {"maxAge": 1, "endDate": "2020-09-30", "netIncome": 132000000, "changeToLiabilities": 0}, {"maxAge": 1, "endDate": "2020-06-30", "netIncome": -95000000, "changeToLiabilities": 0}, {"maxAge": 1, "endDate": "2020-03-31", "netIncome": 97000000, "changeToLiabilities": 0}], "maxAge": 86400}, "insiderHolders": {"holders": [{"maxAge": 1, "name": "Kennametal Inc", "relation": "Promoter", "url": "", "transactionDescription": "Sale", "latestTransDate": "2013-03-18", "positionDirect": 5274840, "positionDirectDate": "2013-03-18"}], "maxAge": 1}, "calendarEvents": {"maxAge": 1, "earnings": {"earningsDate": []}}, "price": {"maxAge": 1, "regularMarketChangePercent": -0.020225048, "regularMarketChange": -21.649902, "regularMarketTime": "2021-04-30 15:29:58", "priceHint": 2, "regularMarketPrice": 1048.8, "regularMarketDayHigh": 1080.0, "regularMarketDayLow": 1041.0, "regularMarketVolume": 1601, "averageDailyVolume10Day": 3298, "averageDailyVolume3Month": 12699, "regularMarketPreviousClose": 1070.45, "regularMarketSource": "FREE_REALTIME", "regularMarketOpen": 1065.3, "exchange": "NSI", "exchangeName": "NSE", "exchangeDataDelayedBy": 15, "marketState": "CLOSED", "quoteType": "EQUITY", "symbol": "KENNAMET.NS", "underlyingSymbol": null, "shortName": "KENNAMETAL INDIA L", "longName": "Kennametal India Limited", "currency": "INR", "quoteSourceName": "Delayed Quote", "currencySymbol": "\u20b9", "fromCurrency": null, "toCurrency": null, "lastMarket": null, "marketCap": 22868770816}, "balanceSheetHistory": {"balanceSheetStatements": [{"maxAge": 1, "endDate": "2020-06-30", "cash": 446000000, "netReceivables": 945000000, "inventory": 2062000000, "otherCurrentAssets": 106000000, "totalCurrentAssets": 3573000000, "longTermInvestments": 3000000, "propertyPlantEquipment": 2783000000, "intangibleAssets": 7000000, "otherAssets": 652000000, "deferredLongTermAssetCharges": 3000000, "totalAssets": 7018000000, "accountsPayable": 568000000, "otherCurrentLiab": 415000000, "otherLiab": 61000000, "totalCurrentLiabilities": 1400000000, "totalLiab": 1461000000, "commonStock": 220000000, "retainedEarnings": 5334000000, "treasuryStock": 2000000, "capitalSurplus": 1000000, "otherStockholderEquity": 2000000, "totalStockholderEquity": 5557000000, "netTangibleAssets": 5550000000}, {"maxAge": 1, "endDate": "2019-06-30", "cash": 637000000, "shortTermInvestments": 7000000, "netReceivables": 1684000000, "inventory": 2091000000, "otherCurrentAssets": 136000000, "totalCurrentAssets": 4562000000, "longTermInvestments": 18000000, "propertyPlantEquipment": 2508000000, "intangibleAssets": 1000000, "otherAssets": 592000000, "deferredLongTermAssetCharges": 3000000, "totalAssets": 7663000000, "accountsPayable": 1258000000, "otherCurrentLiab": 633000000, "otherLiab": 75000000, "totalCurrentLiabilities": 2358000000, "totalLiab": 2433000000, "commonStock": 220000000, "retainedEarnings": 5005000000, "treasuryStock": 4000000, "capitalSurplus": 1000000, "otherStockholderEquity": 4000000, "totalStockholderEquity": 5230000000, "netTangibleAssets": 5229000000}, {"maxAge": 1, "endDate": "2018-06-30", "cash": 944800000, "netReceivables": 1296700000, "inventory": 1558700000, "otherCurrentAssets": 161600000, "totalCurrentAssets": 3982200000, "longTermInvestments": 5000000, "propertyPlantEquipment": 1749700000, "intangibleAssets": 1400000, "otherAssets": 475100000, "deferredLongTermAssetCharges": 68600000, "totalAssets": 6213400000, "accountsPayable": 1059000000, "otherCurrentLiab": 389600000, "otherLiab": 52800000, "totalCurrentLiabilities": 1773000000, "totalLiab": 1825800000, "commonStock": 219800000, "retainedEarnings": 4164200000, "treasuryStock": 2700000, "capitalSurplus": 900000, "otherStockholderEquity": 2700000, "totalStockholderEquity": 4387600000, "netTangibleAssets": 4386200000}, {"maxAge": 1, "endDate": "2017-06-30", "cash": 420400000, "shortTermInvestments": 500100000, "netReceivables": 1141500000, "inventory": 1072600000, "otherCurrentAssets": 190900000, "totalCurrentAssets": 3340400000, "longTermInvestments": 5000000, "propertyPlantEquipment": 1491500000, "otherAssets": 537400000, "deferredLongTermAssetCharges": 106800000, "totalAssets": 5374300000, "accountsPayable": 834300000, "otherCurrentLiab": 171900000, "otherLiab": 48300000, "totalCurrentLiabilities": 1386900000, "totalLiab": 1435200000, "commonStock": 219800000, "retainedEarnings": 3715200000, "treasuryStock": 3200000, "capitalSurplus": 900000, "otherStockholderEquity": 3200000, "totalStockholderEquity": 3939100000, "netTangibleAssets": 3939100000}], "maxAge": 86400}, "financialData": {"maxAge": 86400, "currentPrice": 1048.8, "recommendationKey": "none", "totalCash": 977000000, "totalCashPerShare": 44.453, "ebitda": 710000000, "totalDebt": 0, "quickRatio": 1.589, "currentRatio": 2.839, "totalRevenue": 6944999936, "revenuePerShare": 315.838, "returnOnAssets": 0.028250001, "returnOnEquity": 0.052360002, "grossProfits": 3153000000, "freeCashflow": 608875008, "operatingCashflow": 970000000, "earningsGrowth": 0.249, "revenueGrowth": 0.041, "grossMargins": 0.43240002, "ebitdaMargins": 0.10223, "operatingMargins": 0.04824, "profitMargins": 0.04305, "financialCurrency": "INR"}}}