{"KERALAYUR.BO": {"cashflowStatementHistory": {"cashflowStatements": [{"maxAge": 1, "endDate": "2020-03-31", "netIncome": 38973293, "depreciation": 10162739, "changeToNetincome": 22566881, "changeToAccountReceivables": -38128054, "changeToLiabilities": 20727424, "changeToInventory": -12495059, "changeToOperatingActivities": 6815362, "totalCashFromOperatingActivities": 49894656, "capitalExpenditures": -33469868, "otherCashflowsFromInvestingActivities": -6786100, "totalCashflowsFromInvestingActivities": -40255968, "netBorrowings": 23968453, "otherCashflowsFromFinancingActivities": -15474946, "totalCashFromFinancingActivities": 8493507, "changeInCash": 18132194}, {"maxAge": 1, "endDate": "2019-03-31", "netIncome": 24446065, "depreciation": 9817490, "changeToNetincome": -57494876, "changeToAccountReceivables": -14560086, "changeToLiabilities": 7650730, "changeToInventory": -11315643, "changeToOperatingActivities": 164372986, "totalCashFromOperatingActivities": 122916666, "capitalExpenditures": -24625327, "otherCashflowsFromInvestingActivities": -5025280, "totalCashflowsFromInvestingActivities": -29048961, "netBorrowings": -91236175, "otherCashflowsFromFinancingActivities": -24282298, "totalCashFromFinancingActivities": -115518473, "changeInCash": -21650769}, {"maxAge": 1, "endDate": "2018-03-31", "netIncome": 28082669, "depreciation": 18318674, "changeToNetincome": 6141250, "changeToAccountReceivables": -6346529, "changeToLiabilities": -368171, "changeToInventory": -7660885, "changeToOperatingActivities": -139530878, "totalCashFromOperatingActivities": -101363870, "capitalExpenditures": -54871513, "otherCashflowsFromInvestingActivities": 24115356, "totalCashflowsFromInvestingActivities": -30695309, "netBorrowings": 187096155, "otherCashflowsFromFinancingActivities": -18660985, "totalCashFromFinancingActivities": 168435170, "changeInCash": 36375990}, {"maxAge": 1, "endDate": "2017-03-31", "netIncome": 30589187, "depreciation": 17056019, "changeToNetincome": 7763273, "changeToAccountReceivables": -6156670, "changeToLiabilities": 735035, "changeToInventory": -4846420, "changeToOperatingActivities": -2309820, "totalCashFromOperatingActivities": 43520090, "capitalExpenditures": -18826478, "investments": -10350, "otherCashflowsFromInvestingActivities": 1446910, "totalCashflowsFromInvestingActivities": -33502249, "netBorrowings": 13538507, "otherCashflowsFromFinancingActivities": -12238880, "totalCashFromFinancingActivities": 1299627, "changeInCash": 11317469}], "maxAge": 86400}, "institutionOwnership": {"maxAge": 1, "ownershipList": []}, "balanceSheetHistoryQuarterly": {"balanceSheetStatements": [{"maxAge": 1, "endDate": "2020-06-30", "totalStockholderEquity": 79250000, "netTangibleAssets": -30365000}, {"maxAge": 1, "endDate": "2020-03-31", "cash": 63673319, "netReceivables": 107083736, "inventory": 128303157, "otherCurrentAssets": 29511368, "totalCurrentAssets": 329658304, "longTermInvestments": 1929837, "propertyPlantEquipment": 361143343, "goodWill": 102577168, "intangibleAssets": 2712135, "otherAssets": 231656614, "totalAssets": 1029677401, "accountsPayable": 66542003, "shortLongTermDebt": 269221, "otherCurrentLiab": 79859425, "longTermDebt": 524417415, "otherLiab": 102099487, "deferredLongTermLiab": 34505668, "minorityInterest": 18000643, "totalCurrentLiabilities": 305910268, "totalLiab": 932427170, "commonStock": 105556700, "retainedEarnings": -145363967, "treasuryStock": 4541879, "capitalSurplus": 114514976, "otherStockholderEquity": 4541879, "totalStockholderEquity": 79249588, "netTangibleAssets": -26039715}, {"maxAge": 1, "endDate": "2019-12-31", "totalStockholderEquity": 53605000, "netTangibleAssets": -51688000}, {"maxAge": 1, "endDate": "2019-09-30", "cash": 34945000, "netReceivables": 105923000, "inventory": 114371000, "otherCurrentAssets": 54831000, "totalCurrentAssets": 310070000, "longTermInvestments": 17943000, "propertyPlantEquipment": 370347000, "goodWill": 102577000, "intangibleAssets": 2716000, "otherAssets": 179826000, "totalAssets": 983479000, "accountsPayable": 70969000, "otherCurrentLiab": 121015000, "longTermDebt": 500139000, "otherLiab": 52998000, "minorityInterest": 16555000, "totalCurrentLiabilities": 360182000, "totalLiab": 913319000, "commonStock": 105557000, "treasuryStock": -51952000, "otherStockholderEquity": -51952000, "totalStockholderEquity": 53605000, "netTangibleAssets": -51688000}], "maxAge": 86400}, "indexTrend": {"maxAge": 1, "symbol": "SP5", "peRatio": 19.7411, "pegRatio": 1.34172, "estimates": [{"period": "0q", "growth": 0.549}, {"period": "+1q", "growth": 0.431}, {"period": "0y", "growth": 0.305}, {"period": "+1y", "growth": 0.109}, {"period": "+5y", "growth": 0.120859005}, {"period": "-5y"}]}, "insiderTransactions": {"transactions": [{"maxAge": 1, "shares": 144110, "filerUrl": "", "transactionText": "", "filerName": "Kumar (Anil K)", "filerRelation": "Director", "moneyText": "", "startDate": "2017-10-04", "ownership": "D"}, {"maxAge": 1, "shares": 9896, "filerUrl": "", "transactionText": "", "filerName": "Kumar (Anil K)", "filerRelation": "Director", "moneyText": "", "startDate": "2010-01-13", "ownership": "D"}], "maxAge": 1}, "quoteType": {"exchange": "BSE", "quoteType": "EQUITY", "symbol": "KERALAYUR.BO", "underlyingSymbol": "KERALAYUR.BO", "shortName": "KERALA AYURVEDA LTD.", "longName": "Kerala Ayurveda Limited", "firstTradeDateEpochUtc": "2002-07-01 09:15:00", "timeZoneFullName": "Asia/Kolkata", "timeZoneShortName": "IST", "uuid": "8d2b8e86-da4f-310e-863b-273bec6cbffb", "messageBoardId": null, "gmtOffSetMilliseconds": 19800000, "maxAge": 1}, "incomeStatementHistory": {"incomeStatementHistory": [{"maxAge": 1, "endDate": "2020-03-31", "totalRevenue": 767732788, "costOfRevenue": 161770481, "grossProfit": 605962307, "researchDevelopment": {}, "sellingGeneralAdministrative": 300274439, "nonRecurring": {}, "otherOperatingExpenses": 224519275, "totalOperatingExpenses": 697999004, "operatingIncome": 69733784, "totalOtherIncomeExpenseNet": -24358157, "ebit": 69733784, "interestExpense": -15474946, "incomeBeforeTax": 45375627, "incomeTaxExpense": 4842618, "minorityInterest": 18000643, "netIncomeFromContinuingOps": 40533009, "discontinuedOperations": {}, "extraordinaryItems": {}, "effectOfAccountingCharges": {}, "otherItems": {}, "netIncome": 38973293, "netIncomeApplicableToCommonShares": 38973293}, {"maxAge": 1, "endDate": "2019-03-31", "totalRevenue": 621859594, "costOfRevenue": 147075502, "grossProfit": 474784092, "researchDevelopment": {}, "sellingGeneralAdministrative": 249288316, "nonRecurring": {}, "otherOperatingExpenses": 178310601, "totalOperatingExpenses": 584491909, "operatingIncome": 37367685, "totalOtherIncomeExpenseNet": -6388081, "ebit": 37367685, "interestExpense": -24282297, "incomeBeforeTax": 30979604, "incomeTaxExpense": 5746520, "minorityInterest": 16440927, "netIncomeFromContinuingOps": 25233084, "discontinuedOperations": {}, "extraordinaryItems": {}, "effectOfAccountingCharges": {}, "otherItems": {}, "netIncome": 24446065, "netIncomeApplicableToCommonShares": 24446065}, {"maxAge": 1, "endDate": "2018-03-31", "totalRevenue": 588719868, "costOfRevenue": 120023738, "grossProfit": 468696130, "researchDevelopment": {}, "sellingGeneralAdministrative": 216525085, "nonRecurring": {}, "otherOperatingExpenses": 166725988, "totalOperatingExpenses": 521593485, "operatingIncome": 67126383, "totalOtherIncomeExpenseNet": -25461390, "ebit": 67126383, "interestExpense": -18660986, "incomeBeforeTax": 41664993, "incomeTaxExpense": 12870432, "minorityInterest": 15653908, "netIncomeFromContinuingOps": 28794561, "discontinuedOperations": {}, "extraordinaryItems": {}, "effectOfAccountingCharges": {}, "otherItems": {}, "netIncome": 28082669, "netIncomeApplicableToCommonShares": 28082669}, {"maxAge": 1, "endDate": "2017-03-31", "totalRevenue": 504125582, "costOfRevenue": 87129972, "grossProfit": 416995610, "researchDevelopment": {}, "sellingGeneralAdministrative": 188267066, "nonRecurring": {}, "otherOperatingExpenses": 157043095, "totalOperatingExpenses": 450185638, "operatingIncome": 53939944, "totalOtherIncomeExpenseNet": -12149745, "ebit": 53939944, "interestExpense": -12238880, "incomeBeforeTax": 41790199, "incomeTaxExpense": 9001786, "minorityInterest": 14942040, "netIncomeFromContinuingOps": 32788413, "discontinuedOperations": {}, "extraordinaryItems": {}, "effectOfAccountingCharges": {}, "otherItems": {}, "netIncome": 30589187, "netIncomeApplicableToCommonShares": 30589187}], "maxAge": 86400}, "fundOwnership": {"maxAge": 1, "ownershipList": []}, "summaryDetail": {"maxAge": 1, "priceHint": 2, "previousClose": 55.95, "open": 57.0, "dayLow": 53.9, "dayHigh": 57.0, "regularMarketPreviousClose": 55.95, "regularMarketOpen": 57.0, "regularMarketDayLow": 53.9, "regularMarketDayHigh": 57.0, "trailingPE": 32.6152, "volume": 24572, "regularMarketVolume": 24572, "averageVolume": 15796, "averageVolume10days": 15102, "averageDailyVolume10Day": 15102, "bid": 54.35, "ask": 54.6, "bidSize": 0, "askSize": 0, "marketCap": 575285632, "fiftyTwoWeekLow": 26.15, "fiftyTwoWeekHigh": 82.7, "fiftyDayAverage": 50.442646, "twoHundredDayAverage": 53.76691, "currency": "INR", "fromCurrency": null, "toCurrency": null, "lastMarket": null, "algorithm": null, "tradeable": false}, "incomeStatementHistoryQuarterly": {"incomeStatementHistory": [{"maxAge": 1, "endDate": "2020-06-30", "totalRevenue": 107638000, "costOfRevenue": 26778000, "grossProfit": 80860000, "researchDevelopment": {}, "sellingGeneralAdministrative": 36623000, "nonRecurring": {}, "otherOperatingExpenses": 37375000, "totalOperatingExpenses": 103948000, "operatingIncome": 3690000, "totalOtherIncomeExpenseNet": -10468000, "ebit": 3690000, "interestExpense": -10834000, "incomeBeforeTax": -6778000, "incomeTaxExpense": -4043000, "minorityInterest": {}, "netIncomeFromContinuingOps": -2735000, "discontinuedOperations": {}, "extraordinaryItems": {}, "effectOfAccountingCharges": {}, "otherItems": {}, "netIncome": -2418000, "netIncomeApplicableToCommonShares": -2418000}, {"maxAge": 1, "endDate": "2020-03-31", "totalRevenue": 224502788, "costOfRevenue": 45515481, "grossProfit": 178987307, "researchDevelopment": {}, "sellingGeneralAdministrative": 126772439, "nonRecurring": {}, "otherOperatingExpenses": 34503275, "totalOperatingExpenses": 210176004, "operatingIncome": 14326784, "totalOtherIncomeExpenseNet": -15028157, "ebit": 14326784, "interestExpense": -4925946, "incomeBeforeTax": -701373, "incomeTaxExpense": 4842618, "minorityInterest": 18000643, "netIncomeFromContinuingOps": -5543991, "discontinuedOperations": {}, "extraordinaryItems": {}, "effectOfAccountingCharges": {}, "otherItems": {}, "netIncome": -5601707, "netIncomeApplicableToCommonShares": -5601707}, {"maxAge": 1, "endDate": "2019-12-31", "totalRevenue": 190733000, "costOfRevenue": 46408000, "grossProfit": 144325000, "researchDevelopment": {}, "sellingGeneralAdministrative": 58868000, "nonRecurring": {}, "otherOperatingExpenses": 64659000, "totalOperatingExpenses": 172713000, "operatingIncome": 18020000, "totalOtherIncomeExpenseNet": -3119000, "ebit": 18020000, "interestExpense": -3519000, "incomeBeforeTax": 14901000, "incomeTaxExpense": 0, "minorityInterest": 18000643, "netIncomeFromContinuingOps": 14901000, "discontinuedOperations": {}, "extraordinaryItems": {}, "effectOfAccountingCharges": {}, "otherItems": {}, "netIncome": 14301000, "netIncomeApplicableToCommonShares": 14301000}, {"maxAge": 1, "endDate": "2019-09-30", "totalRevenue": 188721000, "costOfRevenue": 34933000, "grossProfit": 153788000, "researchDevelopment": {}, "sellingGeneralAdministrative": 62024000, "nonRecurring": {}, "otherOperatingExpenses": 66848000, "totalOperatingExpenses": 166769000, "operatingIncome": 21952000, "totalOtherIncomeExpenseNet": -2878000, "ebit": 21952000, "interestExpense": -3291000, "incomeBeforeTax": 19074000, "incomeTaxExpense": 0, "minorityInterest": 16555000, "netIncomeFromContinuingOps": 19074000, "discontinuedOperations": {}, "extraordinaryItems": {}, "effectOfAccountingCharges": {}, "otherItems": {}, "netIncome": 18305000, "netIncomeApplicableToCommonShares": 18305000}], "maxAge": 86400}, "cashflowStatementHistoryQuarterly": {"cashflowStatements": [{"maxAge": 1, "endDate": "2020-06-30", "netIncome": -2418000, "changeToLiabilities": 0}, {"maxAge": 1, "endDate": "2020-03-31", "netIncome": -5601707, "changeToLiabilities": 0}, {"maxAge": 1, "endDate": "2019-12-31", "netIncome": 14301000, "changeToLiabilities": 0}, {"maxAge": 1, "endDate": "2019-09-30", "netIncome": 18305000, "changeToLiabilities": 0}], "maxAge": 86400}, "insiderHolders": {"holders": [{"maxAge": 1, "name": "Kumar (Anil K)", "relation": "Director", "url": "", "transactionDescription": "Sale", "latestTransDate": "2017-10-04", "positionDirect": 200019, "positionDirectDate": "2017-10-04"}], "maxAge": 1}, "calendarEvents": {"maxAge": 1, "earnings": {"earningsDate": []}}, "price": {"maxAge": 1, "regularMarketChangePercent": -0.025916008, "regularMarketChange": -1.4500008, "regularMarketTime": "2021-04-30 15:29:40", "priceHint": 2, "regularMarketPrice": 54.5, "regularMarketDayHigh": 57.0, "regularMarketDayLow": 53.9, "regularMarketVolume": 24572, "averageDailyVolume10Day": 15102, "averageDailyVolume3Month": 15796, "regularMarketPreviousClose": 55.95, "regularMarketSource": "FREE_REALTIME", "regularMarketOpen": 57.0, "exchange": "BSE", "exchangeName": "BSE", "exchangeDataDelayedBy": 0, "marketState": "CLOSED", "quoteType": "EQUITY", "symbol": "KERALAYUR.BO", "underlyingSymbol": null, "shortName": "KERALA AYURVEDA LTD.", "longName": "Kerala Ayurveda Limited", "currency": "INR", "quoteSourceName": "Delayed Quote", "currencySymbol": "\u20b9", "fromCurrency": null, "toCurrency": null, "lastMarket": null, "marketCap": 575285632}, "balanceSheetHistory": {"balanceSheetStatements": [{"maxAge": 1, "endDate": "2020-03-31", "cash": 63673319, "netReceivables": 107083736, "inventory": 128303157, "otherCurrentAssets": 29511368, "totalCurrentAssets": 329658304, "longTermInvestments": 1929837, "propertyPlantEquipment": 361143343, "goodWill": 102577168, "intangibleAssets": 2712135, "otherAssets": 231656614, "totalAssets": 1029677401, "accountsPayable": 66542003, "shortLongTermDebt": 269221, "otherCurrentLiab": 79859425, "longTermDebt": 524417415, "otherLiab": 102099487, "deferredLongTermLiab": 34505668, "minorityInterest": 18000643, "totalCurrentLiabilities": 305910268, "totalLiab": 932427170, "commonStock": 105556700, "retainedEarnings": -145363967, "treasuryStock": 4541879, "capitalSurplus": 114514976, "otherStockholderEquity": 4541879, "totalStockholderEquity": 79249588, "netTangibleAssets": -26039715}, {"maxAge": 1, "endDate": "2019-03-31", "cash": 45541125, "netReceivables": 68955682, "inventory": 115808098, "otherCurrentAssets": 51791127, "totalCurrentAssets": 282899699, "longTermInvestments": 4955800, "propertyPlantEquipment": 343002970, "goodWill": 102577168, "intangibleAssets": 730952, "otherAssets": 188763423, "totalAssets": 922930012, "accountsPayable": 43697817, "shortLongTermDebt": 194097, "otherCurrentLiab": 77458006, "longTermDebt": 497679894, "otherLiab": 95646077, "deferredLongTermLiab": 2412675, "minorityInterest": 16440927, "totalCurrentLiabilities": 275896951, "totalLiab": 869222922, "commonStock": 105556700, "retainedEarnings": -187347392, "treasuryStock": 4541879, "capitalSurplus": 114514976, "otherStockholderEquity": 4541879, "totalStockholderEquity": 37266163, "netTangibleAssets": -66041957}, {"maxAge": 1, "endDate": "2018-03-31", "cash": 67191894, "netReceivables": 54395596, "inventory": 104492455, "otherCurrentAssets": 193596684, "totalCurrentAssets": 420300770, "longTermInvestments": 4757169, "propertyPlantEquipment": 327790240, "goodWill": 102577168, "intangibleAssets": 662661, "otherAssets": 173190758, "totalAssets": 1029278766, "accountsPayable": 38697911, "shortLongTermDebt": 366800, "otherCurrentLiab": 49619075, "longTermDebt": 428492525, "otherLiab": 52024647, "deferredLongTermLiab": 3104771, "minorityInterest": 15653908, "totalCurrentLiabilities": 454073009, "totalLiab": 934590181, "commonStock": 105556700, "retainedEarnings": -145578878, "treasuryStock": 4541879, "capitalSurplus": 114514976, "otherStockholderEquity": 4541879, "totalStockholderEquity": 79034677, "netTangibleAssets": -24205152}, {"maxAge": 1, "endDate": "2017-03-31", "cash": 30815904, "netReceivables": 48049067, "inventory": 96831571, "otherCurrentAssets": 41443553, "totalCurrentAssets": 217534803, "longTermInvestments": 4825423, "propertyPlantEquipment": 289842202, "goodWill": 102577168, "intangibleAssets": 850149, "otherAssets": 189846896, "totalAssets": 805476641, "accountsPayable": 34012492, "shortLongTermDebt": 906872, "otherCurrentLiab": 43768858, "longTermDebt": 201683392, "otherLiab": 38098121, "deferredLongTermLiab": 4313819, "minorityInterest": 14942040, "totalCurrentLiabilities": 481066198, "totalLiab": 720847711, "commonStock": 105556700, "retainedEarnings": -154926665, "treasuryStock": 4541879, "capitalSurplus": 114514976, "otherStockholderEquity": 4541879, "totalStockholderEquity": 69686890, "netTangibleAssets": -33740427}], "maxAge": 86400}, "financialData": {"maxAge": 86400, "currentPrice": 54.5, "recommendationKey": "none", "grossProfits": 605962307, "financialCurrency": "INR"}}}