{"KERNEX.BO": {"cashflowStatementHistory": {"cashflowStatements": [{"maxAge": 1, "endDate": "2020-03-31", "netIncome": 34220030, "depreciation": 17120993, "changeToNetincome": -107895649, "changeToAccountReceivables": 22480211, "changeToLiabilities": 3174096, "changeToInventory": 12128176, "changeToOperatingActivities": -93922399, "totalCashFromOperatingActivities": -112507520, "capitalExpenditures": -1127982, "otherCashflowsFromInvestingActivities": 8124054, "totalCashflowsFromInvestingActivities": 245285447, "otherCashflowsFromFinancingActivities": -58496312, "totalCashFromFinancingActivities": -58496312, "changeInCash": 74281616}, {"maxAge": 1, "endDate": "2019-03-31", "netIncome": -213298722, "depreciation": 20583197, "changeToNetincome": 101917109, "changeToAccountReceivables": 12197232, "changeToLiabilities": -12935162, "changeToInventory": -8604012, "changeToOperatingActivities": -151798169, "totalCashFromOperatingActivities": -251488884, "capitalExpenditures": -538108, "otherCashflowsFromInvestingActivities": 4740071, "totalCashflowsFromInvestingActivities": 286864463, "otherCashflowsFromFinancingActivities": -22622027, "totalCashFromFinancingActivities": -22622027, "changeInCash": 12753552}, {"maxAge": 1, "endDate": "2018-03-31", "netIncome": -147155207, "depreciation": 21955581, "changeToNetincome": 138697929, "changeToAccountReceivables": 37318319, "changeToLiabilities": -47084930, "changeToInventory": 2076422, "changeToOperatingActivities": 24260003, "totalCashFromOperatingActivities": 30574743, "capitalExpenditures": -3710642, "otherCashflowsFromInvestingActivities": 3227856, "totalCashflowsFromInvestingActivities": -282786, "otherCashflowsFromFinancingActivities": -24646577, "totalCashFromFinancingActivities": -24646577, "changeInCash": 5645380}, {"maxAge": 1, "endDate": "2017-03-31", "netIncome": -40499640, "depreciation": 25571846, "changeToNetincome": -219242412, "changeToAccountReceivables": 55511541, "changeToLiabilities": -71646840, "changeToInventory": 145837812, "changeToOperatingActivities": -150932824, "totalCashFromOperatingActivities": -255400517, "capitalExpenditures": -18158471, "otherCashflowsFromInvestingActivities": 4515546, "totalCashflowsFromInvestingActivities": 296357075, "netBorrowings": -37134085, "otherCashflowsFromFinancingActivities": -24646577, "totalCashFromFinancingActivities": -37134085, "changeInCash": 3822474}], "maxAge": 86400}, "institutionOwnership": {"ownershipList": [], "maxAge": 1}, "balanceSheetHistoryQuarterly": {"balanceSheetStatements": [{"maxAge": 1, "endDate": "2020-06-30", "totalStockholderEquity": 589739868, "netTangibleAssets": 589435514}, {"maxAge": 1, "endDate": "2020-03-31", "cash": 4966814, "shortTermInvestments": 20491989, "netReceivables": 130376481, "inventory": 12821823, "otherCurrentAssets": 180134734, "totalCurrentAssets": 348791841, "propertyPlantEquipment": 325983048, "intangibleAssets": 304354, "otherAssets": 114091159, "totalAssets": 789170402, "accountsPayable": 5568771, "shortLongTermDebt": 193681, "otherCurrentLiab": 7886313, "otherLiab": 33488030, "minorityInterest": 30424, "totalCurrentLiabilities": 165912076, "totalLiab": 199400106, "commonStock": 124996550, "treasuryStock": 464743322, "otherStockholderEquity": 464743322, "totalStockholderEquity": 589739872, "netTangibleAssets": 589435518}, {"maxAge": 1, "endDate": "2019-12-31", "totalStockholderEquity": 538271196, "netTangibleAssets": 538158222}, {"maxAge": 1, "endDate": "2019-09-30", "cash": 125622755, "netReceivables": 171814033, "inventory": 13540444, "otherCurrentAssets": 111256530, "totalCurrentAssets": 422233762, "longTermInvestments": 71518590, "propertyPlantEquipment": 417972189, "intangibleAssets": 112974, "otherAssets": 20892566, "totalAssets": 932730081, "accountsPayable": 42854201, "otherCurrentLiab": 24761185, "longTermDebt": 468418, "otherLiab": 88573982, "totalCurrentLiabilities": 305416485, "totalLiab": 394458885, "commonStock": 124996550, "treasuryStock": 413274646, "otherStockholderEquity": 413274646, "totalStockholderEquity": 538271196, "netTangibleAssets": 538158222}], "maxAge": 86400}, "indexTrend": {"maxAge": 1, "symbol": "SP5", "peRatio": 19.7411, "pegRatio": 1.34172, "estimates": [{"period": "0q", "growth": 0.549}, {"period": "+1q", "growth": 0.431}, {"period": "0y", "growth": 0.305}, {"period": "+1y", "growth": 0.109}, {"period": "+5y", "growth": 0.120865}, {"period": "-5y"}]}, "insiderTransactions": {"transactions": [{"maxAge": 1, "shares": 5113, "value": 1317, "filerUrl": "", "transactionText": "Acquisition at price 0.26 per share.", "filerName": "Kalidindi (Satyanarayana Raju)", "filerRelation": "UNREPORTED", "moneyText": "", "startDate": "2020-09-28", "ownership": "D"}, {"maxAge": 1, "shares": 18265, "value": 4632, "filerUrl": "", "transactionText": "Acquisition at price 0.25 per share.", "filerName": "Kalidindi (Satyanarayana Raju)", "filerRelation": "UNREPORTED", "moneyText": "", "startDate": "2020-09-16", "ownership": "D"}, {"maxAge": 1, "shares": 23418, "filerUrl": "", "transactionText": "", "filerName": "Kalidindi (Satyanarayana Raju)", "filerRelation": "UNREPORTED", "moneyText": "", "startDate": "2020-03-31", "ownership": "D"}, {"maxAge": 1, "shares": 35578, "filerUrl": "", "transactionText": "", "filerName": "Kalidindi (Satyanarayana Raju)", "filerRelation": "UNREPORTED", "moneyText": "", "startDate": "2020-03-27", "ownership": "D"}, {"maxAge": 1, "shares": 9000, "filerUrl": "", "transactionText": "", "filerName": "Kalidindi (Satyanarayana Raju)", "filerRelation": "UNREPORTED", "moneyText": "", "startDate": "2020-02-27", "ownership": "D"}, {"maxAge": 1, "shares": 3626, "filerUrl": "", "transactionText": "", "filerName": "Kalidindi (Satyanarayana Raju)", "filerRelation": "UNREPORTED", "moneyText": "", "startDate": "2020-02-24", "ownership": "D"}, {"maxAge": 1, "shares": 24290, "filerUrl": "", "transactionText": "", "filerName": "Kalidindi (Satyanarayana Raju)", "filerRelation": "Promoter", "moneyText": "", "startDate": "2020-02-12", "ownership": "D"}, {"maxAge": 1, "shares": 4210, "filerUrl": "", "transactionText": "", "filerName": "Kalidindi (Satyanarayana Raju)", "filerRelation": "UNREPORTED", "moneyText": "", "startDate": "2019-12-10", "ownership": "D"}, {"maxAge": 1, "shares": 1200, "filerUrl": "", "transactionText": "", "filerName": "Kalidindi (Satyanarayana Raju)", "filerRelation": "UNREPORTED", "moneyText": "", "startDate": "2019-12-06", "ownership": "D"}, {"maxAge": 1, "shares": 10514, "filerUrl": "", "transactionText": "", "filerName": "Kalidindi (Satyanarayana Raju)", "filerRelation": "UNREPORTED", "moneyText": "", "startDate": "2019-11-29", "ownership": "D"}, {"maxAge": 1, "shares": 3286, "filerUrl": "", "transactionText": "", "filerName": "Kalidindi (Satyanarayana Raju)", "filerRelation": "UNREPORTED", "moneyText": "", "startDate": "2019-09-03", "ownership": "D"}, {"maxAge": 1, "shares": 561379, "filerUrl": "", "transactionText": "", "filerName": "Mantena (Raju N)", "filerRelation": "Director", "moneyText": "", "startDate": "2019-05-27", "ownership": "D"}, {"maxAge": 1, "shares": 65000, "filerUrl": "", "transactionText": "", "filerName": "Raju (Jyoti)", "filerRelation": "UNREPORTED", "moneyText": "", "startDate": "2019-05-11", "ownership": "D"}, {"maxAge": 1, "shares": 291222, "filerUrl": "", "transactionText": "", "filerName": "Mantena (Raju N)", "filerRelation": "Director", "moneyText": "", "startDate": "2019-03-30", "ownership": "D"}], "maxAge": 1}, "quoteType": {"exchange": "BSE", "quoteType": "EQUITY", "symbol": "KERNEX.BO", "underlyingSymbol": "KERNEX.BO", "shortName": "KERNEX MICROSYSTEMS (INDIA) LT", "longName": "Kernex Microsystems (India) Limited", "firstTradeDateEpochUtc": "2005-12-20 09:15:00", "timeZoneFullName": "Asia/Kolkata", "timeZoneShortName": "IST", "uuid": "92f19726-54d8-3b72-9ad4-90bb5c76d963", "gmtOffSetMilliseconds": 19800000, "maxAge": 1}, "incomeStatementHistory": {"incomeStatementHistory": [{"maxAge": 1, "endDate": "2020-03-31", "totalRevenue": 148812096, "costOfRevenue": 105787853, "grossProfit": 43024243, "researchDevelopment": {}, "sellingGeneralAdministrative": 45534128, "nonRecurring": {}, "otherOperatingExpenses": 70050186, "totalOperatingExpenses": 238688352, "operatingIncome": -89876256, "totalOtherIncomeExpenseNet": 123787454, "ebit": -89876256, "interestExpense": -54030506, "incomeBeforeTax": 33911198, "incomeTaxExpense": -339256, "minorityInterest": 30424, "netIncomeFromContinuingOps": 34250454, "discontinuedOperations": {}, "extraordinaryItems": {}, "effectOfAccountingCharges": {}, "otherItems": {}, "netIncome": 34220030, "netIncomeApplicableToCommonShares": 34220030}, {"maxAge": 1, "endDate": "2019-03-31", "totalRevenue": 81361447, "costOfRevenue": 94349591, "grossProfit": -12988144, "researchDevelopment": {}, "sellingGeneralAdministrative": 49629908, "nonRecurring": {}, "otherOperatingExpenses": 59972718, "totalOperatingExpenses": 224985063, "operatingIncome": -143623616, "totalOtherIncomeExpenseNet": -72134048, "ebit": -143623616, "interestExpense": -18850399, "incomeBeforeTax": -215757664, "incomeTaxExpense": -2458942, "minorityInterest": 30424, "netIncomeFromContinuingOps": -213298722, "discontinuedOperations": {}, "extraordinaryItems": {}, "effectOfAccountingCharges": {}, "otherItems": {}, "netIncome": -213298722, "netIncomeApplicableToCommonShares": -213298722}, {"maxAge": 1, "endDate": "2018-03-31", "totalRevenue": 133055787, "costOfRevenue": 37151991, "grossProfit": 95903796, "researchDevelopment": {}, "sellingGeneralAdministrative": 49691726, "nonRecurring": {}, "otherOperatingExpenses": 148506802, "totalOperatingExpenses": 257812726, "operatingIncome": -124756939, "totalOtherIncomeExpenseNet": -28039417, "ebit": -124756939, "interestExpense": -18648954, "incomeBeforeTax": -152796356, "incomeTaxExpense": -5641149, "minorityInterest": 30424, "netIncomeFromContinuingOps": -147155207, "discontinuedOperations": {}, "extraordinaryItems": {}, "effectOfAccountingCharges": {}, "otherItems": {}, "netIncome": -147155207, "netIncomeApplicableToCommonShares": -147155207}, {"maxAge": 1, "endDate": "2017-03-31", "totalRevenue": 123016446, "costOfRevenue": 131339403, "grossProfit": -8322957, "researchDevelopment": {}, "sellingGeneralAdministrative": 53193531, "nonRecurring": {}, "otherOperatingExpenses": 138739376, "totalOperatingExpenses": 348844156, "operatingIncome": -225827710, "totalOtherIncomeExpenseNet": 206994504, "ebit": -225827710, "interestExpense": -25407367, "incomeBeforeTax": -18833206, "incomeTaxExpense": 21666434, "minorityInterest": 30424, "netIncomeFromContinuingOps": -40499640, "discontinuedOperations": {}, "extraordinaryItems": {}, "effectOfAccountingCharges": {}, "otherItems": {}, "netIncome": -40499640, "netIncomeApplicableToCommonShares": -40499640}], "maxAge": 86400}, "fundOwnership": {"ownershipList": [], "maxAge": 1}, "summaryDetail": {"maxAge": 1, "priceHint": 2, "previousClose": 44.15, "open": 41.95, "dayLow": 41.95, "dayHigh": 45.45, "regularMarketPreviousClose": 44.15, "regularMarketOpen": 41.95, "regularMarketDayLow": 41.95, "regularMarketDayHigh": 45.45, "trailingPE": 26.430273, "volume": 1821, "regularMarketVolume": 1821, "averageVolume": 2246, "averageVolume10days": 2127, "averageDailyVolume10Day": 2127, "bid": 42.95, "ask": 43.85, "bidSize": 0, "askSize": 0, "marketCap": 554361664, "fiftyTwoWeekLow": 11.03, "fiftyTwoWeekHigh": 45.45, "fiftyDayAverage": 27.477272, "twoHundredDayAverage": 21.571323, "currency": "INR", "fromCurrency": null, "lastMarket": null, "algorithm": null, "tradeable": false}, "incomeStatementHistoryQuarterly": {"incomeStatementHistory": [{"maxAge": 1, "endDate": "2020-06-30", "totalRevenue": 5354318, "costOfRevenue": 44946, "grossProfit": 5309372, "researchDevelopment": {}, "sellingGeneralAdministrative": 11287220, "nonRecurring": {}, "otherOperatingExpenses": 7754148, "totalOperatingExpenses": 22919003, "operatingIncome": -17564685, "totalOtherIncomeExpenseNet": -1651776, "ebit": -17564685, "interestExpense": -3657892, "incomeBeforeTax": -19216461, "incomeTaxExpense": 1513704, "minorityInterest": {}, "netIncomeFromContinuingOps": -20730165, "discontinuedOperations": {}, "extraordinaryItems": {}, "effectOfAccountingCharges": {}, "otherItems": {}, "netIncome": -20730165, "netIncomeApplicableToCommonShares": -20730165}, {"maxAge": 1, "endDate": "2020-03-31", "totalRevenue": 6459247, "costOfRevenue": 9449945, "grossProfit": -2990698, "researchDevelopment": {}, "sellingGeneralAdministrative": 12783181, "nonRecurring": {}, "otherOperatingExpenses": 25010272, "totalOperatingExpenses": 51362235, "operatingIncome": -44902988, "totalOtherIncomeExpenseNet": -33383194, "ebit": -44902988, "interestExpense": -42718967, "incomeBeforeTax": -78286182, "incomeTaxExpense": 3142292, "minorityInterest": 30424, "netIncomeFromContinuingOps": -81428474, "discontinuedOperations": {}, "extraordinaryItems": {}, "effectOfAccountingCharges": {}, "otherItems": {}, "netIncome": -81458898, "netIncomeApplicableToCommonShares": -81458898}, {"maxAge": 1, "endDate": "2019-12-31", "totalRevenue": 11537358, "costOfRevenue": 3610307, "grossProfit": 7927051, "researchDevelopment": {}, "sellingGeneralAdministrative": 11472508, "nonRecurring": {}, "otherOperatingExpenses": 11924382, "totalOperatingExpenses": 31454999, "operatingIncome": -19917641, "totalOtherIncomeExpenseNet": 155857833, "ebit": -19917641, "interestExpense": -2339948, "incomeBeforeTax": 135940192, "incomeTaxExpense": -1155900, "minorityInterest": 30424, "netIncomeFromContinuingOps": 137096092, "discontinuedOperations": {}, "extraordinaryItems": {}, "effectOfAccountingCharges": {}, "otherItems": {}, "netIncome": 137096092, "netIncomeApplicableToCommonShares": 137096092}, {"maxAge": 1, "endDate": "2019-09-30", "totalRevenue": 33666927, "costOfRevenue": 25960146, "grossProfit": 7706781, "researchDevelopment": {}, "sellingGeneralAdministrative": 10589266, "nonRecurring": {}, "otherOperatingExpenses": 12207200, "totalOperatingExpenses": 53070055, "operatingIncome": -19403128, "totalOtherIncomeExpenseNet": 4176579, "ebit": -19403128, "interestExpense": -3999154, "incomeBeforeTax": -15226549, "incomeTaxExpense": -1154836, "minorityInterest": 30424, "netIncomeFromContinuingOps": -14071713, "discontinuedOperations": {}, "extraordinaryItems": {}, "effectOfAccountingCharges": {}, "otherItems": {}, "netIncome": -14071713, "netIncomeApplicableToCommonShares": -14071713}], "maxAge": 86400}, "cashflowStatementHistoryQuarterly": {"cashflowStatements": [{"maxAge": 1, "endDate": "2020-06-30", "netIncome": -20730165, "changeToLiabilities": 0}, {"maxAge": 1, "endDate": "2020-03-31", "netIncome": -81458898, "changeToLiabilities": 0}, {"maxAge": 1, "endDate": "2019-12-31", "netIncome": 137096092, "changeToLiabilities": 0}, {"maxAge": 1, "endDate": "2019-09-30", "netIncome": -14071713, "changeToLiabilities": 0}], "maxAge": 86400}, "insiderHolders": {"holders": [{"maxAge": 1, "name": "Kalidindi (Satyanarayana Raju)", "relation": "UNREPORTED", "url": "", "transactionDescription": "Acquisition", "latestTransDate": "2020-09-28", "positionDirect": 143500, "positionDirectDate": "2020-09-28"}, {"maxAge": 1, "name": "Mantena (Raju N)", "relation": "Director", "url": "", "transactionDescription": "Sale", "latestTransDate": "2019-05-27", "positionDirect": 2032, "positionDirectDate": "2019-05-27"}, {"maxAge": 1, "name": "Raju (Jyoti)", "relation": "UNREPORTED", "url": "", "transactionDescription": "Sale", "latestTransDate": "2019-05-11", "positionDirect": 0, "positionDirectDate": "2019-05-11"}], "maxAge": 1}, "calendarEvents": {"maxAge": 1, "earnings": {"earningsDate": ["2020-11-14 05:30:S", "2020-11-15 05:30:S"]}}, "upgradeDowngradeHistory": {"history": [], "maxAge": 86400}, "price": {"maxAge": 1, "regularMarketChangePercent": 0.004529942, "regularMarketChange": 0.19999695, "regularMarketTime": "2021-04-30 12:25:45", "priceHint": 2, "regularMarketPrice": 44.35, "regularMarketDayHigh": 45.45, "regularMarketDayLow": 41.95, "regularMarketVolume": 1821, "averageDailyVolume10Day": 2127, "averageDailyVolume3Month": 2246, "regularMarketPreviousClose": 44.15, "regularMarketSource": "FREE_REALTIME", "regularMarketOpen": 41.95, "exchange": "BSE", "exchangeName": "BSE", "exchangeDataDelayedBy": 0, "marketState": "CLOSED", "quoteType": "EQUITY", "symbol": "KERNEX.BO", "underlyingSymbol": null, "shortName": "KERNEX MICROSYSTEMS (INDIA) LT", "longName": "Kernex Microsystems (India) Limited", "currency": "INR", "quoteSourceName": "Delayed Quote", "currencySymbol": "\u20b9", "fromCurrency": null, "lastMarket": null, "marketCap": 554361664}, "balanceSheetHistory": {"balanceSheetStatements": [{"maxAge": 1, "endDate": "2020-03-31", "cash": 4966814, "shortTermInvestments": 20491989, "netReceivables": 130376481, "inventory": 12821823, "otherCurrentAssets": 180134734, "totalCurrentAssets": 348791841, "propertyPlantEquipment": 325983048, "intangibleAssets": 304354, "otherAssets": 114091159, "totalAssets": 789170402, "accountsPayable": 5568771, "shortLongTermDebt": 193681, "otherCurrentLiab": 7886313, "otherLiab": 33488030, "minorityInterest": 30424, "totalCurrentLiabilities": 165912076, "totalLiab": 199400106, "commonStock": 124996550, "treasuryStock": 464743322, "otherStockholderEquity": 464743322, "totalStockholderEquity": 589739872, "netTangibleAssets": 589435518}, {"maxAge": 1, "endDate": "2019-03-31", "cash": 5538942, "shortTermInvestments": 85778, "netReceivables": 152933104, "inventory": 24949999, "otherCurrentAssets": 148389030, "totalCurrentAssets": 331896853, "propertyPlantEquipment": 426469900, "intangibleAssets": 145278, "otherAssets": 82359656, "totalAssets": 840871687, "accountsPayable": 2394675, "shortLongTermDebt": 531632, "otherCurrentLiab": 23192656, "longTermDebt": 193681, "otherLiab": 3899631, "totalCurrentLiabilities": 280725539, "totalLiab": 284818851, "commonStock": 124996550, "retainedEarnings": -445453679, "treasuryStock": -40709580, "capitalSurplus": 917219545, "otherStockholderEquity": -40709580, "totalStockholderEquity": 556052836, "netTangibleAssets": 555907558}, {"maxAge": 1, "endDate": "2018-03-31", "cash": 6649940, "shortTermInvestments": 85778, "netReceivables": 364623373, "inventory": 97517281, "otherCurrentAssets": 108209146, "totalCurrentAssets": 577726569, "propertyPlantEquipment": 534850795, "intangibleAssets": 594915, "otherAssets": 84607717, "totalAssets": 1197779996, "accountsPayable": 64059976, "shortLongTermDebt": 692400, "otherCurrentLiab": 26167804, "longTermDebt": 590612, "otherLiab": 89059422, "totalCurrentLiabilities": 346344497, "totalLiab": 435994531, "commonStock": 124996550, "retainedEarnings": -235401503, "treasuryStock": -45029127, "capitalSurplus": 917219545, "otherStockholderEquity": -45029127, "totalStockholderEquity": 761785465, "netTangibleAssets": 761190550}, {"maxAge": 1, "endDate": "2017-03-31", "cash": 3042071, "shortTermInvestments": 912939, "netReceivables": 417539626, "inventory": 142329727, "otherCurrentAssets": 90655729, "totalCurrentAssets": 656372249, "propertyPlantEquipment": 554271919, "intangibleAssets": 200079, "otherAssets": 122464403, "totalAssets": 1333308650, "accountsPayable": 113238947, "shortLongTermDebt": 246713, "otherCurrentLiab": 30607839, "longTermDebt": 106128, "otherLiab": 68100570, "totalCurrentLiabilities": 388544644, "totalLiab": 456751342, "commonStock": 124996550, "retainedEarnings": -118924557, "treasuryStock": -46734230, "capitalSurplus": 917219545, "otherStockholderEquity": -46734230, "totalStockholderEquity": 876557308, "netTangibleAssets": 876357229}], "maxAge": 86400}, "financialData": {"maxAge": 86400, "currentPrice": 44.35, "recommendationKey": "none", "grossProfits": 43024243, "financialCurrency": "INR"}}}