{"KESARENT.BO": {"recommendationTrend": {"trend": [{"period": "0m", "strongBuy": 0, "buy": 0, "hold": 0, "sell": 0, "strongSell": 0}, {"period": "-1m", "strongBuy": 0, "buy": 0, "hold": 0, "sell": 0, "strongSell": 0}, {"period": "-2m", "strongBuy": 0, "buy": 0, "hold": 0, "sell": 0, "strongSell": 0}, {"period": "-3m", "strongBuy": 0, "buy": 0, "hold": 0, "sell": 0, "strongSell": 0}], "maxAge": 86400}, "cashflowStatementHistory": {"cashflowStatements": [{"maxAge": 1, "endDate": "2020-03-31", "netIncome": 22934000, "depreciation": 182647000, "changeToNetincome": 226442000, "changeToAccountReceivables": 66353000, "changeToLiabilities": 26027000, "changeToInventory": 204791000, "changeToOperatingActivities": 63246000, "totalCashFromOperatingActivities": 792440000, "capitalExpenditures": -209148000, "investments": 25305000, "otherCashflowsFromInvestingActivities": -11051000, "totalCashflowsFromInvestingActivities": -194760000, "netBorrowings": -448732000, "otherCashflowsFromFinancingActivities": -71133000, "totalCashFromFinancingActivities": -519865000, "changeInCash": 77815000}, {"maxAge": 1, "endDate": "2019-03-31", "netIncome": -402238000, "depreciation": 191260000, "changeToNetincome": 440315000, "changeToAccountReceivables": -261212000, "changeToLiabilities": 672858000, "changeToInventory": -340620000, "changeToOperatingActivities": 7235000, "totalCashFromOperatingActivities": 307683000, "capitalExpenditures": -152279000, "investments": -26100000, "otherCashflowsFromInvestingActivities": 14418000, "totalCashflowsFromInvestingActivities": -162437000, "dividendsPaid": -117000, "netBorrowings": -133507000, "otherCashflowsFromFinancingActivities": -13268000, "totalCashFromFinancingActivities": -146892000, "changeInCash": -1646000}, {"maxAge": 1, "endDate": "2018-03-31", "netIncome": -467167000, "depreciation": 181914000, "changeToNetincome": 433388000, "changeToAccountReceivables": 68377000, "changeToLiabilities": 278173000, "changeToInventory": -554991000, "changeToOperatingActivities": 238563000, "totalCashFromOperatingActivities": 178257000, "capitalExpenditures": -20698000, "investments": 3872000, "otherCashflowsFromInvestingActivities": 2197000, "totalCashflowsFromInvestingActivities": -13664000, "dividendsPaid": -86000, "netBorrowings": -69988000, "otherCashflowsFromFinancingActivities": -83439000, "totalCashFromFinancingActivities": -153513000, "changeInCash": 11080000}, {"maxAge": 1, "endDate": "2017-03-31", "netIncome": 61618000, "depreciation": 189644000, "changeToNetincome": 462959000, "changeToAccountReceivables": -99761000, "changeToLiabilities": -674273000, "changeToInventory": 509154000, "changeToOperatingActivities": -249989000, "totalCashFromOperatingActivities": 199472000, "capitalExpenditures": -733000, "investments": 17768000, "otherCashflowsFromInvestingActivities": 1931000, "totalCashflowsFromInvestingActivities": 20479000, "dividendsPaid": -254000, "netBorrowings": -60266000, "otherCashflowsFromFinancingActivities": -213197000, "totalCashFromFinancingActivities": -273717000, "changeInCash": -53766000}], "maxAge": 86400}, "institutionOwnership": {"maxAge": 1, "ownershipList": []}, "balanceSheetHistoryQuarterly": {"balanceSheetStatements": [{"maxAge": 1, "endDate": "2020-06-30", "totalStockholderEquity": 532999000, "netTangibleAssets": 532251000}, {"maxAge": 1, "endDate": "2020-03-31", "cash": 94296000, "shortTermInvestments": 1712000, "netReceivables": 478905000, "inventory": 939818000, "otherCurrentAssets": 30986000, "totalCurrentAssets": 1545717000, "longTermInvestments": 18708000, "propertyPlantEquipment": 4673573000, "intangibleAssets": 748000, "otherAssets": 70818000, "deferredLongTermAssetCharges": 1694000, "totalAssets": 6309564000, "accountsPayable": 1795031000, "shortLongTermDebt": 2150195000, "otherCurrentLiab": 168638000, "longTermDebt": 379584000, "otherLiab": 177533000, "totalCurrentLiabilities": 5209145000, "totalLiab": 5776565000, "commonStock": 100797000, "retainedEarnings": -2234459000, "treasuryStock": 2586556000, "capitalSurplus": 80105000, "otherStockholderEquity": 2586556000, "totalStockholderEquity": 532999000, "netTangibleAssets": 532251000}, {"maxAge": 1, "endDate": "2019-12-31", "totalStockholderEquity": 203895000, "netTangibleAssets": 203147000}, {"maxAge": 1, "endDate": "2019-09-30", "cash": 28254000, "shortTermInvestments": 10392000, "netReceivables": 405362000, "inventory": 167561000, "otherCurrentAssets": 25803000, "totalCurrentAssets": 637372000, "longTermInvestments": 35333000, "propertyPlantEquipment": 4673921000, "intangibleAssets": 748000, "otherAssets": 61548000, "deferredLongTermAssetCharges": 1694000, "totalAssets": 5408922000, "accountsPayable": 896534000, "shortLongTermDebt": 3241064000, "otherCurrentLiab": 133727000, "longTermDebt": 466526000, "otherLiab": 180373000, "totalCurrentLiabilities": 4547318000, "totalLiab": 5205027000, "commonStock": 100797000, "treasuryStock": 103098000, "otherStockholderEquity": 103098000, "totalStockholderEquity": 203895000, "netTangibleAssets": 203147000}], "maxAge": 86400}, "earningsHistory": {"history": [{"maxAge": 1, "epsActual": {}, "epsEstimate": {}, "epsDifference": {}, "surprisePercent": {}, "quarter": {}, "period": "-4q"}, {"maxAge": 1, "epsActual": {}, "epsEstimate": {}, "epsDifference": {}, "surprisePercent": {}, "quarter": {}, "period": "-3q"}, {"maxAge": 1, "epsActual": {}, "epsEstimate": {}, "epsDifference": {}, "surprisePercent": {}, "quarter": {}, "period": "-2q"}, {"maxAge": 1, "epsActual": {}, "epsEstimate": {}, "epsDifference": {}, "surprisePercent": {}, "quarter": {}, "period": "-1q"}], "maxAge": 86400}, "indexTrend": {"maxAge": 1, "symbol": "SP5", "peRatio": 19.7411, "pegRatio": 1.34172, "estimates": [{"period": "0q", "growth": 0.549}, {"period": "+1q", "growth": 0.431}, {"period": "0y", "growth": 0.305}, {"period": "+1y", "growth": 0.109}, {"period": "+5y", "growth": 0.120859005}, {"period": "-5y"}]}, "industryTrend": {"maxAge": 1, "symbol": null, "estimates": []}, "insiderTransactions": {"transactions": [{"maxAge": 1, "shares": 9460, "value": 4847, "filerUrl": "", "transactionText": "Acquisition at price 0.51 per share.", "filerName": "Kesar Corporation Pvt. Ltd.", "filerRelation": "Promoter", "moneyText": "", "startDate": "2020-09-29", "ownership": "D"}, {"maxAge": 1, "shares": 2000, "filerUrl": "", "transactionText": "", "filerName": "Kesar Corporation Pvt. Ltd.", "filerRelation": "Promoter", "moneyText": "", "startDate": "2020-03-18", "ownership": "D"}, {"maxAge": 1, "shares": 3700, "filerUrl": "", "transactionText": "", "filerName": "Kesar Corporation Pvt. Ltd.", "filerRelation": "Promoter", "moneyText": "", "startDate": "2020-03-17", "ownership": "D"}, {"maxAge": 1, "shares": 2090, "filerUrl": "", "transactionText": "", "filerName": "Kesar Corporation Pvt. Ltd.", "filerRelation": "Promoter", "moneyText": "", "startDate": "2020-03-16", "ownership": "D"}, {"maxAge": 1, "shares": 10, "filerUrl": "", "transactionText": "", "filerName": "Kesar Corporation Pvt. Ltd.", "filerRelation": "Promoter", "moneyText": "", "startDate": "2020-03-13", "ownership": "D"}, {"maxAge": 1, "shares": 7600, "filerUrl": "", "transactionText": "", "filerName": "Kesar Corporation Pvt. Ltd.", "filerRelation": "Promoter", "moneyText": "", "startDate": "2020-03-12", "ownership": "D"}, {"maxAge": 1, "shares": 14000, "filerUrl": "", "transactionText": "", "filerName": "Kesar Corporation Pvt. Ltd.", "filerRelation": "Promoter", "moneyText": "", "startDate": "2020-03-11", "ownership": "D"}, {"maxAge": 1, "shares": 7174, "filerUrl": "", "transactionText": "", "filerName": "Kesar Corporation Pvt. Ltd.", "filerRelation": "Promoter", "moneyText": "", "startDate": "2019-12-31", "ownership": "D"}, {"maxAge": 1, "shares": 12199, "filerUrl": "", "transactionText": "", "filerName": "Kesar Corporation Pvt. Ltd.", "filerRelation": "Promoter", "moneyText": "", "startDate": "2019-12-30", "ownership": "D"}, {"maxAge": 1, "shares": 45200, "filerUrl": "", "transactionText": "", "filerName": "Kesar Corporation Pvt. Ltd.", "filerRelation": "Promoter", "moneyText": "", "startDate": "2019-09-27", "ownership": "D"}, {"maxAge": 1, "shares": 30800, "filerUrl": "", "transactionText": "", "filerName": "Kesar Corporation Pvt. Ltd.", "filerRelation": "Promoter", "moneyText": "", "startDate": "2019-09-26", "ownership": "D"}, {"maxAge": 1, "shares": 208372, "filerUrl": "", "transactionText": "", "filerName": "Harsh Family Trust", "filerRelation": "Institution- Corporation", "moneyText": "", "startDate": "2019-01-28", "ownership": "D"}, {"maxAge": 1, "shares": 208372, "filerUrl": "", "transactionText": "", "filerName": "Kilachand (Madhavi Harsh)", "filerRelation": "Promoter", "moneyText": "", "startDate": "2019-01-28", "ownership": "D"}], "maxAge": 1}, "quoteType": {"exchange": "BSE", "quoteType": "EQUITY", "symbol": "KESARENT.BO", "underlyingSymbol": "KESARENT.BO", "shortName": "KESAR ENTERPRISES LTD.", "longName": "Kesar Enterprises Limited", "firstTradeDateEpochUtc": "2002-07-01 09:15:00", "timeZoneFullName": "Asia/Kolkata", "timeZoneShortName": "IST", "uuid": "e1c412c8-d695-390b-95c4-cd99cdad86ab", "messageBoardId": null, "gmtOffSetMilliseconds": 19800000, "maxAge": 1}, "incomeStatementHistory": {"incomeStatementHistory": [{"maxAge": 1, "endDate": "2020-03-31", "totalRevenue": 5178381000, "costOfRevenue": 4248546000, "grossProfit": 929835000, "researchDevelopment": {}, "sellingGeneralAdministrative": 271460000, "nonRecurring": {}, "otherOperatingExpenses": 233042000, "totalOperatingExpenses": 4930027000, "operatingIncome": 248354000, "totalOtherIncomeExpenseNet": -225420000, "ebit": 248354000, "interestExpense": -244843000, "incomeBeforeTax": 22934000, "incomeTaxExpense": 0, "minorityInterest": {}, "netIncomeFromContinuingOps": 22934000, "discontinuedOperations": {}, "extraordinaryItems": {}, "effectOfAccountingCharges": {}, "otherItems": {}, "netIncome": 22934000, "netIncomeApplicableToCommonShares": 22934000}, {"maxAge": 1, "endDate": "2019-03-31", "totalRevenue": 4031120000, "costOfRevenue": 3421582000, "grossProfit": 609538000, "researchDevelopment": {}, "sellingGeneralAdministrative": 239900000, "nonRecurring": {}, "otherOperatingExpenses": 152285000, "totalOperatingExpenses": 3999211000, "operatingIncome": 31909000, "totalOtherIncomeExpenseNet": -434147000, "ebit": 31909000, "interestExpense": -442321000, "incomeBeforeTax": -402238000, "incomeTaxExpense": 0, "minorityInterest": {}, "netIncomeFromContinuingOps": -402238000, "discontinuedOperations": {}, "extraordinaryItems": {}, "effectOfAccountingCharges": {}, "otherItems": {}, "netIncome": -402238000, "netIncomeApplicableToCommonShares": -402238000}, {"maxAge": 1, "endDate": "2018-03-31", "totalRevenue": 3130956000, "costOfRevenue": 2655216000, "grossProfit": 475740000, "researchDevelopment": {}, "sellingGeneralAdministrative": 222606000, "nonRecurring": {}, "otherOperatingExpenses": 122389000, "totalOperatingExpenses": 3176472000, "operatingIncome": -45516000, "totalOtherIncomeExpenseNet": -421651000, "ebit": -45516000, "interestExpense": -427634000, "incomeBeforeTax": -467167000, "incomeTaxExpense": 0, "minorityInterest": {}, "netIncomeFromContinuingOps": -467167000, "discontinuedOperations": {}, "extraordinaryItems": {}, "effectOfAccountingCharges": {}, "otherItems": {}, "netIncome": -467167000, "netIncomeApplicableToCommonShares": -467167000}, {"maxAge": 1, "endDate": "2017-03-31", "totalRevenue": 3729681000, "costOfRevenue": 2744060000, "grossProfit": 985621000, "researchDevelopment": {}, "sellingGeneralAdministrative": 180278000, "nonRecurring": {}, "otherOperatingExpenses": 164182000, "totalOperatingExpenses": 3271727000, "operatingIncome": 457954000, "totalOtherIncomeExpenseNet": -395431000, "ebit": 457954000, "interestExpense": -401526000, "incomeBeforeTax": 62523000, "incomeTaxExpense": 905000, "minorityInterest": {}, "netIncomeFromContinuingOps": 61618000, "discontinuedOperations": {}, "extraordinaryItems": {}, "effectOfAccountingCharges": {}, "otherItems": {}, "netIncome": 61618000, "netIncomeApplicableToCommonShares": 61618000}], "maxAge": 86400}, "fundOwnership": {"maxAge": 1, "ownershipList": []}, "summaryDetail": {"maxAge": 1, "priceHint": 2, "previousClose": 50.8, "open": 51.8, "dayLow": 51.8, "dayHigh": 60.95, "regularMarketPreviousClose": 50.8, "regularMarketOpen": 51.8, "regularMarketDayLow": 51.8, "regularMarketDayHigh": 60.95, "trailingPE": 20.654823, "volume": 37608, "regularMarketVolume": 37608, "averageVolume": 3286, "averageVolume10days": 4165, "averageDailyVolume10Day": 4165, "bid": 58.5, "ask": 59.3, "bidSize": 0, "askSize": 0, "marketCap": 597726208, "fiftyTwoWeekLow": 19.2, "fiftyTwoWeekHigh": 60.95, "fiftyDayAverage": 40.055714, "twoHundredDayAverage": 41.339417, "currency": "INR", "fromCurrency": null, "toCurrency": null, "lastMarket": null, "algorithm": null, "tradeable": false}, "sectorTrend": {"maxAge": 1, "symbol": null, "estimates": []}, "incomeStatementHistoryQuarterly": {"incomeStatementHistory": [{"maxAge": 1, "endDate": "2020-06-30", "totalRevenue": 1277018000, "costOfRevenue": 1060374000, "grossProfit": 216644000, "researchDevelopment": {}, "sellingGeneralAdministrative": 69148000, "nonRecurring": {}, "otherOperatingExpenses": 75794000, "totalOperatingExpenses": 1254186000, "operatingIncome": 22832000, "totalOtherIncomeExpenseNet": -31592000, "ebit": 22832000, "interestExpense": -64855000, "incomeBeforeTax": -8760000, "incomeTaxExpense": 0, "minorityInterest": {}, "netIncomeFromContinuingOps": -8760000, "discontinuedOperations": {}, "extraordinaryItems": {}, "effectOfAccountingCharges": {}, "otherItems": {}, "netIncome": -8760000, "netIncomeApplicableToCommonShares": -8760000}, {"maxAge": 1, "endDate": "2020-03-31", "totalRevenue": 1844592000, "costOfRevenue": 1370837000, "grossProfit": 473755000, "researchDevelopment": {}, "sellingGeneralAdministrative": 86800000, "nonRecurring": {}, "otherOperatingExpenses": 82508000, "totalOperatingExpenses": 1584555000, "operatingIncome": 260037000, "totalOtherIncomeExpenseNet": 108980000, "ebit": 260037000, "interestExpense": -64855000, "incomeBeforeTax": 369017000, "incomeTaxExpense": 0, "minorityInterest": {}, "netIncomeFromContinuingOps": 369017000, "discontinuedOperations": {}, "extraordinaryItems": {}, "effectOfAccountingCharges": {}, "otherItems": {}, "netIncome": 369017000, "netIncomeApplicableToCommonShares": 369017000}, {"maxAge": 1, "endDate": "2019-12-31", "totalRevenue": 1453475000, "costOfRevenue": 1189107000, "grossProfit": 264368000, "researchDevelopment": {}, "sellingGeneralAdministrative": 69709000, "nonRecurring": {}, "otherOperatingExpenses": 53637000, "totalOperatingExpenses": 1360334000, "operatingIncome": 93141000, "totalOtherIncomeExpenseNet": -113905000, "ebit": 93141000, "interestExpense": -121154000, "incomeBeforeTax": -20764000, "incomeTaxExpense": 0, "minorityInterest": {}, "netIncomeFromContinuingOps": -20764000, "discontinuedOperations": {}, "extraordinaryItems": {}, "effectOfAccountingCharges": {}, "otherItems": {}, "netIncome": -20764000, "netIncomeApplicableToCommonShares": -20764000}, {"maxAge": 1, "endDate": "2019-09-30", "totalRevenue": 504255000, "costOfRevenue": 568707000, "grossProfit": -64452000, "researchDevelopment": {}, "sellingGeneralAdministrative": 55837000, "nonRecurring": {}, "otherOperatingExpenses": 34325000, "totalOperatingExpenses": 701543000, "operatingIncome": -197288000, "totalOtherIncomeExpenseNet": -113287000, "ebit": -197288000, "interestExpense": -119347000, "incomeBeforeTax": -310575000, "incomeTaxExpense": 0, "minorityInterest": {}, "netIncomeFromContinuingOps": -310575000, "discontinuedOperations": {}, "extraordinaryItems": {}, "effectOfAccountingCharges": {}, "otherItems": {}, "netIncome": -310575000, "netIncomeApplicableToCommonShares": -310575000}], "maxAge": 86400}, "cashflowStatementHistoryQuarterly": {"cashflowStatements": [{"maxAge": 1, "endDate": "2020-06-30", "netIncome": -8760000, "changeToLiabilities": 0}, {"maxAge": 1, "endDate": "2020-03-31", "netIncome": 369017000, "changeToLiabilities": 0}, {"maxAge": 1, "endDate": "2019-12-31", "netIncome": -20764000, "changeToLiabilities": 0}, {"maxAge": 1, "endDate": "2019-09-30", "netIncome": -310575000, "changeToLiabilities": 0}], "maxAge": 86400}, "insiderHolders": {"holders": [{"maxAge": 1, "name": "Harsh Family Trust", "relation": "Institution- Corporation", "url": "", "transactionDescription": "Gift", "latestTransDate": "2019-01-28", "positionDirect": 208372, "positionDirectDate": "2019-01-28"}, {"maxAge": 1, "name": "Kesar Corporation Pvt. Ltd.", "relation": "Promoter", "url": "", "transactionDescription": "Acquisition", "latestTransDate": "2020-09-29", "positionDirect": 2472155, "positionDirectDate": "2020-09-29"}, {"maxAge": 1, "name": "Kilachand (Madhavi Harsh)", "relation": "Promoter", "url": "", "transactionDescription": "Other", "latestTransDate": "2019-01-28", "positionDirect": 0, "positionDirectDate": "2019-01-28"}], "maxAge": 1}, "earnings": {"maxAge": 86400, "earningsChart": {"quarterly": [], "earningsDate": []}, "financialsChart": {"yearly": [{"date": 2017, "revenue": 3729681000, "earnings": 61618000}, {"date": 2018, "revenue": 3130956000, "earnings": -467167000}, {"date": 2019, "revenue": 4031120000, "earnings": -402238000}, {"date": 2020, "revenue": 5178381000, "earnings": 22934000}], "quarterly": [{"date": "3Q2019", "revenue": 504255000, "earnings": -310575000}, {"date": "4Q2019", "revenue": 1453475000, "earnings": -20764000}, {"date": "1Q2020", "revenue": 1844592000, "earnings": 369017000}, {"date": "2Q2020", "revenue": 1277018000, "earnings": -8760000}]}, "financialCurrency": "INR"}, "calendarEvents": {"maxAge": 1, "earnings": {"earningsDate": []}}, "price": {"maxAge": 1, "regularMarketChangePercent": 0.16732284, "regularMarketChange": 8.5, "regularMarketTime": "2021-04-30 15:48:53", "priceHint": 2, "regularMarketPrice": 59.3, "regularMarketDayHigh": 60.95, "regularMarketDayLow": 51.8, "regularMarketVolume": 37608, "averageDailyVolume10Day": 4165, "averageDailyVolume3Month": 3286, "regularMarketPreviousClose": 50.8, "regularMarketSource": "FREE_REALTIME", "regularMarketOpen": 51.8, "exchange": "BSE", "exchangeName": "BSE", "exchangeDataDelayedBy": 0, "marketState": "CLOSED", "quoteType": "EQUITY", "symbol": "KESARENT.BO", "underlyingSymbol": null, "shortName": "KESAR ENTERPRISES LTD.", "longName": "Kesar Enterprises Limited", "currency": "INR", "quoteSourceName": "Delayed Quote", "currencySymbol": "\u20b9", "fromCurrency": null, "toCurrency": null, "lastMarket": null, "marketCap": 597726208}, "balanceSheetHistory": {"balanceSheetStatements": [{"maxAge": 1, "endDate": "2020-03-31", "cash": 94296000, "shortTermInvestments": 1712000, "netReceivables": 478905000, "inventory": 939818000, "otherCurrentAssets": 30986000, "totalCurrentAssets": 1545717000, "longTermInvestments": 18708000, "propertyPlantEquipment": 4673573000, "intangibleAssets": 748000, "otherAssets": 70818000, "deferredLongTermAssetCharges": 1694000, "totalAssets": 6309564000, "accountsPayable": 1795031000, "shortLongTermDebt": 2150195000, "otherCurrentLiab": 168638000, "longTermDebt": 379584000, "otherLiab": 177533000, "totalCurrentLiabilities": 5209145000, "totalLiab": 5776565000, "commonStock": 100797000, "retainedEarnings": -2234459000, "treasuryStock": 2586556000, "capitalSurplus": 80105000, "otherStockholderEquity": 2586556000, "totalStockholderEquity": 532999000, "netTangibleAssets": 532251000}, {"maxAge": 1, "endDate": "2019-03-31", "cash": 16481000, "shortTermInvestments": 42253000, "netReceivables": 545518000, "inventory": 1144610000, "otherCurrentAssets": 17766000, "totalCurrentAssets": 1766628000, "longTermInvestments": 65560000, "propertyPlantEquipment": 4650026000, "intangibleAssets": 748000, "otherAssets": 35174000, "deferredLongTermAssetCharges": 1694000, "totalAssets": 6518136000, "accountsPayable": 1773946000, "shortLongTermDebt": 1821342000, "otherCurrentLiab": 124324000, "longTermDebt": 40617000, "otherLiab": 79114000, "totalCurrentLiabilities": 5837222000, "totalLiab": 5956953000, "commonStock": 100797000, "retainedEarnings": -2330872000, "treasuryStock": 2711153000, "capitalSurplus": 80105000, "otherStockholderEquity": 2711153000, "totalStockholderEquity": 561183000, "netTangibleAssets": 560435000}, {"maxAge": 1, "endDate": "2018-03-31", "cash": 18127000, "shortTermInvestments": 15000000, "netReceivables": 292161000, "inventory": 803989000, "otherCurrentAssets": 14408000, "totalCurrentAssets": 1143685000, "longTermInvestments": 132900000, "propertyPlantEquipment": 4674715000, "intangibleAssets": 529000, "otherAssets": 49207000, "deferredLongTermAssetCharges": 1694000, "totalAssets": 6001036000, "accountsPayable": 1104946000, "shortLongTermDebt": 1723440000, "otherCurrentLiab": 98823000, "longTermDebt": 78235000, "otherLiab": 75393000, "totalCurrentLiabilities": 4812901000, "totalLiab": 4966529000, "commonStock": 100797000, "retainedEarnings": -2025628000, "treasuryStock": 2879233000, "capitalSurplus": 80105000, "otherStockholderEquity": 2879233000, "totalStockholderEquity": 1034507000, "netTangibleAssets": 1033978000}, {"maxAge": 1, "endDate": "2017-03-31", "cash": 7047000, "shortTermInvestments": 6583000, "netReceivables": 377115000, "inventory": 248998000, "otherCurrentAssets": 242292000, "totalCurrentAssets": 882035000, "longTermInvestments": 203585000, "propertyPlantEquipment": 4855008000, "intangibleAssets": 529000, "otherAssets": 52848000, "deferredLongTermAssetCharges": 1694000, "totalAssets": 5994005000, "accountsPayable": 834166000, "shortLongTermDebt": 1502861000, "otherCurrentLiab": 90857000, "longTermDebt": 204270000, "otherLiab": 67901000, "totalCurrentLiabilities": 4151592000, "totalLiab": 4423763000, "commonStock": 100797000, "retainedEarnings": -1647924000, "treasuryStock": 3037264000, "capitalSurplus": 80105000, "otherStockholderEquity": 3037264000, "totalStockholderEquity": 1570242000, "netTangibleAssets": 1569713000}], "maxAge": 86400}, "earningsTrend": {"trend": [{"maxAge": 1, "period": "0q", "endDate": null, "growth": {}, "earningsEstimate": {"avg": 0.0, "low": 0.0, "high": 0.0, "yearAgoEps": {}, "numberOfAnalysts": 0, "growth": {}}, "revenueEstimate": {"avg": 0, "low": 0, "high": 0, "numberOfAnalysts": 0, "yearAgoRevenue": {}, "growth": {}}, "epsTrend": {"current": 0.0, "7daysAgo": 0.0, "30daysAgo": 0.0, "60daysAgo": 0.0, "90daysAgo": 0.0}, "epsRevisions": {"upLast7days": 0, "upLast30days": 0, "downLast30days": 0, "downLast90days": {}}}, {"maxAge": 1, "period": "+1q", "endDate": null, "growth": {}, "earningsEstimate": {"avg": 0.0, "low": 0.0, "high": 0.0, "yearAgoEps": {}, "numberOfAnalysts": 0, "growth": {}}, "revenueEstimate": {"avg": 0, "low": 0, "high": 0, "numberOfAnalysts": 0, "yearAgoRevenue": {}, "growth": {}}, "epsTrend": {"current": 0.0, "7daysAgo": 0.0, "30daysAgo": 0.0, "60daysAgo": 0.0, "90daysAgo": 0.0}, "epsRevisions": {"upLast7days": 0, "upLast30days": 0, "downLast30days": 0, "downLast90days": {}}}, {"maxAge": 1, "period": "0y", "endDate": null, "growth": {}, "earningsEstimate": {"avg": 0.0, "low": 0.0, "high": 0.0, "yearAgoEps": {}, "numberOfAnalysts": 0, "growth": {}}, "revenueEstimate": {"avg": 0, "low": 0, "high": 0, "numberOfAnalysts": 0, "yearAgoRevenue": {}, "growth": {}}, "epsTrend": {"current": 0.0, "7daysAgo": 0.0, "30daysAgo": 0.0, "60daysAgo": 0.0, "90daysAgo": 0.0}, "epsRevisions": {"upLast7days": 0, "upLast30days": 0, "downLast30days": 0, "downLast90days": {}}}, {"maxAge": 1, "period": "+1y", "endDate": null, "growth": {}, "earningsEstimate": {"avg": 0.0, "low": 0.0, "high": 0.0, "yearAgoEps": {}, "numberOfAnalysts": 0, "growth": {}}, "revenueEstimate": {"avg": 0, "low": 0, "high": 0, "numberOfAnalysts": 0, "yearAgoRevenue": {}, "growth": {}}, "epsTrend": {"current": 0.0, "7daysAgo": 0.0, "30daysAgo": 0.0, "60daysAgo": 0.0, "90daysAgo": 0.0}, "epsRevisions": {"upLast7days": 0, "upLast30days": 0, "downLast30days": 0, "downLast90days": {}}}, {"maxAge": 1, "period": "+5y", "endDate": null, "growth": {}, "earningsEstimate": {"avg": {}, "low": {}, "high": {}, "yearAgoEps": {}, "numberOfAnalysts": {}, "growth": {}}, "revenueEstimate": {"avg": {}, "low": {}, "high": {}, "numberOfAnalysts": {}, "yearAgoRevenue": {}, "growth": {}}, "epsTrend": {"current": {}, "7daysAgo": {}, "30daysAgo": {}, "60daysAgo": {}, "90daysAgo": {}}, "epsRevisions": {"upLast7days": {}, "upLast30days": {}, "downLast30days": {}, "downLast90days": {}}}, {"maxAge": 1, "period": "-5y", "endDate": null, "growth": {}, "earningsEstimate": {"avg": {}, "low": {}, "high": {}, "yearAgoEps": {}, "numberOfAnalysts": {}, "growth": {}}, "revenueEstimate": {"avg": {}, "low": {}, "high": {}, "numberOfAnalysts": {}, "yearAgoRevenue": {}, "growth": {}}, "epsTrend": {"current": {}, "7daysAgo": {}, "30daysAgo": {}, "60daysAgo": {}, "90daysAgo": {}}, "epsRevisions": {"upLast7days": {}, "upLast30days": {}, "downLast30days": {}, "downLast90days": {}}}], "maxAge": 1}, "financialData": {"maxAge": 86400, "currentPrice": 59.3, "recommendationKey": "none", "grossProfits": 929835000, "financialCurrency": "INR"}}}