{"KESARPE.BO": {"recommendationTrend": {"trend": [{"period": "0m", "strongBuy": 0, "buy": 0, "hold": 0, "sell": 0, "strongSell": 0}, {"period": "-1m", "strongBuy": 0, "buy": 0, "hold": 0, "sell": 0, "strongSell": 0}, {"period": "-2m", "strongBuy": 0, "buy": 0, "hold": 0, "sell": 0, "strongSell": 0}, {"period": "-3m", "strongBuy": 0, "buy": 0, "hold": 0, "sell": 0, "strongSell": 0}], "maxAge": 86400}, "cashflowStatementHistory": {"cashflowStatements": [{"maxAge": 1, "endDate": "2020-03-31", "netIncome": -26135007, "depreciation": 19825301, "changeToNetincome": -4398560, "changeToLiabilities": 0, "changeToOperatingActivities": 281017699, "totalCashFromOperatingActivities": 300874825, "capitalExpenditures": -9064269, "investments": -214812773, "otherCashflowsFromInvestingActivities": 4034098, "totalCashflowsFromInvestingActivities": -219842944, "netBorrowings": 7827127, "otherCashflowsFromFinancingActivities": 3448711, "totalCashFromFinancingActivities": 11275838, "changeInCash": 92307718}, {"maxAge": 1, "endDate": "2019-03-31", "netIncome": -3162707, "depreciation": 19334006, "changeToNetincome": -5865493, "changeToLiabilities": 0, "changeToOperatingActivities": -51457910, "totalCashFromOperatingActivities": -13567462, "capitalExpenditures": -55538762, "investments": -29708996, "otherCashflowsFromInvestingActivities": -14052570, "totalCashflowsFromInvestingActivities": -99300328, "netBorrowings": 71241111, "otherCashflowsFromFinancingActivities": -13251728, "totalCashFromFinancingActivities": 57989383, "changeInCash": -54878407}, {"maxAge": 1, "endDate": "2018-03-31", "netIncome": 305521262, "depreciation": 17726865, "changeToNetincome": 9985789, "changeToLiabilities": 0, "changeToOperatingActivities": -42982673, "totalCashFromOperatingActivities": 290251243, "capitalExpenditures": -144812655, "investments": -29708996, "otherCashflowsFromInvestingActivities": -110999895, "totalCashflowsFromInvestingActivities": -255812550, "netBorrowings": -42219434, "otherCashflowsFromFinancingActivities": -2350, "totalCashFromFinancingActivities": -42221784, "changeInCash": -7783090}, {"maxAge": 1, "endDate": "2017-03-31", "netIncome": 200823198, "depreciation": 12971434, "changeToNetincome": 9929072, "changeToLiabilities": 0, "changeToOperatingActivities": -163787798, "totalCashFromOperatingActivities": 59935906, "capitalExpenditures": -49488809, "investments": -29708996, "otherCashflowsFromInvestingActivities": 8590081, "totalCashflowsFromInvestingActivities": -40898728, "netBorrowings": -47870794, "otherCashflowsFromFinancingActivities": -176124, "totalCashFromFinancingActivities": -30348917, "changeInCash": -11311738, "issuanceOfStock": 17698001}], "maxAge": 86400}, "institutionOwnership": {"ownershipList": [], "maxAge": 1}, "balanceSheetHistoryQuarterly": {"balanceSheetStatements": [{"maxAge": 1, "endDate": "2020-06-30", "totalStockholderEquity": 1158521957, "netTangibleAssets": 1157571957}, {"maxAge": 1, "endDate": "2020-03-31", "cash": 83747044, "shortTermInvestments": 285931523, "netReceivables": 286558701, "inventory": 199975514, "totalCurrentAssets": 869100282, "propertyPlantEquipment": 545644406, "intangibleAssets": 950000, "otherAssets": 105740845, "deferredLongTermAssetCharges": 1355025, "totalAssets": 1521435533, "accountsPayable": 258510161, "otherCurrentLiab": 15289912, "longTermDebt": 3220731, "deferredLongTermLiab": 94404330, "totalCurrentLiabilities": 359692845, "totalLiab": 362913576, "commonStock": 96673170, "retainedEarnings": 660592527, "treasuryStock": 283656260, "capitalSurplus": 117600000, "otherStockholderEquity": 283656260, "totalStockholderEquity": 1158521957, "netTangibleAssets": 1157571957}, {"maxAge": 1, "endDate": "2019-12-31", "totalStockholderEquity": 1184694000, "netTangibleAssets": 1184124000}, {"maxAge": 1, "endDate": "2019-09-30", "cash": 45812000, "shortTermInvestments": 86356000, "netReceivables": 440025000, "inventory": 200500000, "totalCurrentAssets": 772693000, "propertyPlantEquipment": 564366000, "intangibleAssets": 570000, "otherAssets": 150446000, "deferredLongTermAssetCharges": 501000, "totalAssets": 1488075000, "accountsPayable": 260792000, "otherCurrentLiab": 38387000, "longTermDebt": 4202000, "deferredLongTermLiab": 135968000, "totalCurrentLiabilities": 299179000, "totalLiab": 303381000, "commonStock": 96673000, "treasuryStock": 1088021000, "otherStockholderEquity": 1088021000, "totalStockholderEquity": 1184694000, "netTangibleAssets": 1184124000}], "maxAge": 86400}, "earningsHistory": {"history": [{"maxAge": 1, "epsActual": {}, "epsEstimate": {}, "epsDifference": {}, "surprisePercent": {}, "quarter": {}, "period": "-4q"}, {"maxAge": 1, "epsActual": {}, "epsEstimate": {}, "epsDifference": {}, "surprisePercent": {}, "quarter": {}, "period": "-3q"}, {"maxAge": 1, "epsActual": {}, "epsEstimate": {}, "epsDifference": {}, "surprisePercent": {}, "quarter": {}, "period": "-2q"}, {"maxAge": 1, "epsActual": 0.59, "epsEstimate": 0.96, "epsDifference": -0.37, "surprisePercent": -0.385, "quarter": "2018-03-31", "period": "-1q"}], "maxAge": 86400}, "indexTrend": {"maxAge": 1, "symbol": "SP5", "peRatio": 19.7411, "pegRatio": 1.34172, "estimates": [{"period": "0q", "growth": 0.549}, {"period": "+1q", "growth": 0.431}, {"period": "0y", "growth": 0.305}, {"period": "+1y", "growth": 0.109}, {"period": "+5y", "growth": 0.120859005}, {"period": "-5y"}]}, "industryTrend": {"maxAge": 1, "symbol": null, "estimates": []}, "quoteType": {"exchange": "BSE", "quoteType": "EQUITY", "symbol": "KESARPE.BO", "underlyingSymbol": "KESARPE.BO", "shortName": "KESAR PETROPRODUCTS LTD.", "longName": "Kesar Petroproducts Limited", "firstTradeDateEpochUtc": "1998-12-30 09:15:00", "timeZoneFullName": "Asia/Kolkata", "timeZoneShortName": "IST", "uuid": "7e09f0e8-4e21-326a-a806-6616119ee61f", "gmtOffSetMilliseconds": 19800000, "maxAge": 1}, "incomeStatementHistory": {"incomeStatementHistory": [{"maxAge": 1, "endDate": "2020-03-31", "totalRevenue": 1297878745, "costOfRevenue": 1049269321, "grossProfit": 248609424, "researchDevelopment": {}, "sellingGeneralAdministrative": 65998890, "nonRecurring": {}, "otherOperatingExpenses": 154843546, "totalOperatingExpenses": 1320856869, "operatingIncome": -22978124, "totalOtherIncomeExpenseNet": -4010803, "ebit": -22978124, "interestExpense": -6259756, "incomeBeforeTax": -26988927, "incomeTaxExpense": -853920, "minorityInterest": {}, "netIncomeFromContinuingOps": -26135007, "discontinuedOperations": {}, "extraordinaryItems": {}, "effectOfAccountingCharges": {}, "otherItems": {}, "netIncome": -26135007, "netIncomeApplicableToCommonShares": -26135007}, {"maxAge": 1, "endDate": "2019-03-31", "totalRevenue": 1547419606, "costOfRevenue": 1264967424, "grossProfit": 282452182, "researchDevelopment": {}, "sellingGeneralAdministrative": 65067909, "nonRecurring": {}, "otherOperatingExpenses": 157036642, "totalOperatingExpenses": 1534481834, "operatingIncome": 12937772, "totalOtherIncomeExpenseNet": -9644135, "ebit": 12937772, "interestExpense": -16174546, "incomeBeforeTax": 3293637, "incomeTaxExpense": 6456344, "minorityInterest": {}, "netIncomeFromContinuingOps": -3162707, "discontinuedOperations": {}, "extraordinaryItems": {}, "effectOfAccountingCharges": {}, "otherItems": {}, "netIncome": -3162707, "netIncomeApplicableToCommonShares": -3162707}, {"maxAge": 1, "endDate": "2018-03-31", "totalRevenue": 1778149851, "costOfRevenue": 1159947577, "grossProfit": 618202274, "researchDevelopment": {}, "sellingGeneralAdministrative": 67515550, "nonRecurring": {}, "otherOperatingExpenses": 145246896, "totalOperatingExpenses": 1390436888, "operatingIncome": 387712963, "totalOtherIncomeExpenseNet": -3617820, "ebit": 387712963, "interestExpense": -7025207, "incomeBeforeTax": 384095143, "incomeTaxExpense": 78573881, "minorityInterest": {}, "netIncomeFromContinuingOps": 305521262, "discontinuedOperations": {}, "extraordinaryItems": {}, "effectOfAccountingCharges": {}, "otherItems": {}, "netIncome": 305521262, "netIncomeApplicableToCommonShares": 305521262}, {"maxAge": 1, "endDate": "2017-03-31", "totalRevenue": 1733292398, "costOfRevenue": 1183416664, "grossProfit": 549875734, "researchDevelopment": {}, "sellingGeneralAdministrative": 71962630, "nonRecurring": {}, "otherOperatingExpenses": 214027062, "totalOperatingExpenses": 1482377790, "operatingIncome": 250914608, "totalOtherIncomeExpenseNet": 2747804, "ebit": 250914608, "interestExpense": -2768681, "incomeBeforeTax": 253662412, "incomeTaxExpense": 52839214, "minorityInterest": {}, "netIncomeFromContinuingOps": 200823198, "discontinuedOperations": {}, "extraordinaryItems": {}, "effectOfAccountingCharges": {}, "otherItems": {}, "netIncome": 200823198, "netIncomeApplicableToCommonShares": 200823198}], "maxAge": 86400}, "fundOwnership": {"ownershipList": [], "maxAge": 1}, "summaryDetail": {"maxAge": 1, "priceHint": 2, "previousClose": 5.18, "open": 5.01, "dayLow": 5.01, "dayHigh": 5.32, "regularMarketPreviousClose": 5.18, "regularMarketOpen": 5.01, "regularMarketDayLow": 5.01, "regularMarketDayHigh": 5.32, "forwardPE": 1.1689814, "volume": 22679, "regularMarketVolume": 22679, "averageVolume": 65086, "averageVolume10days": 60416, "averageDailyVolume10Day": 60416, "bid": 5.02, "ask": 5.1, "bidSize": 0, "askSize": 0, "marketCap": 488199680, "fiftyTwoWeekLow": 2.45, "fiftyTwoWeekHigh": 7.98, "fiftyDayAverage": 6.1627274, "twoHundredDayAverage": 5.022647, "trailingAnnualDividendRate": 1.0, "trailingAnnualDividendYield": 0.1930502, "currency": "INR", "fromCurrency": null, "lastMarket": null, "algorithm": null, "tradeable": false}, "sectorTrend": {"maxAge": 1, "symbol": null, "estimates": []}, "incomeStatementHistoryQuarterly": {"incomeStatementHistory": [{"maxAge": 1, "endDate": "2020-06-30", "totalRevenue": 231359000, "costOfRevenue": 202697000, "grossProfit": 28662000, "researchDevelopment": {}, "sellingGeneralAdministrative": 11471000, "nonRecurring": {}, "otherOperatingExpenses": 4202000, "totalOperatingExpenses": 232605000, "operatingIncome": -1246000, "totalOtherIncomeExpenseNet": 350000, "ebit": -1246000, "interestExpense": -259000, "incomeBeforeTax": -896000, "incomeTaxExpense": 0, "minorityInterest": {}, "netIncomeFromContinuingOps": -896000, "discontinuedOperations": {}, "extraordinaryItems": {}, "effectOfAccountingCharges": {}, "otherItems": {}, "netIncome": -896000, "netIncomeApplicableToCommonShares": -896000}, {"maxAge": 1, "endDate": "2020-03-31", "totalRevenue": 317180745, "costOfRevenue": 267280321, "grossProfit": 49900424, "researchDevelopment": {}, "sellingGeneralAdministrative": 26718890, "nonRecurring": {}, "otherOperatingExpenses": 27430546, "totalOperatingExpenses": 333993869, "operatingIncome": -16813124, "totalOtherIncomeExpenseNet": -7923803, "ebit": -16813124, "interestExpense": -259000, "incomeBeforeTax": -24736927, "incomeTaxExpense": -1055920, "minorityInterest": {}, "netIncomeFromContinuingOps": -23681007, "discontinuedOperations": {}, "extraordinaryItems": {}, "effectOfAccountingCharges": {}, "otherItems": {}, "netIncome": -23681007, "netIncomeApplicableToCommonShares": -23681007}, {"maxAge": 1, "endDate": "2019-12-31", "totalRevenue": 342932000, "costOfRevenue": 261909000, "grossProfit": 81023000, "researchDevelopment": {}, "sellingGeneralAdministrative": 15895000, "nonRecurring": {}, "otherOperatingExpenses": 52263000, "totalOperatingExpenses": 342818000, "operatingIncome": 114000, "totalOtherIncomeExpenseNet": -1118000, "ebit": 114000, "interestExpense": -2931000, "incomeBeforeTax": -1004000, "incomeTaxExpense": 0, "minorityInterest": {}, "netIncomeFromContinuingOps": -1004000, "discontinuedOperations": {}, "extraordinaryItems": {}, "effectOfAccountingCharges": {}, "otherItems": {}, "netIncome": -1004000, "netIncomeApplicableToCommonShares": -1004000}, {"maxAge": 1, "endDate": "2019-09-30", "totalRevenue": 328159000, "costOfRevenue": 267271000, "grossProfit": 60888000, "researchDevelopment": {}, "sellingGeneralAdministrative": 9531000, "nonRecurring": {}, "otherOperatingExpenses": 32684000, "totalOperatingExpenses": 329856000, "operatingIncome": -1697000, "totalOtherIncomeExpenseNet": 449000, "ebit": -1697000, "interestExpense": -2136000, "incomeBeforeTax": -1248000, "incomeTaxExpense": 0, "minorityInterest": {}, "netIncomeFromContinuingOps": -1248000, "discontinuedOperations": {}, "extraordinaryItems": {}, "effectOfAccountingCharges": {}, "otherItems": {}, "netIncome": -1248000, "netIncomeApplicableToCommonShares": -1248000}], "maxAge": 86400}, "cashflowStatementHistoryQuarterly": {"cashflowStatements": [{"maxAge": 1, "endDate": "2020-06-30", "netIncome": -896000, "changeToLiabilities": 0}, {"maxAge": 1, "endDate": "2020-03-31", "netIncome": -23681007, "changeToLiabilities": 0}, {"maxAge": 1, "endDate": "2019-12-31", "netIncome": -1004000, "changeToLiabilities": 0}, {"maxAge": 1, "endDate": "2019-09-30", "netIncome": -1248000, "depreciation": 10148000, "changeToNetincome": -6198000, "changeToLiabilities": 0, "changeToOperatingActivities": 146653000, "totalCashFromOperatingActivities": 164638000, "capitalExpenditures": -17240000, "investments": -2350000, "otherCashflowsFromInvestingActivities": -18799000, "totalCashflowsFromInvestingActivities": -38389000, "netBorrowings": -71331000, "otherCashflowsFromFinancingActivities": -547000, "totalCashFromFinancingActivities": -71878000, "changeInCash": 54371000}], "maxAge": 86400}, "insiderHolders": {"holders": [], "maxAge": 1}, "earnings": {"maxAge": 86400, "earningsChart": {"quarterly": [{"date": "1Q2018", "actual": 0.59, "estimate": 0.96}], "currentQuarterEstimateDate": "2Q", "currentQuarterEstimateYear": 2018, "earningsDate": ["2020-07-31 05:30:S"]}, "financialsChart": {"yearly": [{"date": 2017, "revenue": 1733292398, "earnings": 200823198}, {"date": 2018, "revenue": 1778149851, "earnings": 305521262}, {"date": 2019, "revenue": 1547419606, "earnings": -3162707}, {"date": 2020, "revenue": 1297878745, "earnings": -26135007}], "quarterly": [{"date": "3Q2019", "revenue": 328159000, "earnings": -1248000}, {"date": "4Q2019", "revenue": 342932000, "earnings": -1004000}, {"date": "1Q2020", "revenue": 317180745, "earnings": -23681007}, {"date": "2Q2020", "revenue": 231359000, "earnings": -896000}]}, "financialCurrency": "INR"}, "calendarEvents": {"maxAge": 1, "earnings": {"earningsDate": ["2020-07-31 05:30:S"], "revenueAverage": 496665000}}, "upgradeDowngradeHistory": {"history": [], "maxAge": 86400}, "price": {"maxAge": 1, "regularMarketChangePercent": -0.025096454, "regularMarketChange": -0.12999964, "regularMarketTime": "2021-04-30 15:29:19", "priceHint": 2, "regularMarketPrice": 5.05, "regularMarketDayHigh": 5.32, "regularMarketDayLow": 5.01, "regularMarketVolume": 22679, "averageDailyVolume10Day": 60416, "averageDailyVolume3Month": 65086, "regularMarketPreviousClose": 5.18, "regularMarketSource": "FREE_REALTIME", "regularMarketOpen": 5.01, "exchange": "BSE", "exchangeName": "BSE", "exchangeDataDelayedBy": 0, "marketState": "CLOSED", "quoteType": "EQUITY", "symbol": "KESARPE.BO", "underlyingSymbol": null, "shortName": "KESAR PETROPRODUCTS LTD.", "longName": "Kesar Petroproducts Limited", "currency": "INR", "quoteSourceName": "Delayed Quote", "currencySymbol": "\u20b9", "fromCurrency": null, "lastMarket": null, "marketCap": 488199680}, "balanceSheetHistory": {"balanceSheetStatements": [{"maxAge": 1, "endDate": "2020-03-31", "cash": 83747044, "shortTermInvestments": 285931523, "netReceivables": 286558701, "inventory": 199975514, "totalCurrentAssets": 869100282, "propertyPlantEquipment": 545644406, "intangibleAssets": 950000, "otherAssets": 105740845, "deferredLongTermAssetCharges": 1355025, "totalAssets": 1521435533, "accountsPayable": 258510161, "otherCurrentLiab": 15289912, "longTermDebt": 3220731, "deferredLongTermLiab": 94404330, "totalCurrentLiabilities": 359692845, "totalLiab": 362913576, "commonStock": 96673170, "retainedEarnings": 660592527, "treasuryStock": 283656260, "capitalSurplus": 117600000, "otherStockholderEquity": 283656260, "totalStockholderEquity": 1158521957, "netTangibleAssets": 1157571957}, {"maxAge": 1, "endDate": "2019-03-31", "cash": -8560674, "shortTermInvestments": 70500000, "netReceivables": 471545476, "inventory": 228703250, "otherCurrentAssets": 1, "totalCurrentAssets": 775694303, "propertyPlantEquipment": 557274895, "intangibleAssets": 570000, "otherAssets": 138901029, "deferredLongTermAssetCharges": 501105, "totalAssets": 1472440227, "accountsPayable": 193036586, "otherCurrentLiab": 18881510, "longTermDebt": 5029691, "deferredLongTermLiab": 124969722, "totalCurrentLiabilities": 282753572, "totalLiab": 287783263, "commonStock": 96673170, "retainedEarnings": 686727534, "treasuryStock": 283656260, "capitalSurplus": 117600000, "otherStockholderEquity": 283656260, "totalStockholderEquity": 1184656964, "netTangibleAssets": 1184086964}, {"maxAge": 1, "endDate": "2018-03-31", "cash": 46317733, "shortTermInvestments": 54297253, "netReceivables": 541950549, "inventory": 242086920, "totalCurrentAssets": 884652455, "propertyPlantEquipment": 521561346, "intangibleAssets": 570000, "otherAssets": 132861198, "totalAssets": 1539644999, "accountsPayable": 265536451, "otherCurrentLiab": 81367719, "longTermDebt": 4291902, "otherLiab": 36524, "deferredLongTermLiab": 132682724, "totalCurrentLiabilities": 347496900, "totalLiab": 351825326, "commonStock": 96673170, "retainedEarnings": 689890241, "treasuryStock": 283656260, "capitalSurplus": 117600000, "otherStockholderEquity": 283656260, "totalStockholderEquity": 1187819671, "netTangibleAssets": 1187249671}, {"maxAge": 1, "endDate": "2017-03-31", "cash": 54100824, "shortTermInvestments": 10000000, "netReceivables": 625983339, "inventory": 185225360, "totalCurrentAssets": 875309523, "propertyPlantEquipment": 395045557, "otherAssets": 776033, "deferredLongTermAssetCharges": 327325, "totalAssets": 1271131113, "accountsPayable": 291433901, "otherCurrentLiab": 47779449, "longTermDebt": 46511336, "deferredLongTermLiab": 272584, "totalCurrentLiabilities": 342321369, "totalLiab": 388832705, "commonStock": 96673170, "retainedEarnings": 384368978, "treasuryStock": 283656260, "capitalSurplus": 117600000, "otherStockholderEquity": 283656260, "totalStockholderEquity": 882298408, "netTangibleAssets": 882298408}], "maxAge": 86400}, "earningsTrend": {"trend": [{"maxAge": 1, "period": "0q", "endDate": "2018-06-30", "growth": {}, "earningsEstimate": {"avg": 0.0, "low": 0.0, "high": 0.0, "yearAgoEps": {}, "numberOfAnalysts": 0, "growth": {}}, "revenueEstimate": {"avg": 496665000, "low": 0, "high": 0, "numberOfAnalysts": 0, "yearAgoRevenue": 429326000, "growth": 0.157}, "epsTrend": {"current": 0.0, "7daysAgo": 0.0, "30daysAgo": 0.0, "60daysAgo": 0.0, "90daysAgo": 0.0}, "epsRevisions": {"upLast7days": 0, "upLast30days": 0, "downLast30days": 0, "downLast90days": {}}}, {"maxAge": 1, "period": "+1q", "endDate": "2018-09-30", "growth": {}, "earningsEstimate": {"avg": 0.0, "low": 0.0, "high": 0.0, "yearAgoEps": {}, "numberOfAnalysts": 0, "growth": {}}, "revenueEstimate": {"avg": 404430000, "low": 0, "high": 0, "numberOfAnalysts": 0, "yearAgoRevenue": 431164000, "growth": -0.062}, "epsTrend": {"current": 0.0, "7daysAgo": 0.0, "30daysAgo": 0.0, "60daysAgo": 0.0, "90daysAgo": 0.0}, "epsRevisions": {"upLast7days": 0, "upLast30days": 0, "downLast30days": 0, "downLast90days": {}}}, {"maxAge": 1, "period": "0y", "endDate": "2019-03-31", "growth": {}, "earningsEstimate": {"avg": 0.0, "low": 0.0, "high": 0.0, "yearAgoEps": {}, "numberOfAnalysts": 0, "growth": {}}, "revenueEstimate": {"avg": 1995090000, "low": 1995090000, "high": 1995090000, "numberOfAnalysts": 1, "yearAgoRevenue": 1778150000, "growth": 0.122}, "epsTrend": {"current": 0.0, "7daysAgo": 3.74, "30daysAgo": 3.74, "60daysAgo": 3.74, "90daysAgo": 3.74}, "epsRevisions": {"upLast7days": 0, "upLast30days": 0, "downLast30days": 0, "downLast90days": {}}}, {"maxAge": 1, "period": "+1y", "endDate": "2020-03-31", "growth": {}, "earningsEstimate": {"avg": 0.0, "low": 0.0, "high": 0.0, "yearAgoEps": {}, "numberOfAnalysts": 0, "growth": {}}, "revenueEstimate": {"avg": 2204570000, "low": 2204570000, "high": 2204570000, "numberOfAnalysts": 1, "yearAgoRevenue": 1995090000, "growth": 0.105}, "epsTrend": {"current": 0.0, "7daysAgo": 4.32, "30daysAgo": 4.32, "60daysAgo": 4.32, "90daysAgo": 4.32}, "epsRevisions": {"upLast7days": 0, "upLast30days": 0, "downLast30days": 0, "downLast90days": {}}}, {"maxAge": 1, "period": "+5y", "endDate": null, "growth": {}, "earningsEstimate": {"avg": {}, "low": {}, "high": {}, "yearAgoEps": {}, "numberOfAnalysts": {}, "growth": {}}, "revenueEstimate": {"avg": {}, "low": {}, "high": {}, "numberOfAnalysts": {}, "yearAgoRevenue": {}, "growth": {}}, "epsTrend": {"current": {}, "7daysAgo": {}, "30daysAgo": {}, "60daysAgo": {}, "90daysAgo": {}}, "epsRevisions": {"upLast7days": {}, "upLast30days": {}, "downLast30days": {}, "downLast90days": {}}}, {"maxAge": 1, "period": "-5y", "endDate": null, "growth": {}, "earningsEstimate": {"avg": {}, "low": {}, "high": {}, "yearAgoEps": {}, "numberOfAnalysts": {}, "growth": {}}, "revenueEstimate": {"avg": {}, "low": {}, "high": {}, "numberOfAnalysts": {}, "yearAgoRevenue": {}, "growth": {}}, "epsTrend": {"current": {}, "7daysAgo": {}, "30daysAgo": {}, "60daysAgo": {}, "90daysAgo": {}}, "epsRevisions": {"upLast7days": {}, "upLast30days": {}, "downLast30days": {}, "downLast90days": {}}}], "maxAge": 1}, "financialData": {"maxAge": 86400, "currentPrice": 5.05, "targetHighPrice": 46.0, "targetLowPrice": 46.0, "targetMeanPrice": 46.0, "targetMedianPrice": 46.0, "recommendationKey": "none", "numberOfAnalystOpinions": 1, "grossProfits": 248609424, "financialCurrency": "INR"}}}