{"KEYFINSERV.NS": {"assetProfile": {"address1": "The Ruby", "address2": "9th Floor Senapati Bapat Marg, Kasaravadi Dadar (West)", "city": "Mumbai", "zip": "400028", "country": "India", "phone": "91 22 6826 6000", "fax": "91 22 6826 6088", "website": "http://www.keynoteindia.net", "industry": "Capital Markets", "sector": "Financial Services", "longBusinessSummary": "Keynote Financial Services Limited provides investment banking and brokerage services in India. It offers capital market services, which include IPO/rights issue services, such as valuation reports, conducting the due diligence, assessing the fund requirement, market making, underwriting the issue, and lead managing; and merchant banking and advisory services, such as buybacks, delisting, and tender offers. The company also provides corporate finance services related to project finance, syndication, asset based bank loan, structured finance, restructuring advice, venture capital/private equity, valuation, and financial modeling; and mergers and acquisition advisory services in the areas of acquisitions, merger advisory, sale and divesture, joint ventures and alliances, access strategy, acquisition finance, FCCBs, ADRs, GDRs, and listings on international exchanges. In addition, it offers employee stock ownership plans; private equity services; valuation services; and equity trading, commodity trading, currency trading, and investment advisory services, as well as equity/debt placements and restructuring services. The company was formerly known as Keynote Corporate Services Limited and changed its name to Keynote Financial Services Limited in April 2019. The company was founded in 1993 and is based in Mumbai, India.", "fullTimeEmployees": 23, "companyOfficers": [{"maxAge": 1, "name": "Mr. Uday Shankarrao Patil", "age": 62, "title": "CFO, Director of Investment Banking & Whole Time Director", "yearBorn": 1958, "fiscalYear": 2020, "totalPay": 4348291, "exercisedValue": 0, "unexercisedValue": 0}, {"maxAge": 1, "name": "Mr. Sujeet Krishna More", "title": "Compliance Officer & Company Sec.", "fiscalYear": 2020, "totalPay": 551231, "exercisedValue": 0, "unexercisedValue": 0}, {"maxAge": 1, "name": "Mr. Rakesh  Choudhari", "title": "Managing Director of Stock Broking & Investment Advisory", "exercisedValue": 0, "unexercisedValue": 0}, {"maxAge": 1, "name": "Ms. Rinku Vineet Suchanti", "age": 48, "title": "Whole Time Director", "yearBorn": 1972, "fiscalYear": 2020, "totalPay": 3793150, "exercisedValue": 0, "unexercisedValue": 0}, {"maxAge": 1, "name": "Mr. Nipun  Lodha", "title": "Head of Corp. Fin., M&A, PE", "exercisedValue": 0, "unexercisedValue": 0}, {"maxAge": 1, "name": "Mr. Nilesh  Dhruv", "title": "Exec. Director of Sales", "exercisedValue": 0, "unexercisedValue": 0}, {"maxAge": 1, "name": "Mr. B.  Madhuprasad", "age": 69, "title": "Advisor", "yearBorn": 1951, "fiscalYear": 2019, "exercisedValue": 0, "unexercisedValue": 0}, {"maxAge": 1, "name": "Mr. Harsh  Choksey", "title": "Head of Special Projects, Strategic & New Initiatives", "exercisedValue": 0, "unexercisedValue": 0}, {"maxAge": 1, "name": "Ms. Radha  Kirthivasan", "title": "Head of Merchant Banking", "exercisedValue": 0, "unexercisedValue": 0}, {"maxAge": 1, "name": "Mr. Sanjay  Dey", "age": 47, "title": "Head of Debt Advisory", "yearBorn": 1973, "exercisedValue": 0, "unexercisedValue": 0}], "compensationAsOfEpochDate": "2020-12-31 05:30:00", "maxAge": 86400}, "cashflowStatementHistory": {"cashflowStatements": [{"maxAge": 1, "endDate": "2020-03-31", "netIncome": -42233737, "depreciation": 7608518, "changeToNetincome": 39842144, "changeToAccountReceivables": -4040262, "changeToLiabilities": 156833380, "changeToInventory": 1572625, "changeToOperatingActivities": 5325159, "totalCashFromOperatingActivities": 164907827, "capitalExpenditures": -149746, "investments": -29152238, "otherCashflowsFromInvestingActivities": 37362534, "totalCashflowsFromInvestingActivities": 8060550, "dividendsPaid": -5566637, "netBorrowings": 14935006, "otherCashflowsFromFinancingActivities": -13666547, "totalCashFromFinancingActivities": -4298178, "changeInCash": 168670199}, {"maxAge": 1, "endDate": "2019-03-31", "netIncome": -10634277, "depreciation": 7685323, "changeToNetincome": -22097732, "changeToAccountReceivables": 24506071, "changeToLiabilities": -19541045, "changeToInventory": 17360051, "changeToOperatingActivities": -39696881, "totalCashFromOperatingActivities": -42418490, "capitalExpenditures": -9787942, "investments": 10419588, "otherCashflowsFromInvestingActivities": 45424471, "totalCashflowsFromInvestingActivities": 46056117, "dividendsPaid": -13916593, "netBorrowings": 42039882, "otherCashflowsFromFinancingActivities": -14863333, "totalCashFromFinancingActivities": 13259956, "changeInCash": 16897583}, {"maxAge": 1, "endDate": "2018-03-31", "netIncome": 57123007, "depreciation": 7134813, "changeToNetincome": -15221010, "changeToAccountReceivables": 410940316, "changeToLiabilities": -481986748, "changeToInventory": -19868431, "changeToOperatingActivities": 96308227, "totalCashFromOperatingActivities": 54430174, "capitalExpenditures": -512245, "investments": -32382900, "otherCashflowsFromInvestingActivities": 27008652, "totalCashflowsFromInvestingActivities": -5886493, "dividendsPaid": -5566637, "netBorrowings": -182714, "otherCashflowsFromFinancingActivities": -20051799, "totalCashFromFinancingActivities": -25801150, "changeInCash": 22742531}, {"maxAge": 1, "endDate": "2017-03-31", "netIncome": 57650409, "depreciation": 43660819, "changeToNetincome": -80245794, "changeToAccountReceivables": -416808017, "changeToLiabilities": 398258352, "changeToInventory": 19923933, "changeToOperatingActivities": -140192854, "totalCashFromOperatingActivities": -117753152, "capitalExpenditures": -784892, "investments": 52381952, "otherCashflowsFromInvestingActivities": 20873075, "totalCashflowsFromInvestingActivities": 72470135, "dividendsPaid": -5566637, "netBorrowings": -1489489, "otherCashflowsFromFinancingActivities": -27976356, "totalCashFromFinancingActivities": -35032482, "changeInCash": -80315498}], "maxAge": 86400}, "institutionOwnership": {"maxAge": 1, "ownershipList": []}, "majorHoldersBreakdown": {"maxAge": 1, "insidersPercentHeld": 0.8153, "institutionsPercentHeld": 0.07348, "institutionsFloatPercentHeld": 0.39782003, "institutionsCount": 1}, "balanceSheetHistoryQuarterly": {"balanceSheetStatements": [{"maxAge": 1, "endDate": "2020-12-31", "totalStockholderEquity": 791265000, "netTangibleAssets": 790223000}, {"maxAge": 1, "endDate": "2020-09-30", "cash": 355059000, "netReceivables": 181310000, "inventory": 1522000, "totalCurrentAssets": 537891000, "longTermInvestments": 417112000, "propertyPlantEquipment": 169438000, "goodWill": 1042000, "otherAssets": 6380000, "totalAssets": 1131863000, "accountsPayable": 102186000, "otherCurrentLiab": 4786000, "longTermDebt": 169779000, "otherLiab": 63707000, "totalCurrentLiabilities": 106972000, "totalLiab": 340598000, "commonStock": 55666000, "treasuryStock": 735599000, "otherStockholderEquity": 735599000, "totalStockholderEquity": 791265000, "netTangibleAssets": 790223000}, {"maxAge": 1, "endDate": "2020-06-30", "totalStockholderEquity": 745610000, "netTangibleAssets": 744568000}, {"maxAge": 1, "endDate": "2020-03-31", "cash": 236403445, "netReceivables": 268546265, "otherCurrentAssets": 231606613, "totalCurrentAssets": 1009861662, "longTermInvestments": 7500000, "propertyPlantEquipment": 172854883, "goodWill": 1041615, "otherAssets": 371366, "totalAssets": 1191629526, "accountsPayable": 203562284, "shortLongTermDebt": 2442798, "otherCurrentLiab": 8255376, "longTermDebt": 2354622, "otherLiab": 20498298, "totalCurrentLiabilities": 435892875, "totalLiab": 458922437, "commonStock": 55666370, "retainedEarnings": 446392426, "capitalSurplus": 230648293, "totalStockholderEquity": 732707089, "netTangibleAssets": 731665474}], "maxAge": 86400}, "indexTrend": {"maxAge": 1, "symbol": "SP5", "peRatio": 19.7411, "pegRatio": 1.34172, "estimates": [{"period": "0q", "growth": 0.549}, {"period": "+1q", "growth": 0.431}, {"period": "0y", "growth": 0.305}, {"period": "+1y", "growth": 0.109}, {"period": "+5y", "growth": 0.120865}, {"period": "-5y"}]}, "defaultKeyStatistics": {"maxAge": 1, "priceHint": 2, "enterpriseValue": 160251200, "profitMargins": 0.24974, "floatShares": 1129891, "sharesOutstanding": 5566640, "heldPercentInsiders": 0.8153, "heldPercentInstitutions": 0.07348, "beta": 0.340794, "category": null, "bookValue": 142.314, "priceToBook": 0.4159816, "fundFamily": null, "legalType": null, "lastFiscalYearEnd": "2020-03-31 05:30:00", "nextFiscalYearEnd": "2022-03-31 05:30:00", "mostRecentQuarter": "2020-12-31 05:30:00", "earningsQuarterlyGrowth": -0.102, "netIncomeToCommon": 47554264, "trailingEps": 8.529, "lastSplitFactor": null, "enterpriseToRevenue": 0.842, "52WeekChange": 1.077193, "SandP52WeekChange": 0.48148263, "lastDividendValue": 1.0, "lastDividendDate": 1600905600}, "summaryProfile": {"address1": "The Ruby", "address2": "9th Floor Senapati Bapat Marg, Kasaravadi Dadar (West)", "city": "Mumbai", "zip": "400028", "country": "India", "phone": "91 22 6826 6000", "fax": "91 22 6826 6088", "website": "http://www.keynoteindia.net", "industry": "Capital Markets", "sector": "Financial Services", "longBusinessSummary": "Keynote Financial Services Limited provides investment banking and brokerage services in India. It offers capital market services, which include IPO/rights issue services, such as valuation reports, conducting the due diligence, assessing the fund requirement, market making, underwriting the issue, and lead managing; and merchant banking and advisory services, such as buybacks, delisting, and tender offers. The company also provides corporate finance services related to project finance, syndication, asset based bank loan, structured finance, restructuring advice, venture capital/private equity, valuation, and financial modeling; and mergers and acquisition advisory services in the areas of acquisitions, merger advisory, sale and divesture, joint ventures and alliances, access strategy, acquisition finance, FCCBs, ADRs, GDRs, and listings on international exchanges. In addition, it offers employee stock ownership plans; private equity services; valuation services; and equity trading, commodity trading, currency trading, and investment advisory services, as well as equity/debt placements and restructuring services. The company was formerly known as Keynote Corporate Services Limited and changed its name to Keynote Financial Services Limited in April 2019. The company was founded in 1993 and is based in Mumbai, India.", "fullTimeEmployees": 23, "companyOfficers": [], "maxAge": 86400}, "netSharePurchaseActivity": {"maxAge": 1, "period": "6m", "buyInfoCount": 0, "buyInfoShares": 0, "sellInfoCount": 0, "netInfoCount": 0, "netInfoShares": 0, "netPercentInsiderShares": 0.0, "totalInsiderShares": 4534580}, "insiderTransactions": {"transactions": [{"maxAge": 1, "shares": 54350, "filerUrl": "", "transactionText": "Purchase at price 0.00 per share.", "filerName": "Madhuprasad (B)", "filerRelation": "Promoter", "moneyText": "", "startDate": "2021-03-31", "ownership": "D"}, {"maxAge": 1, "shares": 53300, "filerUrl": "", "transactionText": "Sale at price 0.00 per share.", "filerName": "Naga Accounts Management Pvt Ltd", "filerRelation": "Promoter", "moneyText": "", "startDate": "2021-03-31", "ownership": "D"}, {"maxAge": 1, "shares": 80000, "filerUrl": "", "transactionText": "", "filerName": "NSS Digital Media Ltd", "filerRelation": "Promoter", "moneyText": "", "startDate": "2017-03-02", "ownership": "D"}, {"maxAge": 1, "shares": 80000, "filerUrl": "", "transactionText": "", "filerName": "Dhavirdhi Tieup Pvt Ltd", "filerRelation": "Promoter", "moneyText": "", "startDate": "2017-03-02", "ownership": "D"}, {"maxAge": 1, "shares": 100000, "filerUrl": "", "transactionText": "", "filerName": "Dhavirdhi Tieup Pvt Ltd", "filerRelation": "Promoter", "moneyText": "", "startDate": "2017-02-28", "ownership": "D"}, {"maxAge": 1, "shares": 100000, "filerUrl": "", "transactionText": "", "filerName": "NSS Digital Media Ltd", "filerRelation": "Promoter", "moneyText": "", "startDate": "2017-02-28", "ownership": "D"}, {"maxAge": 1, "shares": 1930, "filerUrl": "", "transactionText": "", "filerName": "NSS Digital Media Ltd", "filerRelation": "Promoter", "moneyText": "", "startDate": "2013-05-07", "ownership": "D"}, {"maxAge": 1, "shares": 100, "filerUrl": "", "transactionText": "", "filerName": "NSS Digital Media Ltd", "filerRelation": "Promoter", "moneyText": "", "startDate": "2013-04-29", "ownership": "D"}, {"maxAge": 1, "shares": 20000, "filerUrl": "", "transactionText": "", "filerName": "NSS Digital Media Ltd", "filerRelation": "Promoter", "moneyText": "", "startDate": "2013-04-26", "ownership": "D"}, {"maxAge": 1, "shares": 37313, "filerUrl": "", "transactionText": "", "filerName": "NSS Digital Media Ltd", "filerRelation": "Promoter", "moneyText": "", "startDate": "2012-10-08", "ownership": "D"}, {"maxAge": 1, "shares": 184010, "filerUrl": "", "transactionText": "", "filerName": "Dhavirdhi Tieup Pvt Ltd", "filerRelation": "Promoter", "moneyText": "", "startDate": "2012-03-23", "ownership": "D"}, {"maxAge": 1, "shares": 52739, "filerUrl": "", "transactionText": "", "filerName": "Concept Communications, Ltd.", "filerRelation": "Institution- Corporation", "moneyText": "", "startDate": "2009-11-13", "ownership": "D"}, {"maxAge": 1, "shares": 95060, "filerUrl": "", "transactionText": "", "filerName": "Concept Communications, Ltd.", "filerRelation": "Institution- Corporation", "moneyText": "", "startDate": "2009-11-12", "ownership": "D"}, {"maxAge": 1, "shares": 75000, "filerUrl": "", "transactionText": "", "filerName": "Madhuprasad (B)", "filerRelation": "Vice Chairman", "moneyText": "", "startDate": "2009-10-20", "ownership": "D"}, {"maxAge": 1, "shares": 87292, "filerUrl": "", "transactionText": "", "filerName": "Concept Communications, Ltd.", "filerRelation": "Institution- Corporation", "moneyText": "", "startDate": "2009-10-20", "ownership": "D"}, {"maxAge": 1, "shares": 6700, "filerUrl": "", "transactionText": "", "filerName": "Naga Accounts Management Pvt Ltd", "filerRelation": "Institution- Corporation", "moneyText": "", "startDate": "2009-10-20", "ownership": "D"}, {"maxAge": 1, "shares": 17376, "filerUrl": "", "transactionText": "", "filerName": "Concept Communications, Ltd.", "filerRelation": "Institution- Corporation", "moneyText": "", "startDate": "2009-10-06", "ownership": "D"}, {"maxAge": 1, "shares": 128364, "filerUrl": "", "transactionText": "", "filerName": "Saraogi (Suraj Kumar)", "filerRelation": "Director", "moneyText": "", "startDate": "2009-09-16", "ownership": "D"}, {"maxAge": 1, "shares": 19505, "filerUrl": "", "transactionText": "", "filerName": "Kanodia (Niru Shiv)", "filerRelation": "UNREPORTED", "moneyText": "", "startDate": "2009-09-16", "ownership": "D"}], "maxAge": 1}, "quoteType": {"exchange": "NSI", "quoteType": "EQUITY", "symbol": "KEYFINSERV.NS", "underlyingSymbol": "KEYFINSERV.NS", "shortName": "KEYNOTE FINANCIAL", "longName": "Keynote Financial Services Limited", "firstTradeDateEpochUtc": "2002-07-01 09:15:00", "timeZoneFullName": "Asia/Kolkata", "timeZoneShortName": "IST", "uuid": "79f18fdd-731a-3403-8212-23cccfd40a29", "messageBoardId": "finmb_20346568", "gmtOffSetMilliseconds": 19800000, "maxAge": 1}, "incomeStatementHistory": {"incomeStatementHistory": [{"maxAge": 1, "endDate": "2020-03-31", "totalRevenue": 99084431, "costOfRevenue": 8462112, "grossProfit": 90622319, "researchDevelopment": {}, "sellingGeneralAdministrative": 46927210, "nonRecurring": {}, "otherOperatingExpenses": 79738814, "totalOperatingExpenses": 142736654, "operatingIncome": -43652223, "totalOtherIncomeExpenseNet": 48428, "ebit": 0, "interestExpense": {}, "incomeBeforeTax": -43603795, "incomeTaxExpense": -1370058, "minorityInterest": {}, "netIncomeFromContinuingOps": -42233737, "discontinuedOperations": {}, "extraordinaryItems": {}, "effectOfAccountingCharges": {}, "otherItems": {}, "netIncome": -42233737, "netIncomeApplicableToCommonShares": -42233737}, {"maxAge": 1, "endDate": "2019-03-31", "totalRevenue": 122103542, "costOfRevenue": 12353201, "grossProfit": 109750341, "researchDevelopment": {}, "sellingGeneralAdministrative": 52865468, "nonRecurring": {}, "otherOperatingExpenses": 60890739, "totalOperatingExpenses": 133794731, "operatingIncome": -11691189, "totalOtherIncomeExpenseNet": 2800527, "ebit": 0, "interestExpense": {}, "incomeBeforeTax": -8890662, "incomeTaxExpense": 1743615, "minorityInterest": {}, "netIncomeFromContinuingOps": -10634277, "discontinuedOperations": {}, "extraordinaryItems": {}, "effectOfAccountingCharges": {}, "otherItems": {}, "netIncome": -10634277, "netIncomeApplicableToCommonShares": -10634277}, {"maxAge": 1, "endDate": "2018-03-31", "totalRevenue": 183090325, "costOfRevenue": 3990220, "grossProfit": 179100105, "researchDevelopment": {}, "sellingGeneralAdministrative": 53412797, "nonRecurring": {}, "otherOperatingExpenses": 41294854, "totalOperatingExpenses": 105832684, "operatingIncome": 77257641, "totalOtherIncomeExpenseNet": -4565161, "ebit": 0, "interestExpense": {}, "incomeBeforeTax": 72692480, "incomeTaxExpense": 15569473, "minorityInterest": {}, "netIncomeFromContinuingOps": 57123007, "discontinuedOperations": {}, "extraordinaryItems": {}, "effectOfAccountingCharges": {}, "otherItems": {}, "netIncome": 57123007, "netIncomeApplicableToCommonShares": 57123007}, {"maxAge": 1, "endDate": "2017-03-31", "totalRevenue": 220285565, "costOfRevenue": 5958459, "grossProfit": 214327106, "researchDevelopment": {}, "sellingGeneralAdministrative": 45971937, "nonRecurring": {}, "otherOperatingExpenses": 50156662, "totalOperatingExpenses": 145747878, "operatingIncome": 74537687, "totalOtherIncomeExpenseNet": -13360, "ebit": 0, "interestExpense": {}, "incomeBeforeTax": 74524327, "incomeTaxExpense": 16873918, "minorityInterest": {}, "netIncomeFromContinuingOps": 57650409, "discontinuedOperations": {}, "extraordinaryItems": {}, "effectOfAccountingCharges": {}, "otherItems": {}, "netIncome": 57650409, "netIncomeApplicableToCommonShares": 57650409}], "maxAge": 86400}, "fundOwnership": {"maxAge": 1, "ownershipList": []}, "summaryDetail": {"maxAge": 1, "priceHint": 2, "previousClose": 62.1, "open": 61.6, "dayLow": 58.95, "dayHigh": 62.55, "regularMarketPreviousClose": 62.1, "regularMarketOpen": 61.6, "regularMarketDayLow": 58.95, "regularMarketDayHigh": 62.55, "dividendRate": 1.0, "dividendYield": 0.0161, "exDividendDate": "2020-09-24 05:30:00", "payoutRatio": 0.117, "fiveYearAvgDividendYield": 2.99, "beta": 0.340794, "trailingPE": 6.941025, "volume": 839, "regularMarketVolume": 839, "averageVolume": 1944, "averageVolume10days": 1833, "averageDailyVolume10Day": 1833, "bid": 0.0, "ask": 0.0, "marketCap": 324768832, "fiftyTwoWeekLow": 27.1, "fiftyTwoWeekHigh": 117.0, "priceToSalesTrailing12Months": 1.7056164, "fiftyDayAverage": 57.581818, "twoHundredDayAverage": 66.71383, "trailingAnnualDividendRate": 1.0, "trailingAnnualDividendYield": 0.016103059, "currency": "INR", "fromCurrency": null, "toCurrency": null, "lastMarket": null, "algorithm": null, "tradeable": false}, "incomeStatementHistoryQuarterly": {"incomeStatementHistory": [{"maxAge": 1, "endDate": "2020-12-31", "totalRevenue": 35344000, "costOfRevenue": 58000, "grossProfit": 35286000, "researchDevelopment": {}, "sellingGeneralAdministrative": 9045000, "nonRecurring": {}, "otherOperatingExpenses": 10857000, "totalOperatingExpenses": 21785000, "operatingIncome": 13559000, "totalOtherIncomeExpenseNet": 0, "ebit": 0, "interestExpense": {}, "incomeBeforeTax": 13559000, "incomeTaxExpense": 2769000, "minorityInterest": {}, "netIncomeFromContinuingOps": 10790000, "discontinuedOperations": {}, "extraordinaryItems": {}, "effectOfAccountingCharges": {}, "otherItems": {}, "netIncome": 10790000, "netIncomeApplicableToCommonShares": 10790000}, {"maxAge": 1, "endDate": "2020-09-30", "totalRevenue": 73497000, "costOfRevenue": 395000, "grossProfit": 73102000, "researchDevelopment": {}, "sellingGeneralAdministrative": 9886000, "nonRecurring": {}, "otherOperatingExpenses": 8889000, "totalOperatingExpenses": 21044000, "operatingIncome": 52453000, "totalOtherIncomeExpenseNet": 0, "ebit": 0, "interestExpense": {}, "incomeBeforeTax": 52453000, "incomeTaxExpense": 20761000, "minorityInterest": {}, "netIncomeFromContinuingOps": 31692000, "discontinuedOperations": {}, "extraordinaryItems": {}, "effectOfAccountingCharges": {}, "otherItems": {}, "netIncome": 31692000, "netIncomeApplicableToCommonShares": 31692000}, {"maxAge": 1, "endDate": "2020-06-30", "totalRevenue": 52277000, "costOfRevenue": -571000, "grossProfit": 52848000, "researchDevelopment": {}, "sellingGeneralAdministrative": 9135000, "nonRecurring": {}, "otherOperatingExpenses": 5202000, "totalOperatingExpenses": 15493000, "operatingIncome": 36784000, "totalOtherIncomeExpenseNet": 0, "ebit": 0, "interestExpense": {}, "incomeBeforeTax": 36784000, "incomeTaxExpense": 4471000, "minorityInterest": {}, "netIncomeFromContinuingOps": 32313000, "discontinuedOperations": {}, "extraordinaryItems": {}, "effectOfAccountingCharges": {}, "otherItems": {}, "netIncome": 32313000, "netIncomeApplicableToCommonShares": 32313000}, {"maxAge": 1, "endDate": "2020-03-31", "totalRevenue": 51395431, "costOfRevenue": 8462112, "grossProfit": 42933319, "researchDevelopment": {}, "sellingGeneralAdministrative": 14223210, "nonRecurring": {}, "otherOperatingExpenses": 58602814, "totalOperatingExpenses": 83181654, "operatingIncome": -31786223, "totalOtherIncomeExpenseNet": 48428, "ebit": 0, "interestExpense": {}, "incomeBeforeTax": -31737795, "incomeTaxExpense": -4497058, "minorityInterest": {}, "netIncomeFromContinuingOps": -27240737, "discontinuedOperations": {}, "extraordinaryItems": {}, "effectOfAccountingCharges": {}, "otherItems": {}, "netIncome": -27240737, "netIncomeApplicableToCommonShares": -27240737}], "maxAge": 86400}, "cashflowStatementHistoryQuarterly": {"cashflowStatements": [{"maxAge": 1, "endDate": "2020-12-31", "netIncome": 10790000, "changeToLiabilities": 0}, {"maxAge": 1, "endDate": "2020-09-30", "netIncome": 31692000, "changeToLiabilities": 0}, {"maxAge": 1, "endDate": "2020-06-30", "netIncome": 32313000, "changeToLiabilities": 0}, {"maxAge": 1, "endDate": "2020-03-31", "netIncome": -27240737, "changeToLiabilities": 0}], "maxAge": 86400}, "insiderHolders": {"holders": [{"maxAge": 1, "name": "Concept Communications, Ltd.", "relation": "Institution- Corporation", "url": "", "transactionDescription": "Acquisition", "latestTransDate": "2009-11-13", "positionDirect": 2297482, "positionDirectDate": "2009-11-13"}, {"maxAge": 1, "name": "Dhavirdhi Tieup Pvt Ltd", "relation": "Promoter", "url": "", "transactionDescription": "Sale", "latestTransDate": "2017-03-02", "positionDirect": 4010, "positionDirectDate": "2017-03-02"}, {"maxAge": 1, "name": "Kanodia (Niru Shiv)", "relation": "UNREPORTED", "url": "", "transactionDescription": "Sale", "latestTransDate": "2009-09-16", "positionDirect": 0, "positionDirectDate": "2009-09-16"}, {"maxAge": 1, "name": "Madhuprasad (B)", "relation": "Promoter", "url": "", "transactionDescription": "Purchase", "latestTransDate": "2021-03-31", "positionDirect": 101850, "positionDirectDate": "2021-03-31"}, {"maxAge": 1, "name": "NSS Digital Media Ltd", "relation": "Promoter", "url": "", "transactionDescription": "Acquisition", "latestTransDate": "2017-03-02", "positionDirect": 3112256, "positionDirectDate": "2017-03-02"}, {"maxAge": 1, "name": "Naga Accounts Management Pvt Ltd", "relation": "Promoter", "url": "", "transactionDescription": "Sale", "latestTransDate": "2021-03-31", "positionDirect": 0, "positionDirectDate": "2021-03-31"}, {"maxAge": 1, "name": "Saraogi (Suraj Kumar)", "relation": "Director", "url": "", "transactionDescription": "Sale", "latestTransDate": "2009-09-16", "positionDirect": 0, "positionDirectDate": "2009-09-16"}], "maxAge": 1}, "calendarEvents": {"maxAge": 1, "earnings": {"earningsDate": []}, "exDividendDate": "2020-09-24 05:30:00"}, "price": {"maxAge": 1, "regularMarketChangePercent": -0.04669884, "regularMarketChange": -2.8999977, "regularMarketTime": "2021-04-30 15:27:38", "priceHint": 2, "regularMarketPrice": 59.2, "regularMarketDayHigh": 62.55, "regularMarketDayLow": 58.95, "regularMarketVolume": 839, "averageDailyVolume10Day": 1833, "averageDailyVolume3Month": 1944, "regularMarketPreviousClose": 62.1, "regularMarketSource": "FREE_REALTIME", "regularMarketOpen": 61.6, "exchange": "NSI", "exchangeName": "NSE", "exchangeDataDelayedBy": 15, "marketState": "CLOSED", "quoteType": "EQUITY", "symbol": "KEYFINSERV.NS", "underlyingSymbol": null, "shortName": "KEYNOTE FINANCIAL", "longName": "Keynote Financial Services Limited", "currency": "INR", "quoteSourceName": "Delayed Quote", "currencySymbol": "\u20b9", "fromCurrency": null, "toCurrency": null, "lastMarket": null, "marketCap": 324768832}, "balanceSheetHistory": {"balanceSheetStatements": [{"maxAge": 1, "endDate": "2020-03-31", "cash": 236403445, "netReceivables": 268546265, "otherCurrentAssets": 231606613, "totalCurrentAssets": 1009861662, "longTermInvestments": 7500000, "propertyPlantEquipment": 172854883, "goodWill": 1041615, "otherAssets": 371366, "totalAssets": 1191629526, "accountsPayable": 203562284, "shortLongTermDebt": 2442798, "otherCurrentLiab": 8255376, "longTermDebt": 2354622, "otherLiab": 20498298, "totalCurrentLiabilities": 435892875, "totalLiab": 458922437, "commonStock": 55666370, "retainedEarnings": 446392426, "capitalSurplus": 230648293, "totalStockholderEquity": 732707089, "netTangibleAssets": 731665474}, {"maxAge": 1, "endDate": "2019-03-31", "cash": 67733246, "netReceivables": 227531179, "otherCurrentAssets": 259558264, "totalCurrentAssets": 893569667, "propertyPlantEquipment": 180299605, "goodWill": 1041615, "otherAssets": 385416, "totalAssets": 1075296303, "accountsPayable": 47404251, "shortLongTermDebt": 2161903, "otherCurrentLiab": 12906672, "longTermDebt": 4797420, "otherLiab": 25075167, "totalCurrentLiabilities": 263314938, "totalLiab": 293561449, "commonStock": 55666370, "retainedEarnings": 495420191, "capitalSurplus": 230648293, "totalStockholderEquity": 781734854, "netTangibleAssets": 780693239}, {"maxAge": 1, "endDate": "2018-03-31", "cash": 194581612, "netReceivables": 216432262, "otherCurrentAssets": 11500571, "totalCurrentAssets": 442382876, "longTermInvestments": 346295929, "propertyPlantEquipment": 178188626, "goodWill": 1041615, "otherAssets": 82239818, "totalAssets": 1050148864, "accountsPayable": 64865876, "otherCurrentLiab": 41149543, "longTermDebt": 687964, "otherLiab": 18858909, "totalCurrentLiabilities": 259321439, "totalLiab": 278868312, "commonStock": 55666370, "retainedEarnings": 484965889, "capitalSurplus": 230648293, "totalStockholderEquity": 771280552, "netTangibleAssets": 770238937}, {"maxAge": 1, "endDate": "2017-03-31", "cash": 224585950, "netReceivables": 760647296, "otherCurrentAssets": 7815799, "totalCurrentAssets": 993049045, "longTermInvestments": 241296763, "propertyPlantEquipment": 184800018, "goodWill": 1041615, "otherAssets": 84153600, "totalAssets": 1504341041, "accountsPayable": 546852624, "otherCurrentLiab": 73860975, "longTermDebt": 870678, "otherLiab": 14706411, "totalCurrentLiabilities": 767610977, "totalLiab": 783188066, "commonStock": 55666370, "retainedEarnings": 434838312, "capitalSurplus": 230648293, "totalStockholderEquity": 721152975, "netTangibleAssets": 720111360}], "maxAge": 86400}, "financialData": {"maxAge": 86400, "currentPrice": 59.2, "recommendationKey": "none", "totalCash": 355059008, "totalCashPerShare": 63.838, "totalDebt": 169919008, "totalRevenue": 190411424, "debtToEquity": 21.474, "revenuePerShare": 34.15, "grossProfits": 90622319, "earningsGrowth": -0.102, "revenueGrowth": 0.699, "grossMargins": 0.96255, "ebitdaMargins": 0.0, "operatingMargins": 0.37293, "profitMargins": 0.24974, "financialCurrency": "INR"}}}