{"KFBL.BO": {"recommendationTrend": {"trend": [{"period": "0m", "strongBuy": 0, "buy": 0, "hold": 0, "sell": 0, "strongSell": 0}, {"period": "-1m", "strongBuy": 0, "buy": 0, "hold": 0, "sell": 0, "strongSell": 0}, {"period": "-2m", "strongBuy": 0, "buy": 0, "hold": 0, "sell": 0, "strongSell": 0}, {"period": "-3m", "strongBuy": 0, "buy": 0, "hold": 0, "sell": 0, "strongSell": 0}], "maxAge": 86400}, "cashflowStatementHistory": {"cashflowStatements": [{"maxAge": 1, "endDate": "2020-03-31", "netIncome": 76699000, "depreciation": 44332000, "changeToNetincome": 34568000, "changeToAccountReceivables": -15347000, "changeToLiabilities": 3277000, "changeToInventory": -73823000, "totalCashFromOperatingActivities": 69706000, "capitalExpenditures": -159781000, "investments": -528000, "otherCashflowsFromInvestingActivities": 1903000, "totalCashflowsFromInvestingActivities": -158250000, "netBorrowings": 107767000, "otherCashflowsFromFinancingActivities": -23416000, "totalCashFromFinancingActivities": 84351000, "changeInCash": -4193000}, {"maxAge": 1, "endDate": "2019-03-31", "netIncome": 87111000, "depreciation": 36534000, "changeToNetincome": 23403000, "changeToAccountReceivables": -22469000, "changeToLiabilities": 23527000, "changeToInventory": -30208000, "totalCashFromOperatingActivities": 117898000, "capitalExpenditures": -173142000, "investments": -528000, "otherCashflowsFromInvestingActivities": 825000, "totalCashflowsFromInvestingActivities": -172223000, "netBorrowings": 70914000, "otherCashflowsFromFinancingActivities": -16942000, "totalCashFromFinancingActivities": 53972000, "changeInCash": -353000}, {"maxAge": 1, "endDate": "2018-03-31", "netIncome": 53343000, "depreciation": 31269000, "changeToNetincome": 20428000, "changeToAccountReceivables": 5055000, "changeToLiabilities": -17295000, "changeToInventory": 14519000, "totalCashFromOperatingActivities": 107319000, "capitalExpenditures": -67199000, "investments": 110000, "otherCashflowsFromInvestingActivities": 737000, "totalCashflowsFromInvestingActivities": -66340000, "netBorrowings": -22644000, "otherCashflowsFromFinancingActivities": -16559000, "totalCashFromFinancingActivities": -39203000, "changeInCash": 1776000}, {"maxAge": 1, "endDate": "2017-03-31", "netIncome": 32141000, "depreciation": 25943000, "changeToNetincome": 22733000, "changeToAccountReceivables": -8771000, "changeToLiabilities": 31164000, "changeToInventory": -5184000, "totalCashFromOperatingActivities": 98026000, "capitalExpenditures": -103472000, "investments": 2063000, "otherCashflowsFromInvestingActivities": 1100000, "totalCashflowsFromInvestingActivities": -99509000, "netBorrowings": 19733000, "otherCashflowsFromFinancingActivities": -15372000, "totalCashFromFinancingActivities": 4361000, "changeInCash": 2877000}], "maxAge": 86400}, "institutionOwnership": {"maxAge": 1, "ownershipList": []}, "balanceSheetHistoryQuarterly": {"balanceSheetStatements": [{"maxAge": 1, "endDate": "2020-06-30", "totalStockholderEquity": 555451000, "netTangibleAssets": 555451000}, {"maxAge": 1, "endDate": "2020-03-31", "cash": 5522000, "netReceivables": 80266000, "inventory": 154937000, "otherCurrentAssets": 31900000, "totalCurrentAssets": 272625000, "propertyPlantEquipment": 773736000, "otherAssets": 12892000, "totalAssets": 1059253000, "accountsPayable": 48038000, "otherCurrentLiab": 80280000, "longTermDebt": 200427000, "otherLiab": 70990000, "totalCurrentLiabilities": 232385000, "totalLiab": 503802000, "commonStock": 150000000, "treasuryStock": 405451000, "otherStockholderEquity": 405451000, "totalStockholderEquity": 555451000, "netTangibleAssets": 555451000}, {"maxAge": 1, "endDate": "2019-12-31", "totalStockholderEquity": 521797000, "netTangibleAssets": 521797000}, {"maxAge": 1, "endDate": "2019-09-30", "cash": 8967000, "netReceivables": 79165000, "inventory": 82122000, "otherCurrentAssets": 22712000, "totalCurrentAssets": 192966000, "propertyPlantEquipment": 738671000, "otherAssets": 24483000, "totalAssets": 956120000, "accountsPayable": 49172000, "otherCurrentLiab": 89434000, "longTermDebt": 190182000, "otherLiab": 58681000, "totalCurrentLiabilities": 185460000, "totalLiab": 434323000, "commonStock": 150000000, "treasuryStock": 371797000, "otherStockholderEquity": 371797000, "totalStockholderEquity": 521797000, "netTangibleAssets": 521797000}], "maxAge": 86400}, "earningsHistory": {"history": [{"maxAge": 1, "epsActual": {}, "epsEstimate": {}, "epsDifference": {}, "surprisePercent": {}, "quarter": {}, "period": "-4q"}, {"maxAge": 1, "epsActual": {}, "epsEstimate": {}, "epsDifference": {}, "surprisePercent": {}, "quarter": {}, "period": "-3q"}, {"maxAge": 1, "epsActual": {}, "epsEstimate": {}, "epsDifference": {}, "surprisePercent": {}, "quarter": {}, "period": "-2q"}, {"maxAge": 1, "epsActual": {}, "epsEstimate": {}, "epsDifference": {}, "surprisePercent": {}, "quarter": {}, "period": "-1q"}], "maxAge": 86400}, "indexTrend": {"maxAge": 1, "symbol": "SP5", "peRatio": 19.7411, "pegRatio": 1.34172, "estimates": [{"period": "0q", "growth": 0.549}, {"period": "+1q", "growth": 0.431}, {"period": "0y", "growth": 0.305}, {"period": "+1y", "growth": 0.109}, {"period": "+5y", "growth": 0.120859005}, {"period": "-5y"}]}, "industryTrend": {"maxAge": 1, "symbol": null, "estimates": []}, "insiderTransactions": {"transactions": [{"maxAge": 1, "shares": 285000, "filerUrl": "", "transactionText": "", "filerName": "Chaudhary Brothers Traders & Builders Pvt Ltd", "filerRelation": "Promoter", "moneyText": "", "startDate": "2016-03-08", "ownership": "D"}, {"maxAge": 1, "shares": 220000, "filerUrl": "", "transactionText": "", "filerName": "Kothari (Kavita Devi)", "filerRelation": "Promoter", "moneyText": "", "startDate": "2016-03-08", "ownership": "D"}, {"maxAge": 1, "shares": 65000, "filerUrl": "", "transactionText": "", "filerName": "Kothari (Sampat Devi)", "filerRelation": "Promoter", "moneyText": "", "startDate": "2016-03-08", "ownership": "D"}, {"maxAge": 1, "shares": 285000, "filerUrl": "", "transactionText": "", "filerName": "Chaudhary Brothers Traders & Builders Pvt Ltd", "filerRelation": "Promoter", "moneyText": "", "startDate": "2015-12-01", "ownership": "D"}, {"maxAge": 1, "shares": 714200, "filerUrl": "", "transactionText": "", "filerName": "Kothari (Pramod Kumar)", "filerRelation": "Promoter", "moneyText": "", "startDate": "2015-05-20", "ownership": "D"}, {"maxAge": 1, "shares": 3727000, "filerUrl": "", "transactionText": "", "filerName": "Kothari (Siddhant)", "filerRelation": "Promoter", "moneyText": "", "startDate": "2015-05-20", "ownership": "D"}, {"maxAge": 1, "shares": 3727000, "filerUrl": "", "transactionText": "", "filerName": "Kothari (Pramod Kumar)", "filerRelation": "Promoter", "moneyText": "", "startDate": "2015-04-23", "ownership": "D"}], "maxAge": 1}, "quoteType": {"exchange": "BSE", "quoteType": "EQUITY", "symbol": "KFBL.BO", "underlyingSymbol": "KFBL.BO", "shortName": "KOTHARI FERMENTATION & BIOCHEM", "longName": "Kothari Fermentation and Biochem Limited", "firstTradeDateEpochUtc": "2000-11-06 09:15:00", "timeZoneFullName": "Asia/Kolkata", "timeZoneShortName": "IST", "uuid": "b05f9ad8-c938-3074-9e12-11d602b1d3c3", "messageBoardId": null, "gmtOffSetMilliseconds": 19800000, "maxAge": 1}, "incomeStatementHistory": {"incomeStatementHistory": [{"maxAge": 1, "endDate": "2020-03-31", "totalRevenue": 967413000, "costOfRevenue": 580529000, "grossProfit": 386884000, "researchDevelopment": {}, "sellingGeneralAdministrative": 80491000, "nonRecurring": {}, "otherOperatingExpenses": 161349000, "totalOperatingExpenses": 866701000, "operatingIncome": 100712000, "totalOtherIncomeExpenseNet": 8153000, "ebit": 100712000, "interestExpense": -23416000, "incomeBeforeTax": 108865000, "incomeTaxExpense": 32166000, "minorityInterest": {}, "netIncomeFromContinuingOps": 76699000, "discontinuedOperations": {}, "extraordinaryItems": {}, "effectOfAccountingCharges": {}, "otherItems": {}, "netIncome": 76699000, "netIncomeApplicableToCommonShares": 76699000}, {"maxAge": 1, "endDate": "2019-03-31", "totalRevenue": 961985000, "costOfRevenue": 314513000, "grossProfit": 647472000, "researchDevelopment": {}, "sellingGeneralAdministrative": 75649000, "nonRecurring": {}, "otherOperatingExpenses": 394216000, "totalOperatingExpenses": 820912000, "operatingIncome": 141073000, "totalOtherIncomeExpenseNet": -16117000, "ebit": 141073000, "interestExpense": -16021000, "incomeBeforeTax": 124956000, "incomeTaxExpense": 37845000, "minorityInterest": {}, "netIncomeFromContinuingOps": 87111000, "discontinuedOperations": {}, "extraordinaryItems": {}, "effectOfAccountingCharges": {}, "otherItems": {}, "netIncome": 87111000, "netIncomeApplicableToCommonShares": 87111000}, {"maxAge": 1, "endDate": "2018-03-31", "totalRevenue": 876939000, "costOfRevenue": 392802000, "grossProfit": 484137000, "researchDevelopment": {}, "sellingGeneralAdministrative": 64466000, "nonRecurring": {}, "otherOperatingExpenses": 300823000, "totalOperatingExpenses": 789360000, "operatingIncome": 87579000, "totalOtherIncomeExpenseNet": -15748000, "ebit": 87579000, "interestExpense": -15568000, "incomeBeforeTax": 71831000, "incomeTaxExpense": 18488000, "minorityInterest": {}, "netIncomeFromContinuingOps": 53343000, "discontinuedOperations": {}, "extraordinaryItems": {}, "effectOfAccountingCharges": {}, "otherItems": {}, "netIncome": 53343000, "netIncomeApplicableToCommonShares": 53343000}, {"maxAge": 1, "endDate": "2017-03-31", "totalRevenue": 790916000, "costOfRevenue": 374692000, "grossProfit": 416224000, "researchDevelopment": {}, "sellingGeneralAdministrative": 56678000, "nonRecurring": {}, "otherOperatingExpenses": 270505000, "totalOperatingExpenses": 727818000, "operatingIncome": 63098000, "totalOtherIncomeExpenseNet": -14328000, "ebit": 63098000, "interestExpense": -14142000, "incomeBeforeTax": 48770000, "incomeTaxExpense": 16629000, "minorityInterest": {}, "netIncomeFromContinuingOps": 32141000, "discontinuedOperations": {}, "extraordinaryItems": {}, "effectOfAccountingCharges": {}, "otherItems": {}, "netIncome": 32141000, "netIncomeApplicableToCommonShares": 32141000}], "maxAge": 86400}, "fundOwnership": {"maxAge": 1, "ownershipList": []}, "summaryDetail": {"maxAge": 1, "priceHint": 2, "previousClose": 50.5, "open": 50.0, "dayLow": 48.6, "dayHigh": 51.9, "regularMarketPreviousClose": 50.5, "regularMarketOpen": 50.0, "regularMarketDayLow": 48.6, "regularMarketDayHigh": 51.9, "trailingPE": 13.684951, "forwardPE": 16.380472, "volume": 6724, "regularMarketVolume": 6724, "averageVolume": 5413, "averageVolume10days": 1825, "averageDailyVolume10Day": 1825, "bid": 48.6, "ask": 50.2, "bidSize": 0, "askSize": 0, "marketCap": 729750016, "fiftyTwoWeekLow": 25.25, "fiftyTwoWeekHigh": 63.7, "fiftyDayAverage": 50.255714, "twoHundredDayAverage": 48.78321, "currency": "INR", "fromCurrency": null, "toCurrency": null, "lastMarket": null, "algorithm": null, "tradeable": false}, "sectorTrend": {"maxAge": 1, "symbol": null, "estimates": []}, "incomeStatementHistoryQuarterly": {"incomeStatementHistory": [{"maxAge": 1, "endDate": "2020-06-30", "totalRevenue": 240053000, "costOfRevenue": 159311000, "grossProfit": 80742000, "researchDevelopment": {}, "sellingGeneralAdministrative": 21928000, "nonRecurring": {}, "otherOperatingExpenses": 25475000, "totalOperatingExpenses": 219509000, "operatingIncome": 20544000, "totalOtherIncomeExpenseNet": -7059000, "ebit": 20544000, "interestExpense": -7964000, "incomeBeforeTax": 13485000, "incomeTaxExpense": 3939000, "minorityInterest": {}, "netIncomeFromContinuingOps": 9546000, "discontinuedOperations": {}, "extraordinaryItems": {}, "effectOfAccountingCharges": {}, "otherItems": {}, "netIncome": 9546000, "netIncomeApplicableToCommonShares": 9546000}, {"maxAge": 1, "endDate": "2020-03-31", "totalRevenue": 252802000, "costOfRevenue": 156114000, "grossProfit": 96688000, "researchDevelopment": {}, "sellingGeneralAdministrative": 18982000, "nonRecurring": {}, "otherOperatingExpenses": 44002000, "totalOperatingExpenses": 230898000, "operatingIncome": 21904000, "totalOtherIncomeExpenseNet": -6546000, "ebit": 21904000, "interestExpense": -7202000, "incomeBeforeTax": 15358000, "incomeTaxExpense": 4494000, "minorityInterest": {}, "netIncomeFromContinuingOps": 10864000, "discontinuedOperations": {}, "extraordinaryItems": {}, "effectOfAccountingCharges": {}, "otherItems": {}, "netIncome": 10864000, "netIncomeApplicableToCommonShares": 10864000}, {"maxAge": 1, "endDate": "2019-12-31", "totalRevenue": 290222000, "costOfRevenue": 173632000, "grossProfit": 116590000, "researchDevelopment": {}, "sellingGeneralAdministrative": 21428000, "nonRecurring": {}, "otherOperatingExpenses": 43318000, "totalOperatingExpenses": 249870000, "operatingIncome": 40352000, "totalOtherIncomeExpenseNet": -5265000, "ebit": 40352000, "interestExpense": -6218000, "incomeBeforeTax": 35087000, "incomeTaxExpense": 10599000, "minorityInterest": {}, "netIncomeFromContinuingOps": 24488000, "discontinuedOperations": {}, "extraordinaryItems": {}, "effectOfAccountingCharges": {}, "otherItems": {}, "netIncome": 24488000, "netIncomeApplicableToCommonShares": 24488000}, {"maxAge": 1, "endDate": "2019-09-30", "totalRevenue": 222111000, "costOfRevenue": 135322000, "grossProfit": 86789000, "researchDevelopment": {}, "sellingGeneralAdministrative": 21528000, "nonRecurring": {}, "otherOperatingExpenses": 37496000, "totalOperatingExpenses": 205813000, "operatingIncome": 16298000, "totalOtherIncomeExpenseNet": -4354000, "ebit": 16298000, "interestExpense": -4760000, "incomeBeforeTax": 11944000, "incomeTaxExpense": 3535000, "minorityInterest": {}, "netIncomeFromContinuingOps": 8409000, "discontinuedOperations": {}, "extraordinaryItems": {}, "effectOfAccountingCharges": {}, "otherItems": {}, "netIncome": 8409000, "netIncomeApplicableToCommonShares": 8409000}], "maxAge": 86400}, "cashflowStatementHistoryQuarterly": {"cashflowStatements": [{"maxAge": 1, "endDate": "2020-06-30", "netIncome": 9546000, "changeToLiabilities": 0}, {"maxAge": 1, "endDate": "2020-03-31", "netIncome": 10864000, "changeToLiabilities": 0}, {"maxAge": 1, "endDate": "2019-12-31", "netIncome": 24488000, "changeToLiabilities": 0}, {"maxAge": 1, "endDate": "2019-09-30", "netIncome": 8409000, "changeToLiabilities": 0}], "maxAge": 86400}, "insiderHolders": {"holders": [{"maxAge": 1, "name": "Chaudhary Brothers Traders & Builders Pvt Ltd", "relation": "Promoter", "url": "", "transactionDescription": "Other", "latestTransDate": "2016-03-08", "positionDirect": 2945000, "positionDirectDate": "2016-03-08"}, {"maxAge": 1, "name": "Kothari (Kavita Devi)", "relation": "Promoter", "url": "", "transactionDescription": "Other", "latestTransDate": "2016-03-08", "positionDirect": 730800, "positionDirectDate": "2016-03-08"}, {"maxAge": 1, "name": "Kothari (Pramod Kumar)", "relation": "Promoter", "url": "", "transactionDescription": "Sale", "latestTransDate": "2015-05-20", "positionDirect": 3727000, "positionDirectDate": "2015-05-20"}, {"maxAge": 1, "name": "Kothari (Sampat Devi)", "relation": "Promoter", "url": "", "transactionDescription": "Other", "latestTransDate": "2016-03-08", "positionDirect": 357300, "positionDirectDate": "2016-03-08"}, {"maxAge": 1, "name": "Kothari (Siddhant)", "relation": "Promoter", "url": "", "transactionDescription": "Purchase", "latestTransDate": "2015-05-20", "positionDirect": 3727000, "positionDirectDate": "2015-05-20"}], "maxAge": 1}, "earnings": {"maxAge": 86400, "earningsChart": {"quarterly": [], "earningsDate": ["2020-07-31 05:30:S"]}, "financialsChart": {"yearly": [{"date": 2017, "revenue": 790916000, "earnings": 32141000}, {"date": 2018, "revenue": 876939000, "earnings": 53343000}, {"date": 2019, "revenue": 961985000, "earnings": 87111000}, {"date": 2020, "revenue": 967413000, "earnings": 76699000}], "quarterly": [{"date": "3Q2019", "revenue": 222111000, "earnings": 8409000}, {"date": "4Q2019", "revenue": 290222000, "earnings": 24488000}, {"date": "1Q2020", "revenue": 252802000, "earnings": 10864000}, {"date": "2Q2020", "revenue": 240053000, "earnings": 9546000}]}, "financialCurrency": "INR"}, "calendarEvents": {"maxAge": 1, "earnings": {"earningsDate": ["2020-07-31 05:30:S"]}}, "price": {"maxAge": 1, "regularMarketChangePercent": -0.036633633, "regularMarketChange": -1.8499985, "regularMarketTime": "2021-04-30 15:49:27", "priceHint": 2, "regularMarketPrice": 48.65, "regularMarketDayHigh": 51.9, "regularMarketDayLow": 48.6, "regularMarketVolume": 6724, "averageDailyVolume10Day": 1825, "averageDailyVolume3Month": 5413, "regularMarketPreviousClose": 50.5, "regularMarketSource": "FREE_REALTIME", "regularMarketOpen": 50.0, "exchange": "BSE", "exchangeName": "BSE", "exchangeDataDelayedBy": 0, "marketState": "CLOSED", "quoteType": "EQUITY", "symbol": "KFBL.BO", "underlyingSymbol": null, "shortName": "KOTHARI FERMENTATION & BIOCHEM", "longName": "Kothari Fermentation and Biochem Limited", "currency": "INR", "quoteSourceName": "Delayed Quote", "currencySymbol": "\u20b9", "fromCurrency": null, "toCurrency": null, "lastMarket": null, "marketCap": 729750016}, "balanceSheetHistory": {"balanceSheetStatements": [{"maxAge": 1, "endDate": "2020-03-31", "cash": 5522000, "netReceivables": 80266000, "inventory": 154937000, "otherCurrentAssets": 31900000, "totalCurrentAssets": 272625000, "propertyPlantEquipment": 773736000, "otherAssets": 12892000, "totalAssets": 1059253000, "accountsPayable": 48038000, "otherCurrentLiab": 80280000, "longTermDebt": 200427000, "otherLiab": 70990000, "totalCurrentLiabilities": 232385000, "totalLiab": 503802000, "commonStock": 150000000, "treasuryStock": 405451000, "otherStockholderEquity": 405451000, "totalStockholderEquity": 555451000, "netTangibleAssets": 555451000}, {"maxAge": 1, "endDate": "2019-03-31", "cash": 7446000, "shortTermInvestments": 267000, "netReceivables": 81191000, "inventory": 81114000, "otherCurrentAssets": 16354000, "totalCurrentAssets": 187080000, "longTermInvestments": 55000, "propertyPlantEquipment": 658612000, "otherAssets": 12730000, "totalAssets": 858477000, "accountsPayable": 35737000, "shortLongTermDebt": 29257000, "otherCurrentLiab": 55406000, "longTermDebt": 158449000, "otherLiab": 52957000, "totalCurrentLiabilities": 166826000, "totalLiab": 378232000, "commonStock": 150000000, "retainedEarnings": 330191000, "treasuryStock": 54000, "otherStockholderEquity": 54000, "totalStockholderEquity": 480245000, "netTangibleAssets": 480245000}, {"maxAge": 1, "endDate": "2018-03-31", "cash": 7799000, "netReceivables": 58550000, "inventory": 50906000, "otherCurrentAssets": 16621000, "totalCurrentAssets": 135164000, "longTermInvestments": 55000, "propertyPlantEquipment": 522100000, "otherAssets": 12207000, "totalAssets": 669526000, "accountsPayable": 34577000, "shortLongTermDebt": 13298000, "otherCurrentLiab": 34602000, "longTermDebt": 103978000, "otherLiab": 40243000, "totalCurrentLiabilities": 132573000, "totalLiab": 276794000, "commonStock": 150000000, "retainedEarnings": 243080000, "treasuryStock": -348000, "otherStockholderEquity": -348000, "totalStockholderEquity": 392732000, "netTangibleAssets": 392732000}, {"maxAge": 1, "endDate": "2017-03-31", "cash": 6023000, "netReceivables": 59749000, "inventory": 65425000, "otherCurrentAssets": 23129000, "totalCurrentAssets": 155311000, "longTermInvestments": 196000, "propertyPlantEquipment": 486190000, "otherAssets": 9745000, "totalAssets": 651442000, "accountsPayable": 39968000, "shortLongTermDebt": 16581000, "otherCurrentLiab": 49364000, "longTermDebt": 95340000, "otherLiab": 34941000, "totalCurrentLiabilities": 182082000, "totalLiab": 312363000, "commonStock": 150000000, "retainedEarnings": 189737000, "treasuryStock": -658000, "otherStockholderEquity": -658000, "totalStockholderEquity": 339079000, "netTangibleAssets": 339079000}], "maxAge": 86400}, "earningsTrend": {"trend": [{"maxAge": 1, "period": "0q", "endDate": null, "growth": {}, "earningsEstimate": {"avg": 0.0, "low": 0.0, "high": 0.0, "yearAgoEps": {}, "numberOfAnalysts": 0, "growth": {}}, "revenueEstimate": {"avg": 0, "low": 0, "high": 0, "numberOfAnalysts": 0, "yearAgoRevenue": {}, "growth": {}}, "epsTrend": {"current": 0.0, "7daysAgo": 0.0, "30daysAgo": 0.0, "60daysAgo": 0.0, "90daysAgo": 0.0}, "epsRevisions": {"upLast7days": 0, "upLast30days": 0, "downLast30days": 0, "downLast90days": {}}}, {"maxAge": 1, "period": "+1q", "endDate": null, "growth": {}, "earningsEstimate": {"avg": 0.0, "low": 0.0, "high": 0.0, "yearAgoEps": {}, "numberOfAnalysts": 0, "growth": {}}, "revenueEstimate": {"avg": 0, "low": 0, "high": 0, "numberOfAnalysts": 0, "yearAgoRevenue": {}, "growth": {}}, "epsTrend": {"current": 0.0, "7daysAgo": 0.0, "30daysAgo": 0.0, "60daysAgo": 0.0, "90daysAgo": 0.0}, "epsRevisions": {"upLast7days": 0, "upLast30days": 0, "downLast30days": 0, "downLast90days": {}}}, {"maxAge": 1, "period": "0y", "endDate": null, "growth": {}, "earningsEstimate": {"avg": 0.0, "low": 0.0, "high": 0.0, "yearAgoEps": {}, "numberOfAnalysts": 0, "growth": {}}, "revenueEstimate": {"avg": 0, "low": 0, "high": 0, "numberOfAnalysts": 0, "yearAgoRevenue": {}, "growth": {}}, "epsTrend": {"current": 0.0, "7daysAgo": 0.0, "30daysAgo": 0.0, "60daysAgo": 0.0, "90daysAgo": 0.0}, "epsRevisions": {"upLast7days": 0, "upLast30days": 0, "downLast30days": 0, "downLast90days": {}}}, {"maxAge": 1, "period": "+1y", "endDate": null, "growth": {}, "earningsEstimate": {"avg": 0.0, "low": 0.0, "high": 0.0, "yearAgoEps": {}, "numberOfAnalysts": 0, "growth": {}}, "revenueEstimate": {"avg": 0, "low": 0, "high": 0, "numberOfAnalysts": 0, "yearAgoRevenue": {}, "growth": {}}, "epsTrend": {"current": 0.0, "7daysAgo": 0.0, "30daysAgo": 0.0, "60daysAgo": 0.0, "90daysAgo": 0.0}, "epsRevisions": {"upLast7days": 0, "upLast30days": 0, "downLast30days": 0, "downLast90days": {}}}, {"maxAge": 1, "period": "+5y", "endDate": null, "growth": {}, "earningsEstimate": {"avg": {}, "low": {}, "high": {}, "yearAgoEps": {}, "numberOfAnalysts": {}, "growth": {}}, "revenueEstimate": {"avg": {}, "low": {}, "high": {}, "numberOfAnalysts": {}, "yearAgoRevenue": {}, "growth": {}}, "epsTrend": {"current": {}, "7daysAgo": {}, "30daysAgo": {}, "60daysAgo": {}, "90daysAgo": {}}, "epsRevisions": {"upLast7days": {}, "upLast30days": {}, "downLast30days": {}, "downLast90days": {}}}, {"maxAge": 1, "period": "-5y", "endDate": null, "growth": {}, "earningsEstimate": {"avg": {}, "low": {}, "high": {}, "yearAgoEps": {}, "numberOfAnalysts": {}, "growth": {}}, "revenueEstimate": {"avg": {}, "low": {}, "high": {}, "numberOfAnalysts": {}, "yearAgoRevenue": {}, "growth": {}}, "epsTrend": {"current": {}, "7daysAgo": {}, "30daysAgo": {}, "60daysAgo": {}, "90daysAgo": {}}, "epsRevisions": {"upLast7days": {}, "upLast30days": {}, "downLast30days": {}, "downLast90days": {}}}], "maxAge": 1}, "financialData": {"maxAge": 86400, "currentPrice": 48.65, "recommendationKey": "none", "grossProfits": 386884000, "financialCurrency": "INR"}}}