{"KGDENIM.BO": {"recommendationTrend": {"trend": [{"period": "0m", "strongBuy": 0, "buy": 0, "hold": 0, "sell": 0, "strongSell": 0}, {"period": "-1m", "strongBuy": 0, "buy": 0, "hold": 0, "sell": 0, "strongSell": 0}, {"period": "-2m", "strongBuy": 0, "buy": 0, "hold": 0, "sell": 0, "strongSell": 0}, {"period": "-3m", "strongBuy": 0, "buy": 0, "hold": 0, "sell": 0, "strongSell": 0}], "maxAge": 86400}, "cashflowStatementHistory": {"cashflowStatements": [{"maxAge": 1, "endDate": "2020-03-31", "netIncome": -164100000, "depreciation": 193200000, "changeToNetincome": 136900000, "changeToAccountReceivables": 123400000, "changeToLiabilities": 120900000, "changeToInventory": 13500000, "changeToOperatingActivities": -105700000, "totalCashFromOperatingActivities": 318100000, "capitalExpenditures": -78800000, "investments": 100000, "otherCashflowsFromInvestingActivities": -1500000, "totalCashflowsFromInvestingActivities": -79800000, "dividendsPaid": -19200000, "netBorrowings": -800000, "otherCashflowsFromFinancingActivities": -239600000, "totalCashFromFinancingActivities": -259600000, "changeInCash": -21300000}, {"maxAge": 1, "endDate": "2019-03-31", "netIncome": 85259000, "depreciation": 169202000, "changeToNetincome": 247625000, "changeToAccountReceivables": 87185000, "changeToLiabilities": -537989000, "changeToInventory": 210883000, "changeToOperatingActivities": -977000, "totalCashFromOperatingActivities": 261188000, "capitalExpenditures": -421554000, "investments": 42000, "otherCashflowsFromInvestingActivities": 77707000, "totalCashflowsFromInvestingActivities": -343805000, "dividendsPaid": -19240000, "netBorrowings": 370564000, "otherCashflowsFromFinancingActivities": -263195000, "totalCashFromFinancingActivities": 87486000, "changeInCash": 4869000, "repurchaseOfStock": -643000}, {"maxAge": 1, "endDate": "2018-03-31", "netIncome": 9118000, "depreciation": 144522000, "changeToNetincome": 247846000, "changeToAccountReceivables": -140031000, "changeToLiabilities": 431120000, "changeToInventory": -137195000, "changeToOperatingActivities": -181904000, "totalCashFromOperatingActivities": 373476000, "capitalExpenditures": -471285000, "investments": -24620000, "otherCashflowsFromInvestingActivities": -24620000, "totalCashflowsFromInvestingActivities": -443850000, "dividendsPaid": -19240000, "netBorrowings": 372532000, "otherCashflowsFromFinancingActivities": -262117000, "totalCashFromFinancingActivities": 91307000, "changeInCash": 20933000, "repurchaseOfStock": 132000}, {"maxAge": 1, "endDate": "2017-03-31", "netIncome": 233618000, "depreciation": 145234000, "changeToNetincome": 270117000, "changeToAccountReceivables": -14959000, "changeToLiabilities": 154411000, "changeToInventory": -192182000, "changeToOperatingActivities": 113448000, "totalCashFromOperatingActivities": 709687000, "capitalExpenditures": -134144000, "investments": -12100000, "otherCashflowsFromInvestingActivities": -24620000, "totalCashflowsFromInvestingActivities": -145524000, "dividendsPaid": -19240000, "netBorrowings": -265180000, "otherCashflowsFromFinancingActivities": -278978000, "totalCashFromFinancingActivities": -563398000, "changeInCash": 765000, "repurchaseOfStock": 132000}], "maxAge": 86400}, "institutionOwnership": {"maxAge": 1, "ownershipList": []}, "balanceSheetHistoryQuarterly": {"balanceSheetStatements": [{"maxAge": 1, "endDate": "2020-06-30", "totalStockholderEquity": 815900000, "netTangibleAssets": 815900000}, {"maxAge": 1, "endDate": "2020-03-31", "cash": 74300000, "netReceivables": 523300000, "inventory": 1435300000, "otherCurrentAssets": 524300000, "totalCurrentAssets": 2557200000, "longTermInvestments": 32900000, "propertyPlantEquipment": 1858200000, "otherAssets": 43400000, "totalAssets": 4491700000, "accountsPayable": 1420500000, "shortLongTermDebt": 119200000, "otherCurrentLiab": 56400000, "longTermDebt": 637400000, "otherLiab": 233900000, "totalCurrentLiabilities": 2803300000, "totalLiab": 3675800000, "commonStock": 256500000, "treasuryStock": 559400000, "otherStockholderEquity": 559400000, "totalStockholderEquity": 815900000, "netTangibleAssets": 815900000}, {"maxAge": 1, "endDate": "2019-12-31", "totalStockholderEquity": 853843000, "netTangibleAssets": 853843000}, {"maxAge": 1, "endDate": "2019-09-30", "cash": 93280000, "netReceivables": 523263000, "inventory": 1422190000, "otherCurrentAssets": 509076000, "totalCurrentAssets": 2547809000, "longTermInvestments": 32922000, "propertyPlantEquipment": 1948395000, "otherAssets": 56681000, "totalAssets": 4585807000, "accountsPayable": 1453783000, "shortLongTermDebt": 197424000, "otherCurrentLiab": 57873000, "longTermDebt": 640856000, "otherLiab": 274749000, "totalCurrentLiabilities": 2812428000, "totalLiab": 3731964000, "commonStock": 256490000, "treasuryStock": 597353000, "otherStockholderEquity": 597353000, "totalStockholderEquity": 853843000, "netTangibleAssets": 853843000}], "maxAge": 86400}, "earningsHistory": {"history": [{"maxAge": 1, "epsActual": {}, "epsEstimate": {}, "epsDifference": {}, "surprisePercent": {}, "quarter": {}, "period": "-4q"}, {"maxAge": 1, "epsActual": {}, "epsEstimate": {}, "epsDifference": {}, "surprisePercent": {}, "quarter": {}, "period": "-3q"}, {"maxAge": 1, "epsActual": {}, "epsEstimate": {}, "epsDifference": {}, "surprisePercent": {}, "quarter": {}, "period": "-2q"}, {"maxAge": 1, "epsActual": {}, "epsEstimate": {}, "epsDifference": {}, "surprisePercent": {}, "quarter": {}, "period": "-1q"}], "maxAge": 86400}, "indexTrend": {"maxAge": 1, "symbol": "SP5", "peRatio": 19.7411, "pegRatio": 1.34172, "estimates": [{"period": "0q", "growth": 0.549}, {"period": "+1q", "growth": 0.431}, {"period": "0y", "growth": 0.305}, {"period": "+1y", "growth": 0.109}, {"period": "+5y", "growth": 0.120859005}, {"period": "-5y"}]}, "industryTrend": {"maxAge": 1, "symbol": null, "estimates": []}, "insiderTransactions": {"transactions": [{"maxAge": 1, "shares": 7000, "filerUrl": "", "transactionText": "", "filerName": "Ganapathykumaran Investments Pvt Ltd", "filerRelation": "Promoter", "moneyText": "", "startDate": "2014-08-04", "ownership": "D"}, {"maxAge": 1, "shares": 368000, "filerUrl": "", "transactionText": "", "filerName": "Ganapathykumaran Investments Pvt Ltd", "filerRelation": "Promoter", "moneyText": "", "startDate": "2014-07-22", "ownership": "D"}, {"maxAge": 1, "shares": 519229, "filerUrl": "", "transactionText": "", "filerName": "IFCI Ltd", "filerRelation": "Institution- Corporation", "moneyText": "", "startDate": "2012-10-19", "ownership": "D"}], "maxAge": 1}, "quoteType": {"exchange": "BSE", "quoteType": "EQUITY", "symbol": "KGDENIM.BO", "underlyingSymbol": "KGDENIM.BO", "shortName": "KG DENIM LTD.", "longName": "K G Denim Limited", "firstTradeDateEpochUtc": "2000-01-03 09:15:00", "timeZoneFullName": "Asia/Kolkata", "timeZoneShortName": "IST", "uuid": "bdd38e2c-527f-328a-abd7-47b9ea204022", "messageBoardId": null, "gmtOffSetMilliseconds": 19800000, "maxAge": 1}, "incomeStatementHistory": {"incomeStatementHistory": [{"maxAge": 1, "endDate": "2020-03-31", "totalRevenue": 5092100000, "costOfRevenue": 4020300000, "grossProfit": 1071800000, "researchDevelopment": {}, "sellingGeneralAdministrative": 553700000, "nonRecurring": {}, "otherOperatingExpenses": 371800000, "totalOperatingExpenses": 5139000000, "operatingIncome": -46900000, "totalOtherIncomeExpenseNet": -205000000, "ebit": -46900000, "interestExpense": -235700000, "incomeBeforeTax": -251900000, "incomeTaxExpense": -87800000, "minorityInterest": {}, "netIncomeFromContinuingOps": -164100000, "discontinuedOperations": {}, "extraordinaryItems": {}, "effectOfAccountingCharges": {}, "otherItems": {}, "netIncome": -164100000, "netIncomeApplicableToCommonShares": -164100000}, {"maxAge": 1, "endDate": "2019-03-31", "totalRevenue": 7252608000, "costOfRevenue": 5645061000, "grossProfit": 1607547000, "researchDevelopment": {}, "sellingGeneralAdministrative": 623835000, "nonRecurring": {}, "otherOperatingExpenses": 424418000, "totalOperatingExpenses": 6886488000, "operatingIncome": 366120000, "totalOtherIncomeExpenseNet": -241767000, "ebit": 366120000, "interestExpense": -215154000, "incomeBeforeTax": 124353000, "incomeTaxExpense": 39094000, "minorityInterest": {}, "netIncomeFromContinuingOps": 85259000, "discontinuedOperations": {}, "extraordinaryItems": {}, "effectOfAccountingCharges": {}, "otherItems": {}, "netIncome": 85259000, "netIncomeApplicableToCommonShares": 85259000}, {"maxAge": 1, "endDate": "2018-03-31", "totalRevenue": 7143937000, "costOfRevenue": 5731375000, "grossProfit": 1412562000, "researchDevelopment": {}, "sellingGeneralAdministrative": 589463000, "nonRecurring": {}, "otherOperatingExpenses": 456766000, "totalOperatingExpenses": 6922798000, "operatingIncome": 221139000, "totalOtherIncomeExpenseNet": -203751000, "ebit": 221139000, "interestExpense": -199776000, "incomeBeforeTax": 17388000, "incomeTaxExpense": 8270000, "minorityInterest": {}, "netIncomeFromContinuingOps": 9118000, "discontinuedOperations": {}, "extraordinaryItems": {}, "effectOfAccountingCharges": {}, "otherItems": {}, "netIncome": 9118000, "netIncomeApplicableToCommonShares": 9117000}, {"maxAge": 1, "endDate": "2017-03-31", "totalRevenue": 6944850000, "costOfRevenue": 5197382000, "grossProfit": 1747468000, "researchDevelopment": {}, "sellingGeneralAdministrative": 574002000, "nonRecurring": {}, "otherOperatingExpenses": 406693000, "totalOperatingExpenses": 6323237000, "operatingIncome": 621613000, "totalOtherIncomeExpenseNet": -235130000, "ebit": 621613000, "interestExpense": -214036000, "incomeBeforeTax": 386483000, "incomeTaxExpense": 152865000, "minorityInterest": {}, "netIncomeFromContinuingOps": 233618000, "discontinuedOperations": {}, "extraordinaryItems": {}, "effectOfAccountingCharges": {}, "otherItems": {}, "netIncome": 233618000, "netIncomeApplicableToCommonShares": 233618000}], "maxAge": 86400}, "fundOwnership": {"maxAge": 1, "ownershipList": []}, "summaryDetail": {"maxAge": 1, "priceHint": 2, "previousClose": 29.4, "open": 29.45, "dayLow": 27.8, "dayHigh": 29.45, "regularMarketPreviousClose": 29.4, "regularMarketOpen": 29.45, "regularMarketDayLow": 27.8, "regularMarketDayHigh": 29.45, "volume": 10038, "regularMarketVolume": 10038, "averageVolume": 20957, "averageVolume10days": 11391, "averageDailyVolume10Day": 11391, "bid": 28.7, "ask": 28.9, "bidSize": 0, "askSize": 0, "marketCap": 735804864, "fiftyTwoWeekLow": 16.1, "fiftyTwoWeekHigh": 32.75, "fiftyDayAverage": 27.51, "twoHundredDayAverage": 23.695255, "trailingAnnualDividendRate": 0.75, "trailingAnnualDividendYield": 0.025510205, "currency": "INR", "fromCurrency": null, "toCurrency": null, "lastMarket": null, "algorithm": null, "tradeable": false}, "sectorTrend": {"maxAge": 1, "symbol": null, "estimates": []}, "incomeStatementHistoryQuarterly": {"incomeStatementHistory": [{"maxAge": 1, "endDate": "2020-06-30", "totalRevenue": 521600000, "costOfRevenue": 375100000, "grossProfit": 146500000, "researchDevelopment": {}, "sellingGeneralAdministrative": 78400000, "nonRecurring": {}, "otherOperatingExpenses": 37600000, "totalOperatingExpenses": 530400000, "operatingIncome": -8800000, "totalOtherIncomeExpenseNet": -47700000, "ebit": -8800000, "interestExpense": -51100000, "incomeBeforeTax": -56500000, "incomeTaxExpense": -17300000, "minorityInterest": {}, "netIncomeFromContinuingOps": -39200000, "discontinuedOperations": {}, "extraordinaryItems": {}, "effectOfAccountingCharges": {}, "otherItems": {}, "netIncome": -39200000, "netIncomeApplicableToCommonShares": -39200000}, {"maxAge": 1, "endDate": "2020-03-31", "totalRevenue": 1162900000, "costOfRevenue": 911300000, "grossProfit": 251600000, "researchDevelopment": {}, "sellingGeneralAdministrative": 162400000, "nonRecurring": {}, "otherOperatingExpenses": 96400000, "totalOperatingExpenses": 1214600000, "operatingIncome": -51700000, "totalOtherIncomeExpenseNet": -48700000, "ebit": -51700000, "interestExpense": -66600000, "incomeBeforeTax": -100400000, "incomeTaxExpense": -36000000, "minorityInterest": {}, "netIncomeFromContinuingOps": -64400000, "discontinuedOperations": {}, "extraordinaryItems": {}, "effectOfAccountingCharges": {}, "otherItems": {}, "netIncome": -64400000, "netIncomeApplicableToCommonShares": -64400000}, {"maxAge": 1, "endDate": "2019-12-31", "totalRevenue": 1417600000, "costOfRevenue": 1069500000, "grossProfit": 348100000, "researchDevelopment": {}, "sellingGeneralAdministrative": 132500000, "nonRecurring": {}, "otherOperatingExpenses": 101700000, "totalOperatingExpenses": 1355100000, "operatingIncome": 62500000, "totalOtherIncomeExpenseNet": -52000000, "ebit": 62500000, "interestExpense": -56800000, "incomeBeforeTax": 10500000, "incomeTaxExpense": -2900000, "minorityInterest": {}, "netIncomeFromContinuingOps": 13400000, "discontinuedOperations": {}, "extraordinaryItems": {}, "effectOfAccountingCharges": {}, "otherItems": {}, "netIncome": 13400000, "netIncomeApplicableToCommonShares": 13400000}, {"maxAge": 1, "endDate": "2019-09-30", "totalRevenue": 1211900000, "costOfRevenue": 1008600000, "grossProfit": 203300000, "researchDevelopment": {}, "sellingGeneralAdministrative": 117600000, "nonRecurring": {}, "otherOperatingExpenses": 92900000, "totalOperatingExpenses": 1272200000, "operatingIncome": -60300000, "totalOtherIncomeExpenseNet": -49300000, "ebit": -60300000, "interestExpense": -55000000, "incomeBeforeTax": -109600000, "incomeTaxExpense": -49000000, "minorityInterest": {}, "netIncomeFromContinuingOps": -60600000, "discontinuedOperations": {}, "extraordinaryItems": {}, "effectOfAccountingCharges": {}, "otherItems": {}, "netIncome": -60600000, "netIncomeApplicableToCommonShares": -60600000}], "maxAge": 86400}, "cashflowStatementHistoryQuarterly": {"cashflowStatements": [{"maxAge": 1, "endDate": "2020-06-30", "netIncome": -39200000, "changeToLiabilities": 0}, {"maxAge": 1, "endDate": "2020-03-31", "netIncome": -64400000, "changeToLiabilities": 0}, {"maxAge": 1, "endDate": "2019-12-31", "netIncome": 13400000, "changeToLiabilities": 0}, {"maxAge": 1, "endDate": "2019-09-30", "netIncome": -60600000, "changeToLiabilities": 0}], "maxAge": 86400}, "insiderHolders": {"holders": [{"maxAge": 1, "name": "Ganapathykumaran Investments Pvt Ltd", "relation": "Promoter", "url": "", "transactionDescription": "Acquisition", "latestTransDate": "2014-08-04", "positionDirect": 1014255, "positionDirectDate": "2014-08-04"}, {"maxAge": 1, "name": "IFCI Ltd", "relation": "Institution- Corporation", "url": "", "transactionDescription": "Sale", "latestTransDate": "2012-10-19", "positionDirect": 960527, "positionDirectDate": "2012-10-19"}], "maxAge": 1}, "earnings": {"maxAge": 86400, "earningsChart": {"quarterly": [], "earningsDate": ["2020-09-14 05:30:S"]}, "financialsChart": {"yearly": [{"date": 2017, "revenue": 6944850000, "earnings": 233618000}, {"date": 2018, "revenue": 7143937000, "earnings": 9118000}, {"date": 2019, "revenue": 7252608000, "earnings": 85259000}, {"date": 2020, "revenue": 5092100000, "earnings": -164100000}], "quarterly": [{"date": "3Q2019", "revenue": 1211900000, "earnings": -60600000}, {"date": "4Q2019", "revenue": 1417600000, "earnings": 13400000}, {"date": "1Q2020", "revenue": 1162900000, "earnings": -64400000}, {"date": "2Q2020", "revenue": 521600000, "earnings": -39200000}]}, "financialCurrency": "INR"}, "calendarEvents": {"maxAge": 1, "earnings": {"earningsDate": ["2020-09-14 05:30:S"]}}, "price": {"maxAge": 1, "regularMarketChangePercent": -0.023809485, "regularMarketChange": -0.69999886, "regularMarketTime": "2021-04-30 15:25:04", "priceHint": 2, "regularMarketPrice": 28.7, "regularMarketDayHigh": 29.45, "regularMarketDayLow": 27.8, "regularMarketVolume": 10038, "averageDailyVolume10Day": 11391, "averageDailyVolume3Month": 20957, "regularMarketPreviousClose": 29.4, "regularMarketSource": "FREE_REALTIME", "regularMarketOpen": 29.45, "exchange": "BSE", "exchangeName": "BSE", "exchangeDataDelayedBy": 0, "marketState": "CLOSED", "quoteType": "EQUITY", "symbol": "KGDENIM.BO", "underlyingSymbol": null, "shortName": "KG DENIM LTD.", "longName": "K G Denim Limited", "currency": "INR", "quoteSourceName": "Delayed Quote", "currencySymbol": "\u20b9", "fromCurrency": null, "toCurrency": null, "lastMarket": null, "marketCap": 735804864}, "balanceSheetHistory": {"balanceSheetStatements": [{"maxAge": 1, "endDate": "2020-03-31", "cash": 74300000, "netReceivables": 523300000, "inventory": 1435300000, "otherCurrentAssets": 524300000, "totalCurrentAssets": 2557200000, "longTermInvestments": 32900000, "propertyPlantEquipment": 1858200000, "otherAssets": 43400000, "totalAssets": 4491700000, "accountsPayable": 1420500000, "shortLongTermDebt": 119200000, "otherCurrentLiab": 56400000, "longTermDebt": 637400000, "otherLiab": 233900000, "totalCurrentLiabilities": 2803300000, "totalLiab": 3675800000, "commonStock": 256500000, "treasuryStock": 559400000, "otherStockholderEquity": 559400000, "totalStockholderEquity": 815900000, "netTangibleAssets": 815900000}, {"maxAge": 1, "endDate": "2019-03-31", "cash": 58997000, "netReceivables": 854185000, "inventory": 1570220000, "otherCurrentAssets": 90855000, "totalCurrentAssets": 2585106000, "longTermInvestments": 33059000, "propertyPlantEquipment": 1972746000, "otherAssets": 52905000, "totalAssets": 4643816000, "accountsPayable": 1296518000, "shortLongTermDebt": 196274000, "otherCurrentLiab": 43453000, "longTermDebt": 686826000, "otherLiab": 344279000, "totalCurrentLiabilities": 2618645000, "totalLiab": 3653571000, "commonStock": 256378000, "retainedEarnings": 689150000, "treasuryStock": 273000, "capitalSurplus": 44444000, "otherStockholderEquity": 273000, "totalStockholderEquity": 990245000, "netTangibleAssets": 990245000}, {"maxAge": 1, "endDate": "2018-03-31", "cash": 54128000, "netReceivables": 950265000, "inventory": 1743160000, "otherCurrentAssets": 184200000, "totalCurrentAssets": 2944111000, "longTermInvestments": 33101000, "propertyPlantEquipment": 1720392000, "otherAssets": 52870000, "totalAssets": 4750474000, "accountsPayable": 1634939000, "shortLongTermDebt": 186515000, "otherCurrentLiab": 230983000, "longTermDebt": 538626000, "otherLiab": 324120000, "totalCurrentLiabilities": 2949349000, "totalLiab": 3817359000, "commonStock": 256539000, "retainedEarnings": 632020000, "treasuryStock": 112000, "capitalSurplus": 44444000, "otherStockholderEquity": 112000, "totalStockholderEquity": 933115000, "netTangibleAssets": 933115000}, {"maxAge": 1, "endDate": "2017-03-31", "cash": 33195000, "netReceivables": 565663000, "inventory": 1522500000, "otherCurrentAssets": 257328000, "totalCurrentAssets": 2397677000, "longTermInvestments": 33233000, "propertyPlantEquipment": 1445766000, "otherAssets": 34277000, "totalAssets": 3910953000, "accountsPayable": 1344731000, "shortLongTermDebt": 177674000, "otherCurrentLiab": 92730000, "longTermDebt": 349927000, "otherLiab": 290449000, "totalCurrentLiabilities": 2325095000, "totalLiab": 2966991000, "commonStock": 256539000, "retainedEarnings": 642867000, "treasuryStock": 112000, "capitalSurplus": 44444000, "otherStockholderEquity": 112000, "totalStockholderEquity": 943962000, "netTangibleAssets": 943962000}], "maxAge": 86400}, "earningsTrend": {"trend": [{"maxAge": 1, "period": "0q", "endDate": null, "growth": {}, "earningsEstimate": {"avg": 0.0, "low": 0.0, "high": 0.0, "yearAgoEps": {}, "numberOfAnalysts": 0, "growth": {}}, "revenueEstimate": {"avg": 0, "low": 0, "high": 0, "numberOfAnalysts": 0, "yearAgoRevenue": {}, "growth": {}}, "epsTrend": {"current": 0.0, "7daysAgo": 0.0, "30daysAgo": 0.0, "60daysAgo": 0.0, "90daysAgo": 0.0}, "epsRevisions": {"upLast7days": 0, "upLast30days": 0, "downLast30days": 0, "downLast90days": {}}}, {"maxAge": 1, "period": "+1q", "endDate": null, "growth": {}, "earningsEstimate": {"avg": 0.0, "low": 0.0, "high": 0.0, "yearAgoEps": {}, "numberOfAnalysts": 0, "growth": {}}, "revenueEstimate": {"avg": 0, "low": 0, "high": 0, "numberOfAnalysts": 0, "yearAgoRevenue": {}, "growth": {}}, "epsTrend": {"current": 0.0, "7daysAgo": 0.0, "30daysAgo": 0.0, "60daysAgo": 0.0, "90daysAgo": 0.0}, "epsRevisions": {"upLast7days": 0, "upLast30days": 0, "downLast30days": 0, "downLast90days": {}}}, {"maxAge": 1, "period": "0y", "endDate": null, "growth": {}, "earningsEstimate": {"avg": 0.0, "low": 0.0, "high": 0.0, "yearAgoEps": {}, "numberOfAnalysts": 0, "growth": {}}, "revenueEstimate": {"avg": 0, "low": 0, "high": 0, "numberOfAnalysts": 0, "yearAgoRevenue": {}, "growth": {}}, "epsTrend": {"current": 0.0, "7daysAgo": 0.0, "30daysAgo": 0.0, "60daysAgo": 0.0, "90daysAgo": 0.0}, "epsRevisions": {"upLast7days": 0, "upLast30days": 0, "downLast30days": 0, "downLast90days": {}}}, {"maxAge": 1, "period": "+1y", "endDate": null, "growth": {}, "earningsEstimate": {"avg": 0.0, "low": 0.0, "high": 0.0, "yearAgoEps": {}, "numberOfAnalysts": 0, "growth": {}}, "revenueEstimate": {"avg": 0, "low": 0, "high": 0, "numberOfAnalysts": 0, "yearAgoRevenue": {}, "growth": {}}, "epsTrend": {"current": 0.0, "7daysAgo": 0.0, "30daysAgo": 0.0, "60daysAgo": 0.0, "90daysAgo": 0.0}, "epsRevisions": {"upLast7days": 0, "upLast30days": 0, "downLast30days": 0, "downLast90days": {}}}, {"maxAge": 1, "period": "+5y", "endDate": null, "growth": {}, "earningsEstimate": {"avg": {}, "low": {}, "high": {}, "yearAgoEps": {}, "numberOfAnalysts": {}, "growth": {}}, "revenueEstimate": {"avg": {}, "low": {}, "high": {}, "numberOfAnalysts": {}, "yearAgoRevenue": {}, "growth": {}}, "epsTrend": {"current": {}, "7daysAgo": {}, "30daysAgo": {}, "60daysAgo": {}, "90daysAgo": {}}, "epsRevisions": {"upLast7days": {}, "upLast30days": {}, "downLast30days": {}, "downLast90days": {}}}, {"maxAge": 1, "period": "-5y", "endDate": null, "growth": {}, "earningsEstimate": {"avg": {}, "low": {}, "high": {}, "yearAgoEps": {}, "numberOfAnalysts": {}, "growth": {}}, "revenueEstimate": {"avg": {}, "low": {}, "high": {}, "numberOfAnalysts": {}, "yearAgoRevenue": {}, "growth": {}}, "epsTrend": {"current": {}, "7daysAgo": {}, "30daysAgo": {}, "60daysAgo": {}, "90daysAgo": {}}, "epsRevisions": {"upLast7days": {}, "upLast30days": {}, "downLast30days": {}, "downLast90days": {}}}], "maxAge": 1}, "financialData": {"maxAge": 86400, "currentPrice": 28.7, "recommendationKey": "none", "grossProfits": 1071800000, "financialCurrency": "INR"}}}