{"KGPETRO.BO": {"cashflowStatementHistory": {"cashflowStatements": [{"maxAge": 1, "endDate": "2020-03-31", "netIncome": 174709000, "depreciation": 177248000, "changeToNetincome": 23281000, "changeToAccountReceivables": -239000, "changeToLiabilities": -89543000, "changeToInventory": -16013000, "changeToOperatingActivities": 41571000, "totalCashFromOperatingActivities": 311014000, "capitalExpenditures": -202354000, "otherCashflowsFromInvestingActivities": 18438000, "totalCashflowsFromInvestingActivities": -183516000, "netBorrowings": -44020000, "otherCashflowsFromFinancingActivities": -85096000, "totalCashFromFinancingActivities": -129116000, "changeInCash": -1619000}, {"maxAge": 1, "endDate": "2019-03-31", "netIncome": 86955000, "depreciation": 170477000, "changeToNetincome": 69157000, "changeToAccountReceivables": 8497000, "changeToLiabilities": 227562000, "changeToInventory": -313944000, "changeToOperatingActivities": -275000, "totalCashFromOperatingActivities": 248429000, "capitalExpenditures": -245399000, "otherCashflowsFromInvestingActivities": 17130000, "totalCashflowsFromInvestingActivities": -228269000, "netBorrowings": 51525000, "otherCashflowsFromFinancingActivities": -67771000, "totalCashFromFinancingActivities": -16246000, "changeInCash": 3915000}, {"maxAge": 1, "endDate": "2018-03-31", "netIncome": 78149000, "depreciation": 155480000, "changeToNetincome": 32499000, "changeToAccountReceivables": -143426000, "changeToLiabilities": 19260000, "changeToInventory": 85876000, "changeToOperatingActivities": 19656000, "totalCashFromOperatingActivities": 242015000, "capitalExpenditures": -350011000, "otherCashflowsFromInvestingActivities": 16349000, "totalCashflowsFromInvestingActivities": -333662000, "netBorrowings": 94688000, "otherCashflowsFromFinancingActivities": -52107000, "totalCashFromFinancingActivities": 42581000, "changeInCash": -49066000}, {"maxAge": 1, "endDate": "2017-03-31", "netIncome": 100195000, "depreciation": 141960000, "changeToNetincome": 68116000, "changeToAccountReceivables": -84580000, "changeToLiabilities": 30470000, "changeToInventory": -139649000, "changeToOperatingActivities": 171235000, "totalCashFromOperatingActivities": 270508000, "capitalExpenditures": -68492000, "otherCashflowsFromInvestingActivities": 12007000, "totalCashflowsFromInvestingActivities": -56109000, "netBorrowings": -107512000, "otherCashflowsFromFinancingActivities": -57302000, "totalCashFromFinancingActivities": -164814000, "changeInCash": 49585000}], "maxAge": 86400}, "institutionOwnership": {"maxAge": 1, "ownershipList": []}, "balanceSheetHistoryQuarterly": {"balanceSheetStatements": [{"maxAge": 1, "endDate": "2020-06-30", "totalStockholderEquity": 1303970000, "netTangibleAssets": 1303970000}, {"maxAge": 1, "endDate": "2020-03-31", "cash": 3977000, "netReceivables": 1146149000, "inventory": 609207000, "otherCurrentAssets": 17618000, "totalCurrentAssets": 1780370000, "propertyPlantEquipment": 1591547000, "otherAssets": 27951000, "totalAssets": 3399868000, "accountsPayable": 277751000, "shortLongTermDebt": 124709000, "otherCurrentLiab": 43126000, "longTermDebt": 613646000, "otherLiab": 118901000, "deferredLongTermLiab": 999000, "totalCurrentLiabilities": 1363351000, "totalLiab": 2095898000, "commonStock": 52210000, "retainedEarnings": 804657000, "treasuryStock": 447103000, "otherStockholderEquity": 447103000, "totalStockholderEquity": 1303970000, "netTangibleAssets": 1303970000}, {"maxAge": 1, "endDate": "2019-12-31", "totalStockholderEquity": 1212720000, "netTangibleAssets": 1212720000}, {"maxAge": 1, "endDate": "2019-09-30", "cash": 17100000, "netReceivables": 698554000, "inventory": 671803000, "otherCurrentAssets": 373441000, "totalCurrentAssets": 1760898000, "propertyPlantEquipment": 1598273000, "otherAssets": 23585000, "totalAssets": 3382756000, "accountsPayable": 273597000, "otherCurrentLiab": 366347000, "longTermDebt": 659957000, "otherLiab": 127827000, "totalCurrentLiabilities": 1382252000, "totalLiab": 2170036000, "commonStock": 58153000, "treasuryStock": 1154567000, "otherStockholderEquity": 1154567000, "totalStockholderEquity": 1212720000, "netTangibleAssets": 1212720000}], "maxAge": 86400}, "indexTrend": {"maxAge": 1, "symbol": "SP5", "peRatio": 19.7411, "pegRatio": 1.34172, "estimates": [{"period": "0q", "growth": 0.549}, {"period": "+1q", "growth": 0.431}, {"period": "0y", "growth": 0.305}, {"period": "+1y", "growth": 0.109}, {"period": "+5y", "growth": 0.120859005}, {"period": "-5y"}]}, "insiderTransactions": {"transactions": [{"maxAge": 1, "shares": 218700, "filerUrl": "", "transactionText": "", "filerName": "Kandoi (Gauri Shanker)", "filerRelation": "UNREPORTED", "moneyText": "", "startDate": "2016-01-12", "ownership": "D"}, {"maxAge": 1, "shares": 121000, "filerUrl": "", "transactionText": "", "filerName": "Kandoi (Gauri Shanker)", "filerRelation": "Chairman of the Board", "moneyText": "", "startDate": "2015-04-01", "ownership": "D"}, {"maxAge": 1, "shares": 140000, "filerUrl": "", "transactionText": "", "filerName": "Singhal (Manish)", "filerRelation": "Director (Executive)", "moneyText": "", "startDate": "2015-04-01", "ownership": "D"}, {"maxAge": 1, "shares": 25600, "filerUrl": "", "transactionText": "", "filerName": "Kandoi (Gauri Shanker)", "filerRelation": "Chairman of the Board", "moneyText": "", "startDate": "2015-03-26", "ownership": "D"}, {"maxAge": 1, "shares": 86000, "filerUrl": "", "transactionText": "", "filerName": "Singhal (Manish)", "filerRelation": "Director (Executive)", "moneyText": "", "startDate": "2015-03-26", "ownership": "D"}, {"maxAge": 1, "shares": 94800, "filerUrl": "", "transactionText": "", "filerName": "Singhal (Manish)", "filerRelation": "Director (Executive)", "moneyText": "", "startDate": "2015-03-25", "ownership": "D"}, {"maxAge": 1, "shares": 43515, "filerUrl": "", "transactionText": "", "filerName": "Singhal (Manish)", "filerRelation": "Director (Executive)", "moneyText": "", "startDate": "2015-03-24", "ownership": "D"}, {"maxAge": 1, "shares": 10000, "filerUrl": "", "transactionText": "", "filerName": "Singhal (Manish)", "filerRelation": "Director (Executive)", "moneyText": "", "startDate": "2015-03-23", "ownership": "D"}, {"maxAge": 1, "shares": 60000, "filerUrl": "", "transactionText": "", "filerName": "Singhal (Manish)", "filerRelation": "Director (Executive)", "moneyText": "", "startDate": "2015-03-20", "ownership": "D"}, {"maxAge": 1, "shares": 104777, "filerUrl": "", "transactionText": "", "filerName": "Kandoi (Gauri Shanker)", "filerRelation": "Chairman of the Board", "moneyText": "", "startDate": "2014-01-23", "ownership": "D"}, {"maxAge": 1, "shares": 40000, "filerUrl": "", "transactionText": "", "filerName": "Singhal (Manish)", "filerRelation": "Director (Executive)", "moneyText": "", "startDate": "2013-12-28", "ownership": "D"}, {"maxAge": 1, "shares": 60000, "filerUrl": "", "transactionText": "", "filerName": "Singhal (Manish)", "filerRelation": "Director (Executive)", "moneyText": "", "startDate": "2013-02-12", "ownership": "D"}, {"maxAge": 1, "shares": 14480, "filerUrl": "", "transactionText": "", "filerName": "Kandoi (Gauri Shanker)", "filerRelation": "Chairman of the Board", "moneyText": "", "startDate": "2013-02-04", "ownership": "D"}, {"maxAge": 1, "shares": 25000, "filerUrl": "", "transactionText": "", "filerName": "Singhal (Manish)", "filerRelation": "Director (Executive)", "moneyText": "", "startDate": "2013-01-31", "ownership": "D"}, {"maxAge": 1, "shares": 40000, "filerUrl": "", "transactionText": "", "filerName": "Kandoi (Gauri Shanker)", "filerRelation": "Chairman of the Board", "moneyText": "", "startDate": "2013-01-28", "ownership": "D"}, {"maxAge": 1, "shares": 29310, "filerUrl": "", "transactionText": "", "filerName": "Singhal (Manish)", "filerRelation": "Director (Executive)", "moneyText": "", "startDate": "2013-01-28", "ownership": "D"}], "maxAge": 1}, "quoteType": {"exchange": "BSE", "quoteType": "EQUITY", "symbol": "KGPETRO.BO", "underlyingSymbol": "KGPETRO.BO", "shortName": "KG PETROCHEM LTD.", "longName": "KG Petrochem Limited", "firstTradeDateEpochUtc": "2007-02-14 09:15:00", "timeZoneFullName": "Asia/Kolkata", "timeZoneShortName": "IST", "uuid": "79ac61dd-35b5-3f30-878e-a9b3686a1e05", "messageBoardId": null, "gmtOffSetMilliseconds": 19800000, "maxAge": 1}, "incomeStatementHistory": {"incomeStatementHistory": [{"maxAge": 1, "endDate": "2020-03-31", "totalRevenue": 3294773000, "costOfRevenue": 2356034000, "grossProfit": 938739000, "researchDevelopment": {}, "sellingGeneralAdministrative": 286630000, "nonRecurring": {}, "otherOperatingExpenses": 210257000, "totalOperatingExpenses": 3030169000, "operatingIncome": 264604000, "totalOtherIncomeExpenseNet": -59178000, "ebit": 264604000, "interestExpense": -68824000, "incomeBeforeTax": 205426000, "incomeTaxExpense": 30717000, "minorityInterest": {}, "netIncomeFromContinuingOps": 174709000, "discontinuedOperations": {}, "extraordinaryItems": {}, "effectOfAccountingCharges": {}, "otherItems": {}, "netIncome": 174709000, "netIncomeApplicableToCommonShares": 174709000}, {"maxAge": 1, "endDate": "2019-03-31", "totalRevenue": 2490743000, "costOfRevenue": 1809120000, "grossProfit": 681623000, "researchDevelopment": {}, "sellingGeneralAdministrative": 241705000, "nonRecurring": {}, "otherOperatingExpenses": 124999000, "totalOperatingExpenses": 2346301000, "operatingIncome": 144442000, "totalOtherIncomeExpenseNet": 8056000, "ebit": 144442000, "interestExpense": -55089000, "incomeBeforeTax": 152498000, "incomeTaxExpense": 65543000, "minorityInterest": {}, "netIncomeFromContinuingOps": 86955000, "discontinuedOperations": {}, "extraordinaryItems": {}, "effectOfAccountingCharges": {}, "otherItems": {}, "netIncome": 86955000, "netIncomeApplicableToCommonShares": 86955000}, {"maxAge": 1, "endDate": "2018-03-31", "totalRevenue": 2272738000, "costOfRevenue": 1655071000, "grossProfit": 617667000, "researchDevelopment": {}, "sellingGeneralAdministrative": 234218000, "nonRecurring": {}, "otherOperatingExpenses": 140870000, "totalOperatingExpenses": 2185639000, "operatingIncome": 87099000, "totalOtherIncomeExpenseNet": 10902000, "ebit": 87099000, "interestExpense": -41909000, "incomeBeforeTax": 98001000, "incomeTaxExpense": 19852000, "minorityInterest": {}, "netIncomeFromContinuingOps": 78149000, "discontinuedOperations": {}, "extraordinaryItems": {}, "effectOfAccountingCharges": {}, "otherItems": {}, "netIncome": 78149000, "netIncomeApplicableToCommonShares": 78149000}, {"maxAge": 1, "endDate": "2017-03-31", "totalRevenue": 2264175000, "costOfRevenue": 1549150000, "grossProfit": 715025000, "researchDevelopment": {}, "sellingGeneralAdministrative": 262002000, "nonRecurring": {}, "otherOperatingExpenses": 139452000, "totalOperatingExpenses": 2093274000, "operatingIncome": 170901000, "totalOtherIncomeExpenseNet": -10097000, "ebit": 170901000, "interestExpense": -45512000, "incomeBeforeTax": 160804000, "incomeTaxExpense": 60609000, "minorityInterest": {}, "netIncomeFromContinuingOps": 100195000, "discontinuedOperations": {}, "extraordinaryItems": {}, "effectOfAccountingCharges": {}, "otherItems": {}, "netIncome": 100195000, "netIncomeApplicableToCommonShares": 100195000}], "maxAge": 86400}, "fundOwnership": {"maxAge": 1, "ownershipList": []}, "summaryDetail": {"maxAge": 1, "priceHint": 2, "previousClose": 231.6, "open": 241.0, "dayLow": 225.1, "dayHigh": 242.9, "regularMarketPreviousClose": 231.6, "regularMarketOpen": 241.0, "regularMarketDayLow": 225.1, "regularMarketDayHigh": 242.9, "trailingPE": 12.501937, "volume": 331, "regularMarketVolume": 331, "averageVolume": 4384, "averageVolume10days": 2511, "averageDailyVolume10Day": 2511, "bid": 228.0, "ask": 242.0, "bidSize": 0, "askSize": 0, "marketCap": 1263481984, "fiftyTwoWeekLow": 46.8, "fiftyTwoWeekHigh": 242.9, "fiftyDayAverage": 159.46428, "twoHundredDayAverage": 121.97226, "currency": "INR", "fromCurrency": null, "toCurrency": null, "lastMarket": null, "algorithm": null, "tradeable": false}, "incomeStatementHistoryQuarterly": {"incomeStatementHistory": [{"maxAge": 1, "endDate": "2020-06-30", "totalRevenue": 247423000, "costOfRevenue": 94096000, "grossProfit": 153327000, "researchDevelopment": {}, "sellingGeneralAdministrative": 39262000, "nonRecurring": {}, "otherOperatingExpenses": 98642000, "totalOperatingExpenses": 264022000, "operatingIncome": -16599000, "totalOtherIncomeExpenseNet": -1401000, "ebit": -16599000, "interestExpense": -12373000, "incomeBeforeTax": -18000000, "incomeTaxExpense": 594000, "minorityInterest": {}, "netIncomeFromContinuingOps": -18594000, "discontinuedOperations": {}, "extraordinaryItems": {}, "effectOfAccountingCharges": {}, "otherItems": {}, "netIncome": -18594000, "netIncomeApplicableToCommonShares": -18594000}, {"maxAge": 1, "endDate": "2020-03-31", "totalRevenue": 1027040000, "costOfRevenue": 1245450000, "grossProfit": -218410000, "researchDevelopment": {}, "sellingGeneralAdministrative": 85380000, "nonRecurring": {}, "otherOperatingExpenses": -506657000, "totalOperatingExpenses": 873554000, "operatingIncome": 153486000, "totalOtherIncomeExpenseNet": -8870000, "ebit": 153486000, "interestExpense": -11441000, "incomeBeforeTax": 144616000, "incomeTaxExpense": 38206000, "minorityInterest": {}, "netIncomeFromContinuingOps": 106410000, "discontinuedOperations": {}, "extraordinaryItems": {}, "effectOfAccountingCharges": {}, "otherItems": {}, "netIncome": 106410000, "netIncomeApplicableToCommonShares": 106410000}, {"maxAge": 1, "endDate": "2019-12-31", "totalRevenue": 693978000, "costOfRevenue": 327743000, "grossProfit": 366235000, "researchDevelopment": {}, "sellingGeneralAdministrative": 67859000, "nonRecurring": {}, "otherOperatingExpenses": 246180000, "totalOperatingExpenses": 682144000, "operatingIncome": 11834000, "totalOtherIncomeExpenseNet": -55363000, "ebit": 11834000, "interestExpense": -21625000, "incomeBeforeTax": -43529000, "incomeTaxExpense": -28369000, "minorityInterest": {}, "netIncomeFromContinuingOps": -15160000, "discontinuedOperations": {}, "extraordinaryItems": {}, "effectOfAccountingCharges": {}, "otherItems": {}, "netIncome": -15160000, "netIncomeApplicableToCommonShares": -15160000}, {"maxAge": 1, "endDate": "2019-09-30", "totalRevenue": 691140000, "costOfRevenue": 317907000, "grossProfit": 373233000, "researchDevelopment": {}, "sellingGeneralAdministrative": 67499000, "nonRecurring": {}, "otherOperatingExpenses": 238326000, "totalOperatingExpenses": 660238000, "operatingIncome": 30902000, "totalOtherIncomeExpenseNet": -2489000, "ebit": 30902000, "interestExpense": -19465000, "incomeBeforeTax": 28413000, "incomeTaxExpense": -16000, "minorityInterest": {}, "netIncomeFromContinuingOps": 28429000, "discontinuedOperations": {}, "extraordinaryItems": {}, "effectOfAccountingCharges": {}, "otherItems": {}, "netIncome": 28429000, "netIncomeApplicableToCommonShares": 28429000}], "maxAge": 86400}, "cashflowStatementHistoryQuarterly": {"cashflowStatements": [{"maxAge": 1, "endDate": "2020-06-30", "netIncome": -18594000, "changeToLiabilities": 0}, {"maxAge": 1, "endDate": "2020-03-31", "netIncome": 106410000, "changeToLiabilities": 0}, {"maxAge": 1, "endDate": "2019-12-31", "netIncome": -15160000, "changeToLiabilities": 0}, {"maxAge": 1, "endDate": "2019-09-30", "netIncome": 28429000, "changeToLiabilities": 0}], "maxAge": 86400}, "insiderHolders": {"holders": [{"maxAge": 1, "name": "Kandoi (Gauri Shanker)", "relation": "UNREPORTED", "url": "", "transactionDescription": "Other", "latestTransDate": "2016-01-12", "positionDirect": 1428807, "positionDirectDate": "2016-01-12"}, {"maxAge": 1, "name": "Singhal (Manish)", "relation": "Director (Executive)", "url": "", "transactionDescription": "Acquisition", "latestTransDate": "2015-04-01", "positionDirect": 1377625, "positionDirectDate": "2015-04-01"}], "maxAge": 1}, "calendarEvents": {"maxAge": 1, "earnings": {"earningsDate": ["2020-09-12 05:30:S"]}}, "price": {"maxAge": 1, "regularMarketChangePercent": 0.04490498, "regularMarketChange": 10.399994, "regularMarketTime": "2021-04-30 15:26:59", "priceHint": 2, "regularMarketPrice": 242.0, "regularMarketDayHigh": 242.9, "regularMarketDayLow": 225.1, "regularMarketVolume": 331, "averageDailyVolume10Day": 2511, "averageDailyVolume3Month": 4384, "regularMarketPreviousClose": 231.6, "regularMarketSource": "FREE_REALTIME", "regularMarketOpen": 241.0, "exchange": "BSE", "exchangeName": "BSE", "exchangeDataDelayedBy": 0, "marketState": "CLOSED", "quoteType": "EQUITY", "symbol": "KGPETRO.BO", "underlyingSymbol": null, "shortName": "KG PETROCHEM LTD.", "longName": "KG Petrochem Limited", "currency": "INR", "quoteSourceName": "Delayed Quote", "currencySymbol": "\u20b9", "fromCurrency": null, "toCurrency": null, "lastMarket": null, "marketCap": 1263481984}, "balanceSheetHistory": {"balanceSheetStatements": [{"maxAge": 1, "endDate": "2020-03-31", "cash": 3977000, "netReceivables": 1146149000, "inventory": 609207000, "otherCurrentAssets": 17618000, "totalCurrentAssets": 1780370000, "propertyPlantEquipment": 1591547000, "otherAssets": 27951000, "totalAssets": 3399868000, "accountsPayable": 277751000, "shortLongTermDebt": 124709000, "otherCurrentLiab": 43126000, "longTermDebt": 613646000, "otherLiab": 118901000, "deferredLongTermLiab": 999000, "totalCurrentLiabilities": 1363351000, "totalLiab": 2095898000, "commonStock": 52210000, "retainedEarnings": 804657000, "treasuryStock": 447103000, "otherStockholderEquity": 447103000, "totalStockholderEquity": 1303970000, "netTangibleAssets": 1303970000}, {"maxAge": 1, "endDate": "2019-03-31", "cash": 5596000, "netReceivables": 942471000, "inventory": 593194000, "otherCurrentAssets": 34189000, "totalCurrentAssets": 1577864000, "propertyPlantEquipment": 1566568000, "otherAssets": 23671000, "totalAssets": 3168103000, "accountsPayable": 367295000, "shortLongTermDebt": 109644000, "otherCurrentLiab": 29373000, "longTermDebt": 657667000, "otherLiab": 143156000, "deferredLongTermLiab": 1381000, "totalCurrentLiabilities": 1238019000, "totalLiab": 2038842000, "commonStock": 52210000, "retainedEarnings": 622857000, "treasuryStock": 454194000, "otherStockholderEquity": 454194000, "totalStockholderEquity": 1129261000, "netTangibleAssets": 1129261000}, {"maxAge": 1, "endDate": "2018-03-31", "cash": 1683000, "netReceivables": 926581000, "inventory": 279250000, "otherCurrentAssets": 25595000, "totalCurrentAssets": 1234799000, "propertyPlantEquipment": 1041769000, "otherAssets": 10471000, "totalAssets": 2287039000, "accountsPayable": 139733000, "shortLongTermDebt": 107512000, "otherCurrentLiab": 102334000, "longTermDebt": 606142000, "otherLiab": 118116000, "deferredLongTermLiab": 1748000, "totalCurrentLiabilities": 970353000, "totalLiab": 1694611000, "commonStock": 52210000, "retainedEarnings": 534275000, "treasuryStock": 5943000, "otherStockholderEquity": 5943000, "totalStockholderEquity": 592428000, "netTangibleAssets": 592428000}, {"maxAge": 1, "endDate": "2017-03-31", "cash": 50747000, "netReceivables": 706194000, "inventory": 365126000, "otherCurrentAssets": 35212000, "totalCurrentAssets": 1158395000, "propertyPlantEquipment": 847238000, "otherAssets": 13435000, "totalAssets": 2019068000, "accountsPayable": 120473000, "shortLongTermDebt": 107512000, "otherCurrentLiab": 47304000, "longTermDebt": 511454000, "otherLiab": 115486000, "deferredLongTermLiab": 1509000, "totalCurrentLiabilities": 882538000, "totalLiab": 1509478000, "commonStock": 52210000, "retainedEarnings": 451437000, "treasuryStock": 5943000, "otherStockholderEquity": 5943000, "totalStockholderEquity": 509590000, "netTangibleAssets": 509590000}], "maxAge": 86400}, "financialData": {"maxAge": 86400, "currentPrice": 242.0, "recommendationKey": "none", "grossProfits": 938739000, "financialCurrency": "INR"}}}