{"KHADIM.BO": {"recommendationTrend": {"trend": [{"period": "0m", "strongBuy": 0, "buy": 0, "hold": 0, "sell": 0, "strongSell": 0}, {"period": "-1m", "strongBuy": 0, "buy": 0, "hold": 0, "sell": 0, "strongSell": 0}, {"period": "-2m", "strongBuy": 0, "buy": 0, "hold": 0, "sell": 0, "strongSell": 0}, {"period": "-3m", "strongBuy": 0, "buy": 0, "hold": 0, "sell": 0, "strongSell": 0}], "maxAge": 86400}, "cashflowStatementHistory": {"cashflowStatements": [{"maxAge": 1, "endDate": "2020-03-31", "netIncome": -312690000, "depreciation": 414780000, "changeToNetincome": 259280000, "changeToAccountReceivables": 72220000, "changeToLiabilities": 279680000, "changeToInventory": -146550000, "totalCashFromOperatingActivities": 571300000, "capitalExpenditures": -166170000, "investments": 12350000, "otherCashflowsFromInvestingActivities": 2620000, "totalCashflowsFromInvestingActivities": -151120000, "dividendsPaid": -17970000, "netBorrowings": -94820000, "otherCashflowsFromFinancingActivities": -145550000, "totalCashFromFinancingActivities": -258340000, "changeInCash": 161840000}, {"maxAge": 1, "endDate": "2019-03-31", "netIncome": 211700000, "depreciation": 177340000, "changeToNetincome": 51360000, "changeToAccountReceivables": -306080000, "changeToLiabilities": 34640000, "changeToInventory": -283060000, "totalCashFromOperatingActivities": -107130000, "capitalExpenditures": -251840000, "investments": 74790000, "otherCashflowsFromInvestingActivities": 10620000, "totalCashflowsFromInvestingActivities": -153570000, "dividendsPaid": -17960000, "netBorrowings": -34000000, "otherCashflowsFromFinancingActivities": -120720000, "totalCashFromFinancingActivities": -171270000, "changeInCash": -431970000, "issuanceOfStock": 1410000}, {"maxAge": 1, "endDate": "2018-03-31", "netIncome": 379010000, "depreciation": 156170000, "changeToNetincome": 122570000, "changeToAccountReceivables": -764960000, "changeToLiabilities": 370790000, "changeToInventory": -122290000, "totalCashFromOperatingActivities": 141290000, "capitalExpenditures": -218940000, "investments": 22260000, "otherCashflowsFromInvestingActivities": 5120000, "totalCashflowsFromInvestingActivities": -59350000, "dividendsPaid": -17960000, "netBorrowings": 55700000, "otherCashflowsFromFinancingActivities": -159140000, "totalCashFromFinancingActivities": 396550000, "changeInCash": 478490000, "issuanceOfStock": 499990000}, {"maxAge": 1, "endDate": "2017-03-31", "netIncome": 306370000, "depreciation": 151170000, "changeToNetincome": 134010000, "changeToAccountReceivables": -503380000, "changeToLiabilities": 351160000, "changeToInventory": -135660000, "totalCashFromOperatingActivities": 309070000, "capitalExpenditures": -182110000, "investments": -24610000, "otherCashflowsFromInvestingActivities": 14360000, "totalCashflowsFromInvestingActivities": -187800000, "dividendsPaid": -17960000, "netBorrowings": 8330000, "otherCashflowsFromFinancingActivities": -134770000, "totalCashFromFinancingActivities": -126440000, "changeInCash": -5170000, "issuanceOfStock": 499990000}], "maxAge": 86400}, "institutionOwnership": {"ownershipList": [], "maxAge": 1}, "balanceSheetHistoryQuarterly": {"balanceSheetStatements": [{"maxAge": 1, "endDate": "2020-06-30", "totalStockholderEquity": 2334460000, "netTangibleAssets": 2329930000}, {"maxAge": 1, "endDate": "2020-03-31", "cash": 43880000, "netReceivables": 1223240000, "inventory": 1696500000, "otherCurrentAssets": 801610000, "totalCurrentAssets": 3765230000, "propertyPlantEquipment": 2772770000, "intangibleAssets": 4530000, "otherAssets": 442150000, "deferredLongTermAssetCharges": 101230000, "totalAssets": 6984680000, "accountsPayable": 1582170000, "otherCurrentLiab": 186010000, "otherLiab": 7980000, "totalCurrentLiabilities": 3153120000, "totalLiab": 4650220000, "commonStock": 179700000, "retainedEarnings": 692540000, "treasuryStock": 240390000, "capitalSurplus": 1221830000, "otherStockholderEquity": 240390000, "totalStockholderEquity": 2334460000, "netTangibleAssets": 2329930000}, {"maxAge": 1, "endDate": "2019-12-31", "totalStockholderEquity": 2661490000, "netTangibleAssets": 2654930000}, {"maxAge": 1, "endDate": "2019-09-30", "cash": 157850000, "shortTermInvestments": 88060000, "netReceivables": 1906970000, "inventory": 2043860000, "otherCurrentAssets": 804740000, "totalCurrentAssets": 5001480000, "longTermInvestments": 169670000, "propertyPlantEquipment": 2849510000, "intangibleAssets": 6560000, "otherAssets": 214750000, "deferredLongTermAssetCharges": 62100000, "totalAssets": 8241970000, "accountsPayable": 2344230000, "otherCurrentLiab": 163400000, "otherLiab": 12690000, "totalCurrentLiabilities": 4170840000, "totalLiab": 5580480000, "commonStock": 179700000, "treasuryStock": 2481790000, "otherStockholderEquity": 2481790000, "totalStockholderEquity": 2661490000, "netTangibleAssets": 2654930000}], "maxAge": 86400}, "earningsHistory": {"history": [{"maxAge": 1, "epsActual": {}, "epsEstimate": {}, "epsDifference": {}, "surprisePercent": {}, "quarter": {}, "period": "-4q"}, {"maxAge": 1, "epsActual": {}, "epsEstimate": {}, "epsDifference": {}, "surprisePercent": {}, "quarter": {}, "period": "-3q"}, {"maxAge": 1, "epsActual": {}, "epsEstimate": {}, "epsDifference": {}, "surprisePercent": {}, "quarter": {}, "period": "-2q"}, {"maxAge": 1, "epsActual": 4.12, "epsEstimate": 5.46, "epsDifference": -1.34, "surprisePercent": -0.245, "quarter": "2018-06-30", "period": "-1q"}], "maxAge": 86400}, "indexTrend": {"maxAge": 1, "symbol": "SP5", "peRatio": 19.7411, "pegRatio": 1.34172, "estimates": [{"period": "0q", "growth": 0.549}, {"period": "+1q", "growth": 0.431}, {"period": "0y", "growth": 0.305}, {"period": "+1y", "growth": 0.109}, {"period": "+5y", "growth": 0.120865}, {"period": "-5y"}]}, "industryTrend": {"maxAge": 1, "symbol": null, "estimates": []}, "insiderTransactions": {"transactions": [{"maxAge": 1, "shares": 250, "value": 382, "filerUrl": "", "transactionText": "Acquisition at price 1.53 per share.", "filerName": "Royburman (Rittick)", "filerRelation": "Wholetime Director", "moneyText": "", "startDate": "2020-09-30", "ownership": "D"}, {"maxAge": 1, "shares": 1000, "value": 1495, "filerUrl": "", "transactionText": "Acquisition at price 1.50 per share.", "filerName": "Royburman (Siddhartha)", "filerRelation": "Managing Director", "moneyText": "", "startDate": "2020-09-29", "ownership": "D"}, {"maxAge": 1, "shares": 1500, "value": 2252, "filerUrl": "", "transactionText": "Acquisition at price 1.50 per share.", "filerName": "Royburman (Rittick)", "filerRelation": "Wholetime Director", "moneyText": "", "startDate": "2020-09-29", "ownership": "D"}, {"maxAge": 1, "shares": 450, "value": 661, "filerUrl": "", "transactionText": "Acquisition at price 1.47 per share.", "filerName": "Royburman (Rittick)", "filerRelation": "Wholetime Director", "moneyText": "", "startDate": "2020-09-23", "ownership": "D"}, {"maxAge": 1, "shares": 1000, "value": 1474, "filerUrl": "", "transactionText": "Acquisition at price 1.47 per share.", "filerName": "Royburman (Siddhartha)", "filerRelation": "Promoter", "moneyText": "", "startDate": "2020-09-22", "ownership": "D"}, {"maxAge": 1, "shares": 1000, "value": 1532, "filerUrl": "", "transactionText": "Acquisition at price 1.53 per share.", "filerName": "Royburman (Siddhartha)", "filerRelation": "Promoter", "moneyText": "", "startDate": "2020-09-21", "ownership": "D"}, {"maxAge": 1, "shares": 1000, "value": 1592, "filerUrl": "", "transactionText": "Acquisition at price 1.59 per share.", "filerName": "Burman (Tanusree Roy)", "filerRelation": "Director (Non-Executive)", "moneyText": "", "startDate": "2020-09-16", "ownership": "D"}, {"maxAge": 1, "shares": 2500, "value": 3969, "filerUrl": "", "transactionText": "Acquisition at price 1.59 per share.", "filerName": "Royburman (Siddhartha)", "filerRelation": "Chairman of the Board", "moneyText": "", "startDate": "2020-09-16", "ownership": "D"}, {"maxAge": 1, "shares": 500, "value": 796, "filerUrl": "", "transactionText": "Acquisition at price 1.59 per share.", "filerName": "Royburman (Siddhartha)", "filerRelation": "Chairman of the Board", "moneyText": "", "startDate": "2020-09-15", "ownership": "D"}, {"maxAge": 1, "shares": 20940, "filerUrl": "", "transactionText": "", "filerName": "Royburman (Siddhartha)", "filerRelation": "Chairman of the Board", "moneyText": "", "startDate": "2020-03-12", "ownership": "D"}, {"maxAge": 1, "shares": 20000, "filerUrl": "", "transactionText": "", "filerName": "Royburman (Siddhartha)", "filerRelation": "Chairman of the Board", "moneyText": "", "startDate": "2020-03-11", "ownership": "D"}, {"maxAge": 1, "shares": 1060, "filerUrl": "", "transactionText": "", "filerName": "Royburman (Siddhartha)", "filerRelation": "Chairman of the Board", "moneyText": "", "startDate": "2020-03-05", "ownership": "D"}, {"maxAge": 1, "shares": 270, "filerUrl": "", "transactionText": "", "filerName": "Royburman (Rittick)", "filerRelation": "Wholetime Director", "moneyText": "", "startDate": "2020-03-05", "ownership": "D"}, {"maxAge": 1, "shares": 5000, "filerUrl": "", "transactionText": "", "filerName": "Burman (Tanusree Roy)", "filerRelation": "Promoter", "moneyText": "", "startDate": "2020-03-04", "ownership": "D"}, {"maxAge": 1, "shares": 10000, "filerUrl": "", "transactionText": "", "filerName": "Royburman (Siddhartha)", "filerRelation": "Chairman of the Board", "moneyText": "", "startDate": "2020-03-04", "ownership": "D"}, {"maxAge": 1, "shares": 20000, "filerUrl": "", "transactionText": "", "filerName": "Royburman (Siddhartha)", "filerRelation": "Chairman of the Board", "moneyText": "", "startDate": "2020-03-03", "ownership": "D"}, {"maxAge": 1, "shares": 10000, "filerUrl": "", "transactionText": "", "filerName": "Burman (Tanusree Roy)", "filerRelation": "Promoter", "moneyText": "", "startDate": "2020-03-03", "ownership": "D"}, {"maxAge": 1, "shares": 9593, "filerUrl": "", "transactionText": "", "filerName": "Royburman (Siddhartha)", "filerRelation": "Chairman of the Board", "moneyText": "", "startDate": "2020-02-12", "ownership": "D"}, {"maxAge": 1, "shares": 900, "filerUrl": "", "transactionText": "", "filerName": "Royburman (Siddhartha)", "filerRelation": "Chairman of the Board", "moneyText": "", "startDate": "2020-02-11", "ownership": "D"}, {"maxAge": 1, "shares": 100, "filerUrl": "", "transactionText": "", "filerName": "Royburman (Rittick)", "filerRelation": "Wholetime Director", "moneyText": "", "startDate": "2020-02-10", "ownership": "D"}, {"maxAge": 1, "shares": 160, "filerUrl": "", "transactionText": "", "filerName": "Royburman (Rittick)", "filerRelation": "UNREPORTED", "moneyText": "", "startDate": "2019-12-03", "ownership": "D"}, {"maxAge": 1, "shares": 100507, "filerUrl": "", "transactionText": "", "filerName": "Royburman (Siddhartha)", "filerRelation": "Chairman of the Board", "moneyText": "", "startDate": "2019-08-13", "ownership": "D"}, {"maxAge": 1, "shares": 1100, "filerUrl": "", "transactionText": "", "filerName": "Royburman (Siddhartha)", "filerRelation": "Chairman of the Board", "moneyText": "", "startDate": "2019-03-01", "ownership": "D"}, {"maxAge": 1, "shares": 1000, "filerUrl": "", "transactionText": "", "filerName": "Royburman (Siddhartha)", "filerRelation": "Chairman of the Board", "moneyText": "", "startDate": "2019-02-28", "ownership": "D"}, {"maxAge": 1, "shares": 1000, "filerUrl": "", "transactionText": "", "filerName": "Royburman (Siddhartha)", "filerRelation": "Chairman of the Board", "moneyText": "", "startDate": "2019-02-27", "ownership": "D"}, {"maxAge": 1, "shares": 500, "filerUrl": "", "transactionText": "", "filerName": "Royburman (Siddhartha)", "filerRelation": "Chairman of the Board", "moneyText": "", "startDate": "2019-02-25", "ownership": "D"}, {"maxAge": 1, "shares": 500, "filerUrl": "", "transactionText": "", "filerName": "Royburman (Siddhartha)", "filerRelation": "Chairman of the Board", "moneyText": "", "startDate": "2019-02-22", "ownership": "D"}, {"maxAge": 1, "shares": 500, "filerUrl": "", "transactionText": "", "filerName": "Royburman (Siddhartha)", "filerRelation": "Chairman of the Board", "moneyText": "", "startDate": "2019-02-21", "ownership": "D"}, {"maxAge": 1, "shares": 500, "filerUrl": "", "transactionText": "", "filerName": "Royburman (Siddhartha)", "filerRelation": "Chairman of the Board", "moneyText": "", "startDate": "2019-02-20", "ownership": "D"}, {"maxAge": 1, "shares": 1013, "filerUrl": "", "transactionText": "", "filerName": "Royburman (Siddhartha)", "filerRelation": "Chairman of the Board", "moneyText": "", "startDate": "2019-02-19", "ownership": "D"}, {"maxAge": 1, "shares": 500, "filerUrl": "", "transactionText": "", "filerName": "Royburman (Siddhartha)", "filerRelation": "Chairman of the Board", "moneyText": "", "startDate": "2019-02-15", "ownership": "D"}, {"maxAge": 1, "shares": 500, "filerUrl": "", "transactionText": "", "filerName": "Royburman (Siddhartha)", "filerRelation": "Chairman of the Board", "moneyText": "", "startDate": "2019-02-14", "ownership": "D"}, {"maxAge": 1, "shares": 500, "filerUrl": "", "transactionText": "", "filerName": "Royburman (Siddhartha)", "filerRelation": "Chairman of the Board", "moneyText": "", "startDate": "2019-02-13", "ownership": "D"}, {"maxAge": 1, "shares": 387, "filerUrl": "", "transactionText": "", "filerName": "Royburman (Siddhartha)", "filerRelation": "Chairman of the Board", "moneyText": "", "startDate": "2019-02-12", "ownership": "D"}], "maxAge": 1}, "quoteType": {"exchange": "BSE", "quoteType": "EQUITY", "symbol": "KHADIM.BO", "underlyingSymbol": "KHADIM.BO", "shortName": "Khadim India Limited", "longName": "Khadim India Limited", "firstTradeDateEpochUtc": "2017-11-14 09:15:00", "timeZoneFullName": "Asia/Kolkata", "timeZoneShortName": "IST", "uuid": "064bd157-ee2c-371d-ba24-53d1c134622e", "gmtOffSetMilliseconds": 19800000, "maxAge": 1}, "incomeStatementHistory": {"incomeStatementHistory": [{"maxAge": 1, "endDate": "2020-03-31", "totalRevenue": 7718680000, "costOfRevenue": 5038060000, "grossProfit": 2680620000, "researchDevelopment": {}, "sellingGeneralAdministrative": 1308270000, "nonRecurring": {}, "otherOperatingExpenses": 1058730000, "totalOperatingExpenses": 7824420000, "operatingIncome": -105740000, "totalOtherIncomeExpenseNet": -235080000, "ebit": -105740000, "interestExpense": -292790000, "incomeBeforeTax": -340820000, "incomeTaxExpense": -28130000, "minorityInterest": {}, "netIncomeFromContinuingOps": -312690000, "discontinuedOperations": {}, "extraordinaryItems": {}, "effectOfAccountingCharges": {}, "otherItems": {}, "netIncome": -312690000, "netIncomeApplicableToCommonShares": -312690000}, {"maxAge": 1, "endDate": "2019-03-31", "totalRevenue": 7991810000, "costOfRevenue": 5072640000, "grossProfit": 2919170000, "researchDevelopment": {}, "sellingGeneralAdministrative": 1328510000, "nonRecurring": {}, "otherOperatingExpenses": 1021270000, "totalOperatingExpenses": 7606730000, "operatingIncome": 385080000, "totalOtherIncomeExpenseNet": -53040000, "ebit": 385080000, "interestExpense": -116420000, "incomeBeforeTax": 332040000, "incomeTaxExpense": 120340000, "minorityInterest": {}, "netIncomeFromContinuingOps": 211700000, "discontinuedOperations": {}, "extraordinaryItems": {}, "effectOfAccountingCharges": {}, "otherItems": {}, "netIncome": 211700000, "netIncomeApplicableToCommonShares": 211700000}, {"maxAge": 1, "endDate": "2018-03-31", "totalRevenue": 7486310000, "costOfRevenue": 4754310000, "grossProfit": 2732000000, "researchDevelopment": {}, "sellingGeneralAdministrative": 1116920000, "nonRecurring": {}, "otherOperatingExpenses": 846670000, "totalOperatingExpenses": 6874070000, "operatingIncome": 612240000, "totalOtherIncomeExpenseNet": -42630000, "ebit": 612240000, "interestExpense": -123680000, "incomeBeforeTax": 569610000, "incomeTaxExpense": 190600000, "minorityInterest": {}, "netIncomeFromContinuingOps": 379010000, "discontinuedOperations": {}, "extraordinaryItems": {}, "effectOfAccountingCharges": {}, "otherItems": {}, "netIncome": 379010000, "netIncomeApplicableToCommonShares": 379010000}, {"maxAge": 1, "endDate": "2017-03-31", "totalRevenue": 6101170000, "costOfRevenue": 3807570000, "grossProfit": 2293600000, "researchDevelopment": {}, "sellingGeneralAdministrative": 925610000, "nonRecurring": {}, "otherOperatingExpenses": 713600000, "totalOperatingExpenses": 5603350000, "operatingIncome": 497820000, "totalOtherIncomeExpenseNet": -92480000, "ebit": 497820000, "interestExpense": -134630000, "incomeBeforeTax": 405340000, "incomeTaxExpense": 98970000, "minorityInterest": {}, "netIncomeFromContinuingOps": 306370000, "discontinuedOperations": {}, "extraordinaryItems": {}, "effectOfAccountingCharges": {}, "otherItems": {}, "netIncome": 306370000, "netIncomeApplicableToCommonShares": 306370000}], "maxAge": 86400}, "fundOwnership": {"ownershipList": [], "maxAge": 1}, "summaryDetail": {"maxAge": 1, "priceHint": 2, "previousClose": 137.55, "open": 137.5, "dayLow": 135.35, "dayHigh": 143.0, "regularMarketPreviousClose": 137.55, "regularMarketOpen": 137.5, "regularMarketDayLow": 135.35, "regularMarketDayHigh": 143.0, "forwardPE": 4.8669467, "volume": 2378, "regularMarketVolume": 2378, "averageVolume": 17446, "averageVolume10days": 6111, "averageDailyVolume10Day": 6111, "bid": 138.25, "ask": 144.85, "bidSize": 0, "askSize": 0, "marketCap": 2497774336, "fiftyTwoWeekLow": 60.2, "fiftyTwoWeekHigh": 177.9, "fiftyDayAverage": 124.94849, "twoHundredDayAverage": 116.983086, "trailingAnnualDividendRate": 1.0, "trailingAnnualDividendYield": 0.0072700833, "currency": "INR", "fromCurrency": null, "lastMarket": null, "algorithm": null, "tradeable": false}, "sectorTrend": {"maxAge": 1, "symbol": null, "estimates": []}, "incomeStatementHistoryQuarterly": {"incomeStatementHistory": [{"maxAge": 1, "endDate": "2020-06-30", "totalRevenue": 603980000, "costOfRevenue": 431850000, "grossProfit": 172130000, "researchDevelopment": {}, "sellingGeneralAdministrative": 153260000, "nonRecurring": {}, "otherOperatingExpenses": 161540000, "totalOperatingExpenses": 849070000, "operatingIncome": -245090000, "totalOtherIncomeExpenseNet": -28340000, "ebit": -245090000, "interestExpense": -64610000, "incomeBeforeTax": -273430000, "incomeTaxExpense": 4140000, "minorityInterest": {}, "netIncomeFromContinuingOps": -277570000, "discontinuedOperations": {}, "extraordinaryItems": {}, "effectOfAccountingCharges": {}, "otherItems": {}, "netIncome": -277570000, "netIncomeApplicableToCommonShares": -277570000}, {"maxAge": 1, "endDate": "2020-03-31", "totalRevenue": 1582170000, "costOfRevenue": 1234110000, "grossProfit": 348060000, "researchDevelopment": {}, "sellingGeneralAdministrative": 758850000, "nonRecurring": {}, "otherOperatingExpenses": -335480000, "totalOperatingExpenses": 1765330000, "operatingIncome": -183160000, "totalOtherIncomeExpenseNet": -71270000, "ebit": -183160000, "interestExpense": -77690000, "incomeBeforeTax": -254430000, "incomeTaxExpense": -55660000, "minorityInterest": {}, "netIncomeFromContinuingOps": -198770000, "discontinuedOperations": {}, "extraordinaryItems": {}, "effectOfAccountingCharges": {}, "otherItems": {}, "netIncome": -198770000, "netIncomeApplicableToCommonShares": -198770000}, {"maxAge": 1, "endDate": "2019-12-31", "totalRevenue": 1747620000, "costOfRevenue": 1048850000, "grossProfit": 698770000, "researchDevelopment": {}, "sellingGeneralAdministrative": 180390000, "nonRecurring": {}, "otherOperatingExpenses": 483460000, "totalOperatingExpenses": 1821060000, "operatingIncome": -73440000, "totalOtherIncomeExpenseNet": -66190000, "ebit": -73440000, "interestExpense": -80630000, "incomeBeforeTax": -139630000, "incomeTaxExpense": -7650000, "minorityInterest": {}, "netIncomeFromContinuingOps": -131980000, "discontinuedOperations": {}, "extraordinaryItems": {}, "effectOfAccountingCharges": {}, "otherItems": {}, "netIncome": -131980000, "netIncomeApplicableToCommonShares": -131980000}, {"maxAge": 1, "endDate": "2019-09-30", "totalRevenue": 2228170000, "costOfRevenue": 1383670000, "grossProfit": 844500000, "researchDevelopment": {}, "sellingGeneralAdministrative": 190520000, "nonRecurring": {}, "otherOperatingExpenses": 499660000, "totalOperatingExpenses": 2178270000, "operatingIncome": 49900000, "totalOtherIncomeExpenseNet": -49030000, "ebit": 49900000, "interestExpense": -69580000, "incomeBeforeTax": 870000, "incomeTaxExpense": 16270000, "minorityInterest": {}, "netIncomeFromContinuingOps": -15400000, "discontinuedOperations": {}, "extraordinaryItems": {}, "effectOfAccountingCharges": {}, "otherItems": {}, "netIncome": -15400000, "netIncomeApplicableToCommonShares": -15400000}], "maxAge": 86400}, "cashflowStatementHistoryQuarterly": {"cashflowStatements": [{"maxAge": 1, "endDate": "2020-06-30", "netIncome": -277570000, "changeToLiabilities": 0}, {"maxAge": 1, "endDate": "2020-03-31", "netIncome": -198770000, "changeToLiabilities": 0}, {"maxAge": 1, "endDate": "2019-12-31", "netIncome": -131980000, "changeToLiabilities": 0}, {"maxAge": 1, "endDate": "2019-09-30", "netIncome": -15400000, "changeToLiabilities": 0}], "maxAge": 86400}, "insiderHolders": {"holders": [{"maxAge": 1, "name": "Burman (Tanusree Roy)", "relation": "Director (Non-Executive)", "url": "", "transactionDescription": "Acquisition", "latestTransDate": "2020-09-16", "positionDirect": 16060, "positionDirectDate": "2020-09-16"}, {"maxAge": 1, "name": "Royburman (Rittick)", "relation": "Wholetime Director", "url": "", "transactionDescription": "Acquisition", "latestTransDate": "2020-09-30", "positionDirect": 2730, "positionDirectDate": "2020-09-30"}, {"maxAge": 1, "name": "Royburman (Siddhartha)", "relation": "Managing Director", "url": "", "transactionDescription": "Acquisition", "latestTransDate": "2020-09-29", "positionDirect": 1648149, "positionDirectDate": "2020-09-29"}], "maxAge": 1}, "earnings": {"maxAge": 86400, "earningsChart": {"quarterly": [{"date": "2Q2018", "actual": 4.12, "estimate": 5.46}], "currentQuarterEstimateDate": "3Q", "currentQuarterEstimateYear": 2018, "earningsDate": ["2020-08-28 05:30:S"]}, "financialsChart": {"yearly": [{"date": 2017, "revenue": 6101170000, "earnings": 306370000}, {"date": 2018, "revenue": 7486310000, "earnings": 379010000}, {"date": 2019, "revenue": 7991810000, "earnings": 211700000}, {"date": 2020, "revenue": 7718680000, "earnings": -312690000}], "quarterly": [{"date": "3Q2019", "revenue": 2228170000, "earnings": -15400000}, {"date": "4Q2019", "revenue": 1747620000, "earnings": -131980000}, {"date": "1Q2020", "revenue": 1582170000, "earnings": -198770000}, {"date": "2Q2020", "revenue": 603980000, "earnings": -277570000}]}, "financialCurrency": "INR"}, "calendarEvents": {"maxAge": 1, "earnings": {"earningsDate": ["2020-08-28 05:30:S"], "revenueAverage": 2264120000, "revenueLow": 2009000000, "revenueHigh": 2200000000}}, "upgradeDowngradeHistory": {"history": [], "maxAge": 86400}, "price": {"maxAge": 1, "regularMarketChangePercent": 0.010541599, "regularMarketChange": 1.449997, "regularMarketTime": "2021-04-30 15:24:56", "priceHint": 2, "regularMarketPrice": 139.0, "regularMarketDayHigh": 143.0, "regularMarketDayLow": 135.35, "regularMarketVolume": 2378, "averageDailyVolume10Day": 6111, "averageDailyVolume3Month": 17446, "regularMarketPreviousClose": 137.55, "regularMarketSource": "FREE_REALTIME", "regularMarketOpen": 137.5, "exchange": "BSE", "exchangeName": "BSE", "exchangeDataDelayedBy": 0, "marketState": "CLOSED", "quoteType": "EQUITY", "symbol": "KHADIM.BO", "underlyingSymbol": null, "shortName": "Khadim India Limited", "longName": "Khadim India Limited", "currency": "INR", "quoteSourceName": "Delayed Quote", "currencySymbol": "\u20b9", "fromCurrency": null, "lastMarket": null, "marketCap": 2497774336}, "balanceSheetHistory": {"balanceSheetStatements": [{"maxAge": 1, "endDate": "2020-03-31", "cash": 43880000, "netReceivables": 1223240000, "inventory": 1696500000, "otherCurrentAssets": 801610000, "totalCurrentAssets": 3765230000, "propertyPlantEquipment": 2772770000, "intangibleAssets": 4530000, "otherAssets": 442150000, "deferredLongTermAssetCharges": 101230000, "totalAssets": 6984680000, "accountsPayable": 1582170000, "otherCurrentLiab": 186010000, "otherLiab": 7980000, "totalCurrentLiabilities": 3153120000, "totalLiab": 4650220000, "commonStock": 179700000, "retainedEarnings": 692540000, "treasuryStock": 240390000, "capitalSurplus": 1221830000, "otherStockholderEquity": 240390000, "totalStockholderEquity": 2334460000, "netTangibleAssets": 2329930000}, {"maxAge": 1, "endDate": "2019-03-31", "cash": 42650000, "shortTermInvestments": 2500000, "netReceivables": 1396370000, "inventory": 1549950000, "otherCurrentAssets": 726760000, "totalCurrentAssets": 3718230000, "propertyPlantEquipment": 1325330000, "intangibleAssets": 8530000, "otherAssets": 445900000, "totalAssets": 5497990000, "accountsPayable": 1320050000, "otherCurrentLiab": 146440000, "otherLiab": 58380000, "totalCurrentLiabilities": 2562890000, "totalLiab": 2621270000, "commonStock": 179700000, "retainedEarnings": 1235000000, "treasuryStock": 240190000, "capitalSurplus": 1221830000, "otherStockholderEquity": 240190000, "totalStockholderEquity": 2876720000, "netTangibleAssets": 2868190000}, {"maxAge": 1, "endDate": "2018-03-31", "cash": 35040000, "netReceivables": 1294310000, "inventory": 1266890000, "otherCurrentAssets": 598410000, "totalCurrentAssets": 3194650000, "propertyPlantEquipment": 1260180000, "intangibleAssets": 12850000, "otherAssets": 428850000, "totalAssets": 4896530000, "accountsPayable": 1295230000, "otherCurrentLiab": 165690000, "otherLiab": 63210000, "totalCurrentLiabilities": 2148510000, "totalLiab": 2211720000, "commonStock": 179650000, "retainedEarnings": 1049660000, "treasuryStock": 236410000, "capitalSurplus": 1219090000, "otherStockholderEquity": 236410000, "totalStockholderEquity": 2684810000, "netTangibleAssets": 2671960000}, {"maxAge": 1, "endDate": "2017-03-31", "cash": 18550000, "shortTermInvestments": 3110000, "netReceivables": 777810000, "inventory": 1144600000, "otherCurrentAssets": 457590000, "totalCurrentAssets": 2401660000, "propertyPlantEquipment": 1225960000, "intangibleAssets": 13870000, "otherAssets": 409910000, "totalAssets": 4051400000, "accountsPayable": 898240000, "shortLongTermDebt": 49500000, "otherCurrentLiab": 184230000, "longTermDebt": 2000000, "otherLiab": 35590000, "totalCurrentLiabilities": 2174210000, "totalLiab": 2211800000, "commonStock": 172990000, "retainedEarnings": 673540000, "treasuryStock": 231920000, "capitalSurplus": 761150000, "otherStockholderEquity": 231920000, "totalStockholderEquity": 1839600000, "netTangibleAssets": 1825730000}], "maxAge": 86400}, "earningsTrend": {"trend": [{"maxAge": 1, "period": "0q", "endDate": "2018-09-30", "growth": {}, "earningsEstimate": {"avg": 0.0, "low": 0.0, "high": 0.0, "yearAgoEps": {}, "numberOfAnalysts": 0, "growth": {}}, "revenueEstimate": {"avg": 2264120000, "low": 2009000000, "high": 2200000000, "numberOfAnalysts": 2, "yearAgoRevenue": {}, "growth": {}}, "epsTrend": {"current": 0.0, "7daysAgo": 0.0, "30daysAgo": 0.0, "60daysAgo": 0.0, "90daysAgo": 0.0}, "epsRevisions": {"upLast7days": 0, "upLast30days": 0, "downLast30days": 0, "downLast90days": {}}}, {"maxAge": 1, "period": "+1q", "endDate": "2018-12-31", "growth": {}, "earningsEstimate": {"avg": 0.0, "low": 0.0, "high": 0.0, "yearAgoEps": {}, "numberOfAnalysts": 0, "growth": {}}, "revenueEstimate": {"avg": 0, "low": 0, "high": 0, "numberOfAnalysts": 0, "yearAgoRevenue": {}, "growth": {}}, "epsTrend": {"current": 0.0, "7daysAgo": 0.0, "30daysAgo": 0.0, "60daysAgo": 0.0, "90daysAgo": 0.0}, "epsRevisions": {"upLast7days": 0, "upLast30days": 0, "downLast30days": 0, "downLast90days": {}}}, {"maxAge": 1, "period": "0y", "endDate": "2019-03-31", "growth": {}, "earningsEstimate": {"avg": 0.0, "low": 0.0, "high": 0.0, "yearAgoEps": {}, "numberOfAnalysts": 0, "growth": {}}, "revenueEstimate": {"avg": 8617000000, "low": 8498000000, "high": 8716000000, "numberOfAnalysts": 5, "yearAgoRevenue": 7579700000, "growth": 0.137}, "epsTrend": {"current": 0.0, "7daysAgo": 21.14, "30daysAgo": 21.14, "60daysAgo": 21.14, "90daysAgo": 21.14}, "epsRevisions": {"upLast7days": 0, "upLast30days": 0, "downLast30days": 0, "downLast90days": {}}}, {"maxAge": 1, "period": "+1y", "endDate": "2020-03-31", "growth": {}, "earningsEstimate": {"avg": 0.0, "low": 0.0, "high": 0.0, "yearAgoEps": {}, "numberOfAnalysts": 0, "growth": {}}, "revenueEstimate": {"avg": 9990000000, "low": 9821000000, "high": 10137000000, "numberOfAnalysts": 5, "yearAgoRevenue": 8617000000, "growth": 0.159}, "epsTrend": {"current": 0.0, "7daysAgo": 28.56, "30daysAgo": 28.56, "60daysAgo": 28.56, "90daysAgo": 28.56}, "epsRevisions": {"upLast7days": 0, "upLast30days": 0, "downLast30days": 0, "downLast90days": {}}}, {"maxAge": 1, "period": "+5y", "endDate": null, "growth": 0.216, "earningsEstimate": {"avg": {}, "low": {}, "high": {}, "yearAgoEps": {}, "numberOfAnalysts": {}, "growth": {}}, "revenueEstimate": {"avg": {}, "low": {}, "high": {}, "numberOfAnalysts": {}, "yearAgoRevenue": {}, "growth": {}}, "epsTrend": {"current": {}, "7daysAgo": {}, "30daysAgo": {}, "60daysAgo": {}, "90daysAgo": {}}, "epsRevisions": {"upLast7days": {}, "upLast30days": {}, "downLast30days": {}, "downLast90days": {}}}, {"maxAge": 1, "period": "-5y", "endDate": null, "growth": {}, "earningsEstimate": {"avg": {}, "low": {}, "high": {}, "yearAgoEps": {}, "numberOfAnalysts": {}, "growth": {}}, "revenueEstimate": {"avg": {}, "low": {}, "high": {}, "numberOfAnalysts": {}, "yearAgoRevenue": {}, "growth": {}}, "epsTrend": {"current": {}, "7daysAgo": {}, "30daysAgo": {}, "60daysAgo": {}, "90daysAgo": {}}, "epsRevisions": {"upLast7days": {}, "upLast30days": {}, "downLast30days": {}, "downLast90days": {}}}], "maxAge": 1}, "financialData": {"maxAge": 86400, "currentPrice": 139.0, "targetHighPrice": 961.0, "targetLowPrice": 588.0, "targetMeanPrice": 799.83, "targetMedianPrice": 832.0, "recommendationKey": "none", "numberOfAnalystOpinions": 6, "grossProfits": 2680620000, "financialCurrency": "INR"}}}