{"KHAICHEM.BO": {"cashflowStatementHistory": {"cashflowStatements": [{"maxAge": 1, "endDate": "2020-03-31", "netIncome": 150805000, "depreciation": 85036000, "changeToNetincome": 228022000, "changeToAccountReceivables": 42205000, "changeToLiabilities": 7567000, "changeToInventory": -247095000, "changeToOperatingActivities": -105989000, "totalCashFromOperatingActivities": 160667000, "capitalExpenditures": -14096000, "otherCashflowsFromInvestingActivities": 24362000, "totalCashflowsFromInvestingActivities": 10266000, "dividendsPaid": -5584000, "netBorrowings": 8207000, "otherCashflowsFromFinancingActivities": -173158000, "totalCashFromFinancingActivities": -170535000, "changeInCash": 398000}, {"maxAge": 1, "endDate": "2019-03-31", "netIncome": 78974000, "depreciation": 85294000, "changeToNetincome": 252690000, "changeToAccountReceivables": 479596000, "changeToLiabilities": 119654000, "changeToInventory": -141108000, "changeToOperatingActivities": 47407000, "totalCashFromOperatingActivities": 924779000, "capitalExpenditures": -30139000, "otherCashflowsFromInvestingActivities": -17718000, "totalCashflowsFromInvestingActivities": -41668000, "dividendsPaid": -5334000, "netBorrowings": -647854000, "otherCashflowsFromFinancingActivities": -229623000, "totalCashFromFinancingActivities": -882811000, "changeInCash": 300000}, {"maxAge": 1, "endDate": "2018-03-31", "netIncome": 16422000, "depreciation": 85282000, "changeToNetincome": 262561000, "changeToAccountReceivables": 176885000, "changeToLiabilities": -2207000, "changeToInventory": 258033000, "changeToOperatingActivities": -157780000, "totalCashFromOperatingActivities": 640979000, "capitalExpenditures": -30158000, "otherCashflowsFromInvestingActivities": 34012000, "totalCashflowsFromInvestingActivities": 4666000, "dividendsPaid": -5234000, "netBorrowings": -375702000, "otherCashflowsFromFinancingActivities": -265405000, "totalCashFromFinancingActivities": -646341000, "changeInCash": -696000}, {"maxAge": 1, "endDate": "2017-03-31", "netIncome": 16576000, "depreciation": 80955000, "changeToNetincome": 313214000, "changeToAccountReceivables": 8528000, "changeToLiabilities": 153170000, "changeToInventory": -364620000, "changeToOperatingActivities": 107700000, "totalCashFromOperatingActivities": 316890000, "capitalExpenditures": -101248000, "otherCashflowsFromInvestingActivities": 12518000, "totalCashflowsFromInvestingActivities": -88574000, "dividendsPaid": -5262000, "netBorrowings": 80573000, "otherCashflowsFromFinancingActivities": -306848000, "totalCashFromFinancingActivities": -231537000, "changeInCash": -3221000}], "maxAge": 86400}, "institutionOwnership": {"ownershipList": [], "maxAge": 1}, "balanceSheetHistoryQuarterly": {"balanceSheetStatements": [{"maxAge": 1, "endDate": "2020-06-30", "totalStockholderEquity": 1530562000, "netTangibleAssets": 1530445000}, {"maxAge": 1, "endDate": "2020-03-31", "cash": 3699000, "netReceivables": 1285275000, "inventory": 1129171000, "otherCurrentAssets": 379207000, "totalCurrentAssets": 2806827000, "longTermInvestments": 13281000, "propertyPlantEquipment": 1029325000, "intangibleAssets": 117000, "otherAssets": 41290000, "totalAssets": 3890840000, "accountsPayable": 516768000, "shortLongTermDebt": 134017000, "otherCurrentLiab": 171166000, "longTermDebt": 190882000, "otherLiab": 105376000, "totalCurrentLiabilities": 2048770000, "totalLiab": 2360278000, "commonStock": 96989000, "retainedEarnings": 1043027000, "treasuryStock": 175288000, "capitalSurplus": 215258000, "otherStockholderEquity": 175288000, "totalStockholderEquity": 1530562000, "netTangibleAssets": 1530445000}, {"maxAge": 1, "endDate": "2019-12-31", "totalStockholderEquity": 1433682000, "netTangibleAssets": 1433565000}, {"maxAge": 1, "endDate": "2019-09-30", "cash": 117796000, "shortTermInvestments": 31869000, "netReceivables": 1306103000, "inventory": 1147958000, "otherCurrentAssets": 202687000, "totalCurrentAssets": 2806413000, "longTermInvestments": 55329000, "propertyPlantEquipment": 1060578000, "intangibleAssets": 117000, "otherAssets": 1373000, "totalAssets": 3923810000, "accountsPayable": 1058924000, "otherCurrentLiab": 387428000, "longTermDebt": 259130000, "otherLiab": 88435000, "totalCurrentLiabilities": 2122862000, "totalLiab": 2490128000, "commonStock": 96989000, "treasuryStock": 1336693000, "otherStockholderEquity": 1336693000, "totalStockholderEquity": 1433682000, "netTangibleAssets": 1433565000}], "maxAge": 86400}, "indexTrend": {"maxAge": 1, "symbol": "SP5", "peRatio": 19.7411, "pegRatio": 1.34172, "estimates": [{"period": "0q", "growth": 0.549}, {"period": "+1q", "growth": 0.431}, {"period": "0y", "growth": 0.305}, {"period": "+1y", "growth": 0.109}, {"period": "+5y", "growth": 0.120865}, {"period": "-5y"}]}, "quoteType": {"exchange": "BSE", "quoteType": "EQUITY", "symbol": "KHAICHEM.BO", "underlyingSymbol": "KHAICHEM.BO", "shortName": "KHAITAN CHEMICALS & FERTILIZER", "longName": "Khaitan Chemicals and Fertilizers Limited", "firstTradeDateEpochUtc": "2002-03-07 09:15:00", "timeZoneFullName": "Asia/Kolkata", "timeZoneShortName": "IST", "uuid": "7e2bc404-0b91-38a4-bf06-8e31b54cb55a", "gmtOffSetMilliseconds": 19800000, "maxAge": 1}, "incomeStatementHistory": {"incomeStatementHistory": [{"maxAge": 1, "endDate": "2020-03-31", "totalRevenue": 4371131000, "costOfRevenue": 2594063000, "grossProfit": 1777068000, "researchDevelopment": {}, "sellingGeneralAdministrative": 232492000, "nonRecurring": {}, "otherOperatingExpenses": 1052649000, "totalOperatingExpenses": 3963855000, "operatingIncome": 407276000, "totalOtherIncomeExpenseNet": -191684000, "ebit": 407276000, "interestExpense": -144935000, "incomeBeforeTax": 215592000, "incomeTaxExpense": 64787000, "minorityInterest": {}, "netIncomeFromContinuingOps": 150805000, "discontinuedOperations": {}, "extraordinaryItems": {}, "effectOfAccountingCharges": {}, "otherItems": {}, "netIncome": 150805000, "netIncomeApplicableToCommonShares": 150805000}, {"maxAge": 1, "endDate": "2019-03-31", "totalRevenue": 3725983000, "costOfRevenue": 2233855000, "grossProfit": 1492128000, "researchDevelopment": {}, "sellingGeneralAdministrative": 193121000, "nonRecurring": {}, "otherOperatingExpenses": 863122000, "totalOperatingExpenses": 3377163000, "operatingIncome": 348820000, "totalOtherIncomeExpenseNet": -223095000, "ebit": 348820000, "interestExpense": -182953000, "incomeBeforeTax": 125725000, "incomeTaxExpense": 46751000, "minorityInterest": {}, "netIncomeFromContinuingOps": 78974000, "discontinuedOperations": {}, "extraordinaryItems": {}, "effectOfAccountingCharges": {}, "otherItems": {}, "netIncome": 78974000, "netIncomeApplicableToCommonShares": 78974000}, {"maxAge": 1, "endDate": "2018-03-31", "totalRevenue": 3532381000, "costOfRevenue": 2165538000, "grossProfit": 1366843000, "researchDevelopment": {}, "sellingGeneralAdministrative": 165357000, "nonRecurring": {}, "otherOperatingExpenses": 816217000, "totalOperatingExpenses": 3233676000, "operatingIncome": 298705000, "totalOtherIncomeExpenseNet": -274504000, "ebit": 298705000, "interestExpense": -210218000, "incomeBeforeTax": 24201000, "incomeTaxExpense": 7779000, "minorityInterest": {}, "netIncomeFromContinuingOps": 16422000, "discontinuedOperations": {}, "extraordinaryItems": {}, "effectOfAccountingCharges": {}, "otherItems": {}, "netIncome": 16422000, "netIncomeApplicableToCommonShares": 16422000}, {"maxAge": 1, "endDate": "2017-03-31", "totalRevenue": 3587175000, "costOfRevenue": 2042853000, "grossProfit": 1544322000, "researchDevelopment": {}, "sellingGeneralAdministrative": 174166000, "nonRecurring": {}, "otherOperatingExpenses": 958243000, "totalOperatingExpenses": 3257083000, "operatingIncome": 330092000, "totalOtherIncomeExpenseNet": -308916000, "ebit": 330092000, "interestExpense": -185770000, "incomeBeforeTax": 21176000, "incomeTaxExpense": 4600000, "minorityInterest": {}, "netIncomeFromContinuingOps": 16576000, "discontinuedOperations": {}, "extraordinaryItems": {}, "effectOfAccountingCharges": {}, "otherItems": {}, "netIncome": 16576000, "netIncomeApplicableToCommonShares": 16576000}], "maxAge": 86400}, "fundOwnership": {"ownershipList": [], "maxAge": 1}, "summaryDetail": {"maxAge": 1, "priceHint": 2, "previousClose": 22.5, "open": 22.5, "dayLow": 22.25, "dayHigh": 22.8, "regularMarketPreviousClose": 22.5, "regularMarketOpen": 22.5, "regularMarketDayLow": 22.25, "regularMarketDayHigh": 22.8, "trailingPE": 10.974409, "volume": 11797, "regularMarketVolume": 11797, "averageVolume": 78870, "averageVolume10days": 81957, "averageDailyVolume10Day": 81957, "bid": 22.3, "ask": 22.55, "bidSize": 0, "askSize": 0, "marketCap": 2162859008, "fiftyTwoWeekLow": 4.0, "fiftyTwoWeekHigh": 30.85, "fiftyDayAverage": 26.89091, "twoHundredDayAverage": 21.010294, "trailingAnnualDividendRate": 0.2, "trailingAnnualDividendYield": 0.008888889, "currency": "INR", "fromCurrency": null, "lastMarket": null, "algorithm": null, "tradeable": false}, "incomeStatementHistoryQuarterly": {"incomeStatementHistory": [{"maxAge": 1, "endDate": "2020-06-30", "totalRevenue": 1291344000, "costOfRevenue": 778835000, "grossProfit": 512509000, "researchDevelopment": {}, "sellingGeneralAdministrative": 192084000, "nonRecurring": {}, "otherOperatingExpenses": 149412000, "totalOperatingExpenses": 1140903000, "operatingIncome": 150441000, "totalOtherIncomeExpenseNet": -41326000, "ebit": 150441000, "interestExpense": -41326000, "incomeBeforeTax": 109115000, "incomeTaxExpense": 39363000, "minorityInterest": {}, "netIncomeFromContinuingOps": 69752000, "discontinuedOperations": {}, "extraordinaryItems": {}, "effectOfAccountingCharges": {}, "otherItems": {}, "netIncome": 69752000, "netIncomeApplicableToCommonShares": 69752000}, {"maxAge": 1, "endDate": "2020-03-31", "totalRevenue": 953788000, "costOfRevenue": 552308000, "grossProfit": 401480000, "researchDevelopment": {}, "sellingGeneralAdministrative": -294693000, "nonRecurring": {}, "otherOperatingExpenses": 540071000, "totalOperatingExpenses": 814372000, "operatingIncome": 139416000, "totalOtherIncomeExpenseNet": -65518000, "ebit": 139416000, "interestExpense": -41326000, "incomeBeforeTax": 73898000, "incomeTaxExpense": 14149000, "minorityInterest": {}, "netIncomeFromContinuingOps": 59749000, "discontinuedOperations": {}, "extraordinaryItems": {}, "effectOfAccountingCharges": {}, "otherItems": {}, "netIncome": 59749000, "netIncomeApplicableToCommonShares": 59749000}, {"maxAge": 1, "endDate": "2019-12-31", "totalRevenue": 1053279000, "costOfRevenue": 590646000, "grossProfit": 462633000, "researchDevelopment": {}, "sellingGeneralAdministrative": 179029000, "nonRecurring": {}, "otherOperatingExpenses": 179041000, "totalOperatingExpenses": 971534000, "operatingIncome": 81745000, "totalOtherIncomeExpenseNet": -31423000, "ebit": 81745000, "interestExpense": -48406000, "incomeBeforeTax": 50322000, "incomeTaxExpense": 19099000, "minorityInterest": {}, "netIncomeFromContinuingOps": 31223000, "discontinuedOperations": {}, "extraordinaryItems": {}, "effectOfAccountingCharges": {}, "otherItems": {}, "netIncome": 31223000, "netIncomeApplicableToCommonShares": 31223000}, {"maxAge": 1, "endDate": "2019-09-30", "totalRevenue": 1299356000, "costOfRevenue": 840451000, "grossProfit": 458905000, "researchDevelopment": {}, "sellingGeneralAdministrative": 160906000, "nonRecurring": {}, "otherOperatingExpenses": 174397000, "totalOperatingExpenses": 1197374000, "operatingIncome": 101982000, "totalOtherIncomeExpenseNet": -46940000, "ebit": 101982000, "interestExpense": -48964000, "incomeBeforeTax": 55042000, "incomeTaxExpense": 19356000, "minorityInterest": {}, "netIncomeFromContinuingOps": 35686000, "discontinuedOperations": {}, "extraordinaryItems": {}, "effectOfAccountingCharges": {}, "otherItems": {}, "netIncome": 35686000, "netIncomeApplicableToCommonShares": 35686000}], "maxAge": 86400}, "cashflowStatementHistoryQuarterly": {"cashflowStatements": [{"maxAge": 1, "endDate": "2020-06-30", "netIncome": 69752000, "changeToLiabilities": 0}, {"maxAge": 1, "endDate": "2020-03-31", "netIncome": 59749000, "changeToLiabilities": 0}, {"maxAge": 1, "endDate": "2019-12-31", "netIncome": 31223000, "changeToLiabilities": 0}, {"maxAge": 1, "endDate": "2019-09-30", "netIncome": 35686000, "changeToLiabilities": 0}], "maxAge": 86400}, "insiderHolders": {"holders": [], "maxAge": 1}, "calendarEvents": {"maxAge": 1, "earnings": {"earningsDate": []}}, "upgradeDowngradeHistory": {"history": [], "maxAge": 86400}, "price": {"maxAge": 1, "regularMarketChangePercent": -0.008888923, "regularMarketChange": -0.20000076, "regularMarketTime": "2021-04-30 15:27:14", "priceHint": 2, "regularMarketPrice": 22.3, "regularMarketDayHigh": 22.8, "regularMarketDayLow": 22.25, "regularMarketVolume": 11797, "averageDailyVolume10Day": 81957, "averageDailyVolume3Month": 78870, "regularMarketPreviousClose": 22.5, "regularMarketSource": "FREE_REALTIME", "regularMarketOpen": 22.5, "exchange": "BSE", "exchangeName": "BSE", "exchangeDataDelayedBy": 0, "marketState": "CLOSED", "quoteType": "EQUITY", "symbol": "KHAICHEM.BO", "underlyingSymbol": null, "shortName": "KHAITAN CHEMICALS & FERTILIZER", "longName": "Khaitan Chemicals and Fertilizers Limited", "currency": "INR", "quoteSourceName": "Delayed Quote", "currencySymbol": "\u20b9", "fromCurrency": null, "lastMarket": null, "marketCap": 2162859008}, "balanceSheetHistory": {"balanceSheetStatements": [{"maxAge": 1, "endDate": "2020-03-31", "cash": 3699000, "netReceivables": 1285275000, "inventory": 1129171000, "otherCurrentAssets": 379207000, "totalCurrentAssets": 2806827000, "longTermInvestments": 13281000, "propertyPlantEquipment": 1029325000, "intangibleAssets": 117000, "otherAssets": 41290000, "totalAssets": 3890840000, "accountsPayable": 516768000, "shortLongTermDebt": 134017000, "otherCurrentLiab": 171166000, "longTermDebt": 190882000, "otherLiab": 105376000, "totalCurrentLiabilities": 2048770000, "totalLiab": 2360278000, "commonStock": 96989000, "retainedEarnings": 1043027000, "treasuryStock": 175288000, "capitalSurplus": 215258000, "otherStockholderEquity": 175288000, "totalStockholderEquity": 1530562000, "netTangibleAssets": 1530445000}, {"maxAge": 1, "endDate": "2019-03-31", "cash": 3301000, "netReceivables": 1247182000, "inventory": 888743000, "otherCurrentAssets": 244394000, "totalCurrentAssets": 2395283000, "longTermInvestments": 19888000, "propertyPlantEquipment": 1076357000, "intangibleAssets": 234000, "otherAssets": 36675000, "totalAssets": 3528437000, "accountsPayable": 509202000, "shortLongTermDebt": 106764000, "otherCurrentLiab": 119673000, "longTermDebt": 313642000, "otherLiab": 76395000, "totalCurrentLiabilities": 1757233000, "totalLiab": 2147270000, "commonStock": 96989000, "retainedEarnings": 897864000, "treasuryStock": 171056000, "capitalSurplus": 215258000, "otherStockholderEquity": 171056000, "totalStockholderEquity": 1381167000, "netTangibleAssets": 1380933000}, {"maxAge": 1, "endDate": "2018-03-31", "cash": 3001000, "netReceivables": 1732775000, "inventory": 749152000, "otherCurrentAssets": 210458000, "totalCurrentAssets": 2708395000, "longTermInvestments": 14456000, "propertyPlantEquipment": 1141618000, "intangibleAssets": 2506000, "otherAssets": 40019000, "totalAssets": 3906994000, "accountsPayable": 389548000, "shortLongTermDebt": 96069000, "otherCurrentLiab": 72137000, "longTermDebt": 421402000, "otherLiab": 51816000, "totalCurrentLiabilities": 2130505000, "totalLiab": 2603723000, "commonStock": 96989000, "retainedEarnings": 824532000, "treasuryStock": 166492000, "capitalSurplus": 215258000, "otherStockholderEquity": 166492000, "totalStockholderEquity": 1303271000, "netTangibleAssets": 1300765000}, {"maxAge": 1, "endDate": "2017-03-31", "cash": 3697000, "netReceivables": 1914005000, "inventory": 1007185000, "otherCurrentAssets": 181708000, "totalCurrentAssets": 3116122000, "longTermInvestments": 14392000, "propertyPlantEquipment": 1199549000, "intangibleAssets": 4264000, "otherAssets": 43242000, "totalAssets": 4377569000, "accountsPayable": 391755000, "shortLongTermDebt": 67062000, "otherCurrentLiab": 159410000, "longTermDebt": 494976000, "otherLiab": 48992000, "totalCurrentLiabilities": 2542524000, "totalLiab": 3086492000, "commonStock": 96989000, "retainedEarnings": 813742000, "treasuryStock": 165088000, "capitalSurplus": 215258000, "otherStockholderEquity": 165088000, "totalStockholderEquity": 1291077000, "netTangibleAssets": 1286813000}], "maxAge": 86400}, "financialData": {"maxAge": 86400, "currentPrice": 22.3, "recommendationKey": "none", "grossProfits": 1777068000, "financialCurrency": "INR"}}}