{"KICL.NS": {"assetProfile": {"address1": "Corporate Building", "address2": "2nd Floor Mundhwa", "city": "Pune", "zip": "411036", "country": "India", "phone": "91 20 6621 5000", "fax": "91 20 2682 1124", "website": "http://www.kalyani-investment.com", "industry": "Asset Management", "sector": "Financial Services", "longBusinessSummary": "Kalyani Investment Company Limited, a non-deposit taking core investment company, invests in listed and unlisted companies in India. It invests in companies of various sectors, including forging, steel, power generation, chemical, banking, etc. The company was incorporated in 2009 and is based in Pune, India. Kalyani Investment Company Limited is a subsidiary of Sundaram Trading and Investment Private Limited.", "fullTimeEmployees": 2, "companyOfficers": [{"maxAge": 1, "name": "Mr. Sanjay V. Yewale", "age": 55, "title": "CEO & CFO", "yearBorn": 1965, "fiscalYear": 2020, "totalPay": 11350000, "exercisedValue": 0, "unexercisedValue": 0}, {"maxAge": 1, "name": "Mr. Akshay  Chikodikar", "age": 29, "title": "Company Sec. & Compliance Officer", "yearBorn": 1991, "fiscalYear": 2020, "totalPay": 490000, "exercisedValue": 0, "unexercisedValue": 0}], "compensationAsOfEpochDate": "2020-12-31 05:30:00", "maxAge": 86400}, "cashflowStatementHistory": {"cashflowStatements": [{"maxAge": 1, "endDate": "2020-03-31", "netIncome": 480380000, "depreciation": 980000, "changeToNetincome": -117360000, "changeToLiabilities": 2170000, "changeToOperatingActivities": -352600000, "totalCashFromOperatingActivities": 13570000, "investments": -74710000, "otherCashflowsFromInvestingActivities": 61870000, "totalCashflowsFromInvestingActivities": -12840000, "changeInCash": 730000}, {"maxAge": 1, "endDate": "2019-03-31", "netIncome": 610830000, "depreciation": 970000, "changeToNetincome": -325220000, "changeToLiabilities": 500000, "changeToOperatingActivities": 10280000, "totalCashFromOperatingActivities": 297360000, "investments": -357870000, "otherCashflowsFromInvestingActivities": 42530000, "totalCashflowsFromInvestingActivities": -315340000, "changeInCash": -17980000}, {"maxAge": 1, "endDate": "2018-03-31", "netIncome": 507560000, "depreciation": 970000, "changeToNetincome": -239360000, "changeToLiabilities": -150000, "changeToOperatingActivities": -165590000, "totalCashFromOperatingActivities": 103430000, "investments": -119140000, "otherCashflowsFromInvestingActivities": 33510000, "totalCashflowsFromInvestingActivities": -85630000, "changeInCash": 17800000}, {"maxAge": 1, "endDate": "2017-03-31", "netIncome": 278978346, "depreciation": 972563, "changeToNetincome": -258750456, "changeToLiabilities": 0, "changeToOperatingActivities": -22458685, "totalCashFromOperatingActivities": -1258232, "investments": -100135460, "otherCashflowsFromInvestingActivities": 101057274, "totalCashflowsFromInvestingActivities": 921814, "changeInCash": -336418}], "maxAge": 86400}, "institutionOwnership": {"ownershipList": [], "maxAge": 1}, "majorHoldersBreakdown": {"maxAge": 1, "insidersPercentHeld": 0.76198, "institutionsPercentHeld": 0.0029300002, "institutionsFloatPercentHeld": 0.012309999, "institutionsCount": 1}, "balanceSheetHistoryQuarterly": {"balanceSheetStatements": [{"maxAge": 1, "endDate": "2020-12-31", "totalStockholderEquity": 34304470000, "netTangibleAssets": 34304470000}, {"maxAge": 1, "endDate": "2020-09-30", "cash": 520730000, "netReceivables": 20030000, "otherCurrentAssets": 3050000, "totalCurrentAssets": 543810000, "longTermInvestments": 34238140000, "propertyPlantEquipment": 4790000, "totalAssets": 34786740000, "accountsPayable": 50000, "otherLiab": 478250000, "totalCurrentLiabilities": 4020000, "totalLiab": 482270000, "commonStock": 43650000, "treasuryStock": 34260820000, "otherStockholderEquity": 34260820000, "totalStockholderEquity": 34304470000, "netTangibleAssets": 34304470000}, {"maxAge": 1, "endDate": "2020-06-30", "totalStockholderEquity": 20084570000, "netTangibleAssets": 20084570000}, {"maxAge": 1, "endDate": "2020-03-31", "cash": 1710000, "shortTermInvestments": 244900000, "netReceivables": 7970000, "otherCurrentAssets": 2820000, "totalCurrentAssets": 18881120000, "longTermInvestments": 1650170000, "propertyPlantEquipment": 5270000, "totalAssets": 20536560000, "accountsPayable": 2010000, "otherLiab": 439190000, "totalCurrentLiabilities": 12800000, "totalLiab": 451990000, "commonStock": 43650000, "retainedEarnings": 4568610000, "treasuryStock": 15472310000, "otherStockholderEquity": 15472310000, "totalStockholderEquity": 20084570000, "netTangibleAssets": 20084570000}], "maxAge": 86400}, "indexTrend": {"maxAge": 1, "symbol": "SP5", "peRatio": 19.7411, "pegRatio": 1.34172, "estimates": [{"period": "0q", "growth": 0.549}, {"period": "+1q", "growth": 0.431}, {"period": "0y", "growth": 0.305}, {"period": "+1y", "growth": 0.109}, {"period": "+5y", "growth": 0.120865}, {"period": "-5y"}]}, "defaultKeyStatistics": {"maxAge": 1, "priceHint": 2, "enterpriseValue": 6426291200, "profitMargins": 1.2822, "floatShares": 971963, "sharesOutstanding": 4365310, "heldPercentInsiders": 0.76198, "heldPercentInstitutions": 0.0029300002, "beta": 0.779351, "category": null, "bookValue": 7858.069, "priceToBook": 0.20153171, "fundFamily": null, "legalType": null, "lastFiscalYearEnd": "2020-03-31 05:30:00", "nextFiscalYearEnd": "2022-03-31 05:30:00", "mostRecentQuarter": "2020-12-31 05:30:00", "earningsQuarterlyGrowth": -0.44, "netIncomeToCommon": 269840000, "trailingEps": 61.822, "lastSplitFactor": null, "enterpriseToRevenue": 30.536, "enterpriseToEbitda": 35.682}, "summaryProfile": {"address1": "Corporate Building", "address2": "2nd Floor Mundhwa", "city": "Pune", "zip": "411036", "country": "India", "phone": "91 20 6621 5000", "fax": "91 20 2682 1124", "website": "http://www.kalyani-investment.com", "industry": "Asset Management", "sector": "Financial Services", "longBusinessSummary": "Kalyani Investment Company Limited, a non-deposit taking core investment company, invests in listed and unlisted companies in India. It invests in companies of various sectors, including forging, steel, power generation, chemical, banking, etc. The company was incorporated in 2009 and is based in Pune, India. Kalyani Investment Company Limited is a subsidiary of Sundaram Trading and Investment Private Limited.", "fullTimeEmployees": 2, "companyOfficers": [], "maxAge": 86400}, "netSharePurchaseActivity": {"maxAge": 1, "period": "6m", "buyInfoCount": 0, "buyInfoShares": 0, "sellInfoCount": 0, "netInfoCount": 0, "netInfoShares": 0, "netPercentInsiderShares": 0.0, "totalInsiderShares": 3325475}, "insiderTransactions": {"transactions": [{"maxAge": 1, "shares": 4640, "filerUrl": "", "transactionText": "", "filerName": "Kalyani (Sunita B)", "filerRelation": "UNREPORTED", "moneyText": "", "startDate": "2018-02-15", "ownership": "D"}], "maxAge": 1}, "quoteType": {"exchange": "NSI", "quoteType": "EQUITY", "symbol": "KICL.NS", "underlyingSymbol": "KICL.NS", "shortName": "KALYANI INVESTMENT", "longName": "Kalyani Investment Company Limited", "firstTradeDateEpochUtc": "2008-10-21 09:15:00", "timeZoneFullName": "Asia/Kolkata", "timeZoneShortName": "IST", "uuid": "e5b25b32-4efa-361f-8d25-bd6576dcdd68", "gmtOffSetMilliseconds": 19800000, "maxAge": 1}, "incomeStatementHistory": {"incomeStatementHistory": [{"maxAge": 1, "endDate": "2020-03-31", "totalRevenue": 419750000, "costOfRevenue": 0, "grossProfit": 419750000, "researchDevelopment": {}, "sellingGeneralAdministrative": 14650000, "nonRecurring": {}, "otherOperatingExpenses": 20440000, "totalOperatingExpenses": 36070000, "operatingIncome": 383680000, "totalOtherIncomeExpenseNet": 249110000, "ebit": 383680000, "interestExpense": {}, "incomeBeforeTax": 632790000, "incomeTaxExpense": 152410000, "minorityInterest": {}, "netIncomeFromContinuingOps": 480380000, "discontinuedOperations": {}, "extraordinaryItems": {}, "effectOfAccountingCharges": {}, "otherItems": {}, "netIncome": 480380000, "netIncomeApplicableToCommonShares": 480380000}, {"maxAge": 1, "endDate": "2019-03-31", "totalRevenue": 322740000, "costOfRevenue": 0, "grossProfit": 322740000, "researchDevelopment": {}, "sellingGeneralAdministrative": 13450000, "nonRecurring": {}, "otherOperatingExpenses": 20350000, "totalOperatingExpenses": 34770000, "operatingIncome": 287970000, "totalOtherIncomeExpenseNet": 323230000, "ebit": 287970000, "interestExpense": {}, "incomeBeforeTax": 611200000, "incomeTaxExpense": 370000, "minorityInterest": {}, "netIncomeFromContinuingOps": 610830000, "discontinuedOperations": {}, "extraordinaryItems": {}, "effectOfAccountingCharges": {}, "otherItems": {}, "netIncome": 610830000, "netIncomeApplicableToCommonShares": 610830000}, {"maxAge": 1, "endDate": "2018-03-31", "totalRevenue": 282640000, "costOfRevenue": 0, "grossProfit": 282640000, "researchDevelopment": {}, "sellingGeneralAdministrative": 11980000, "nonRecurring": {}, "otherOperatingExpenses": 9910000, "totalOperatingExpenses": 22860000, "operatingIncome": 259780000, "totalOtherIncomeExpenseNet": 246440000, "ebit": 259780000, "interestExpense": -40000, "incomeBeforeTax": 506220000, "incomeTaxExpense": -1340000, "minorityInterest": {}, "netIncomeFromContinuingOps": 507560000, "discontinuedOperations": {}, "extraordinaryItems": {}, "effectOfAccountingCharges": {}, "otherItems": {}, "netIncome": 507560000, "netIncomeApplicableToCommonShares": 507550000}, {"maxAge": 1, "endDate": "2017-03-31", "totalRevenue": 101057274, "costOfRevenue": 0, "grossProfit": 101057274, "researchDevelopment": {}, "sellingGeneralAdministrative": 10130161, "nonRecurring": {}, "otherOperatingExpenses": 8860827, "totalOperatingExpenses": 19963551, "operatingIncome": 81093723, "totalOtherIncomeExpenseNet": 197809265, "ebit": 81093723, "interestExpense": -40000, "incomeBeforeTax": 278902988, "incomeTaxExpense": -75358, "minorityInterest": {}, "netIncomeFromContinuingOps": 278978346, "discontinuedOperations": {}, "extraordinaryItems": {}, "effectOfAccountingCharges": {}, "otherItems": {}, "netIncome": 278978346, "netIncomeApplicableToCommonShares": 278978346}], "maxAge": 86400}, "fundOwnership": {"ownershipList": [], "maxAge": 1}, "summaryDetail": {"maxAge": 1, "priceHint": 2, "previousClose": 1591.8, "open": 1600.0, "dayLow": 1545.0, "dayHigh": 1605.0, "regularMarketPreviousClose": 1591.8, "regularMarketOpen": 1600.0, "regularMarketDayLow": 1545.0, "regularMarketDayHigh": 1605.0, "payoutRatio": 0.0, "beta": 0.779351, "trailingPE": 25.616287, "volume": 1402, "regularMarketVolume": 1402, "averageVolume": 1133, "averageVolume10days": 925, "averageDailyVolume10Day": 925, "bid": 0.0, "ask": 0.0, "bidSize": 0, "askSize": 0, "marketCap": 6787381248, "fiftyTwoWeekLow": 951.95, "fiftyTwoWeekHigh": 1799.0, "priceToSalesTrailing12Months": 32.25175, "fiftyDayAverage": 1561.0227, "twoHundredDayAverage": 1430.7214, "currency": "INR", "fromCurrency": null, "lastMarket": null, "algorithm": null, "tradeable": false}, "incomeStatementHistoryQuarterly": {"incomeStatementHistory": [{"maxAge": 1, "endDate": "2020-12-31", "totalRevenue": 19790000, "costOfRevenue": 0, "grossProfit": 19790000, "researchDevelopment": {}, "sellingGeneralAdministrative": 3070000, "nonRecurring": {}, "otherOperatingExpenses": 3750000, "totalOperatingExpenses": 7060000, "operatingIncome": 12730000, "totalOtherIncomeExpenseNet": 126310000, "ebit": 12730000, "interestExpense": {}, "incomeBeforeTax": 139040000, "incomeTaxExpense": 36480000, "minorityInterest": {}, "netIncomeFromContinuingOps": 102560000, "discontinuedOperations": {}, "extraordinaryItems": {}, "effectOfAccountingCharges": {}, "otherItems": {}, "netIncome": 102560000, "netIncomeApplicableToCommonShares": 102560000}, {"maxAge": 1, "endDate": "2020-09-30", "totalRevenue": 20070000, "costOfRevenue": 0, "grossProfit": 20070000, "researchDevelopment": {}, "sellingGeneralAdministrative": 4990000, "nonRecurring": {}, "otherOperatingExpenses": 2390000, "totalOperatingExpenses": 7630000, "operatingIncome": 12440000, "totalOtherIncomeExpenseNet": 84520000, "ebit": 12440000, "interestExpense": {}, "incomeBeforeTax": 96960000, "incomeTaxExpense": 22790000, "minorityInterest": {}, "netIncomeFromContinuingOps": 74170000, "discontinuedOperations": {}, "extraordinaryItems": {}, "effectOfAccountingCharges": {}, "otherItems": {}, "netIncome": 74170000, "netIncomeApplicableToCommonShares": 74170000}, {"maxAge": 1, "endDate": "2020-06-30", "totalRevenue": 20170000, "costOfRevenue": 0, "grossProfit": 20170000, "researchDevelopment": {}, "sellingGeneralAdministrative": 2670000, "nonRecurring": {}, "otherOperatingExpenses": 2350000, "totalOperatingExpenses": 5260000, "operatingIncome": 14910000, "totalOtherIncomeExpenseNet": 47040000, "ebit": 14910000, "interestExpense": {}, "incomeBeforeTax": 61950000, "incomeTaxExpense": 16250000, "minorityInterest": {}, "netIncomeFromContinuingOps": 45700000, "discontinuedOperations": {}, "extraordinaryItems": {}, "effectOfAccountingCharges": {}, "otherItems": {}, "netIncome": 45700000, "netIncomeApplicableToCommonShares": 45700000}, {"maxAge": 1, "endDate": "2020-03-31", "totalRevenue": 150420000, "costOfRevenue": 0, "grossProfit": 150420000, "researchDevelopment": {}, "sellingGeneralAdministrative": 3920000, "nonRecurring": {}, "otherOperatingExpenses": 7220000, "totalOperatingExpenses": 11390000, "operatingIncome": 139030000, "totalOtherIncomeExpenseNet": 61080000, "ebit": 139030000, "interestExpense": {}, "incomeBeforeTax": 200110000, "incomeTaxExpense": 152700000, "minorityInterest": {}, "netIncomeFromContinuingOps": 47410000, "discontinuedOperations": {}, "extraordinaryItems": {}, "effectOfAccountingCharges": {}, "otherItems": {}, "netIncome": 47410000, "netIncomeApplicableToCommonShares": 47410000}], "maxAge": 86400}, "cashflowStatementHistoryQuarterly": {"cashflowStatements": [{"maxAge": 1, "endDate": "2020-12-31", "netIncome": 102560000, "changeToLiabilities": 0}, {"maxAge": 1, "endDate": "2020-09-30", "netIncome": 74170000, "changeToLiabilities": 0}, {"maxAge": 1, "endDate": "2020-06-30", "netIncome": 45700000, "changeToLiabilities": 0}, {"maxAge": 1, "endDate": "2020-03-31", "netIncome": 47410000, "changeToLiabilities": 0}], "maxAge": 86400}, "insiderHolders": {"holders": [{"maxAge": 1, "name": "Kalyani (Sunita B)", "relation": "UNREPORTED", "url": "", "transactionDescription": "Purchase", "latestTransDate": "2018-02-15", "positionDirect": 5414, "positionDirectDate": "2018-02-15"}], "maxAge": 1}, "calendarEvents": {"maxAge": 1, "earnings": {"earningsDate": []}}, "upgradeDowngradeHistory": {"history": [], "maxAge": 86400}, "price": {"maxAge": 1, "regularMarketChangePercent": -0.005120005, "regularMarketChange": -8.150024, "regularMarketTime": "2021-04-30 15:29:35", "priceHint": 2, "regularMarketPrice": 1583.65, "regularMarketDayHigh": 1605.0, "regularMarketDayLow": 1545.0, "regularMarketVolume": 1402, "averageDailyVolume10Day": 925, "averageDailyVolume3Month": 1133, "regularMarketPreviousClose": 1591.8, "regularMarketSource": "FREE_REALTIME", "regularMarketOpen": 1600.0, "exchange": "NSI", "exchangeName": "NSE", "exchangeDataDelayedBy": 15, "marketState": "CLOSED", "quoteType": "EQUITY", "symbol": "KICL.NS", "underlyingSymbol": null, "shortName": "KALYANI INVESTMENT", "longName": "Kalyani Investment Company Limited", "currency": "INR", "quoteSourceName": "Delayed Quote", "currencySymbol": "\u20b9", "fromCurrency": null, "lastMarket": null, "marketCap": 6787381248}, "balanceSheetHistory": {"balanceSheetStatements": [{"maxAge": 1, "endDate": "2020-03-31", "cash": 1710000, "shortTermInvestments": 244900000, "netReceivables": 7970000, "otherCurrentAssets": 2820000, "totalCurrentAssets": 18881120000, "longTermInvestments": 1650170000, "propertyPlantEquipment": 5270000, "totalAssets": 20536560000, "accountsPayable": 2010000, "otherLiab": 439190000, "totalCurrentLiabilities": 12800000, "totalLiab": 451990000, "commonStock": 43650000, "retainedEarnings": 4568610000, "treasuryStock": 15472310000, "otherStockholderEquity": 15472310000, "totalStockholderEquity": 20084570000, "netTangibleAssets": 20084570000}, {"maxAge": 1, "endDate": "2019-03-31", "cash": 980000, "otherCurrentAssets": 610000, "totalCurrentAssets": 36455270000, "longTermInvestments": 1348180000, "propertyPlantEquipment": 6260000, "totalAssets": 37809710000, "accountsPayable": 1450000, "otherLiab": 26800000, "totalCurrentLiabilities": 12480000, "totalLiab": 39280000, "commonStock": 43650000, "retainedEarnings": 4349840000, "treasuryStock": 33376940000, "otherStockholderEquity": 33376940000, "totalStockholderEquity": 37770430000, "netTangibleAssets": 37770430000}, {"maxAge": 1, "endDate": "2018-03-31", "cash": 18960000, "otherCurrentAssets": 500000, "totalCurrentAssets": 49531440000, "longTermInvestments": 1067170000, "propertyPlantEquipment": 7230000, "totalAssets": 50605840000, "accountsPayable": 940000, "otherCurrentLiab": 580000, "otherLiab": 120820000, "totalCurrentLiabilities": 2290000, "totalLiab": 123110000, "commonStock": 43650000, "retainedEarnings": 3738700000, "treasuryStock": 46700380000, "otherStockholderEquity": 46700380000, "totalStockholderEquity": 50482730000, "netTangibleAssets": 50482730000}, {"maxAge": 1, "endDate": "2017-03-31", "cash": 1151730, "shortTermInvestments": 18220743, "totalCurrentAssets": 19372473, "longTermInvestments": 4769867465, "propertyPlantEquipment": 8196450, "otherAssets": 1552827, "totalAssets": 4798989215, "accountsPayable": 1091848, "otherCurrentLiab": 163301201, "otherLiab": 101625, "totalCurrentLiabilities": 166419535, "totalLiab": 166521160, "commonStock": 43653060, "retainedEarnings": 4007643668, "treasuryStock": 581171327, "otherStockholderEquity": 581171327, "totalStockholderEquity": 4632468055, "netTangibleAssets": 4632468055}], "maxAge": 86400}, "financialData": {"maxAge": 86400, "currentPrice": 1583.65, "recommendationKey": "none", "totalCash": 520729984, "totalCashPerShare": 119.317, "ebitda": 180097504, "totalDebt": 0, "totalRevenue": 210450000, "revenuePerShare": 48.215, "grossProfits": 419750000, "earningsGrowth": -0.44, "revenueGrowth": -0.816, "grossMargins": 1.0, "ebitdaMargins": 0.85577005, "operatingMargins": 0.85108, "profitMargins": 1.2822, "financialCurrency": "INR"}}}