{"KIFS.BO": {"cashflowStatementHistory": {"cashflowStatements": [{"maxAge": 1, "endDate": "2020-03-31", "netIncome": 39390621, "depreciation": 474498, "changeToNetincome": 68937, "changeToLiabilities": 0, "changeToOperatingActivities": -21206469, "totalCashFromOperatingActivities": 18727587, "dividendsPaid": -10818000, "otherCashflowsFromFinancingActivities": -2224042, "totalCashFromFinancingActivities": -13042042, "changeInCash": 5685545}, {"maxAge": 1, "endDate": "2019-03-31", "netIncome": 28241342, "depreciation": 695262, "changeToNetincome": -55596, "changeToLiabilities": 0, "changeToOperatingActivities": -25659065, "totalCashFromOperatingActivities": 3221943, "dividendsPaid": -9736200, "otherCashflowsFromFinancingActivities": -1982290, "totalCashFromFinancingActivities": -11718490, "changeInCash": -8496547}, {"maxAge": 1, "endDate": "2018-03-31", "netIncome": 30011478, "depreciation": 1005627, "changeToNetincome": -126547, "changeToLiabilities": 0, "changeToOperatingActivities": -17183017, "totalCashFromOperatingActivities": 13719710, "dividendsPaid": -9736200, "otherCashflowsFromFinancingActivities": -1982290, "totalCashFromFinancingActivities": -11718490, "changeInCash": 2001220}, {"maxAge": 1, "endDate": "2017-03-31", "netIncome": 33533518, "depreciation": 1463815, "changeToNetincome": -236062, "changeToLiabilities": 0, "changeToOperatingActivities": -9256386, "totalCashFromOperatingActivities": 25708088, "dividendsPaid": -9736200, "otherCashflowsFromFinancingActivities": -1982290, "totalCashFromFinancingActivities": -11718490, "changeInCash": 13989598}], "maxAge": 86400}, "institutionOwnership": {"ownershipList": [], "maxAge": 1}, "balanceSheetHistoryQuarterly": {"balanceSheetStatements": [{"maxAge": 1, "endDate": "2020-06-30", "totalStockholderEquity": 326614000, "netTangibleAssets": 326611000}, {"maxAge": 1, "endDate": "2020-03-31", "cash": 43049934, "netReceivables": 1991116861, "otherCurrentAssets": 25120886, "totalCurrentAssets": 2059287681, "propertyPlantEquipment": 1058922, "intangibleAssets": 2863, "otherAssets": 469821, "deferredLongTermAssetCharges": 353521, "totalAssets": 2060819287, "otherCurrentLiab": 23650136, "otherLiab": 5097033, "totalCurrentLiabilities": 1729108593, "totalLiab": 1734205626, "commonStock": 108180000, "retainedEarnings": 108101807, "treasuryStock": 61650854, "capitalSurplus": 48681000, "otherStockholderEquity": 61650854, "totalStockholderEquity": 326613661, "netTangibleAssets": 326610798}, {"maxAge": 1, "endDate": "2019-12-31", "totalStockholderEquity": 313421000, "netTangibleAssets": 313421000}, {"maxAge": 1, "endDate": "2019-09-30", "cash": 60505000, "netReceivables": 1683187000, "otherCurrentAssets": 272000, "totalCurrentAssets": 1743964000, "propertyPlantEquipment": 1299000, "otherAssets": 422000, "deferredLongTermAssetCharges": 422000, "totalAssets": 1745685000, "otherCurrentLiab": 11000, "longTermDebt": 1398079000, "otherLiab": 34174000, "totalCurrentLiabilities": 11000, "totalLiab": 1432264000, "commonStock": 108180000, "treasuryStock": 205241000, "otherStockholderEquity": 205241000, "totalStockholderEquity": 313421000, "netTangibleAssets": 313421000}], "maxAge": 86400}, "indexTrend": {"maxAge": 1, "symbol": "SP5", "peRatio": 19.7411, "pegRatio": 1.34172, "estimates": [{"period": "0q", "growth": 0.549}, {"period": "+1q", "growth": 0.431}, {"period": "0y", "growth": 0.305}, {"period": "+1y", "growth": 0.109}, {"period": "+5y", "growth": 0.120859005}, {"period": "-5y"}]}, "insiderTransactions": {"transactions": [{"maxAge": 1, "shares": 8050000, "filerUrl": "", "transactionText": "", "filerName": "Khandwala Commercial Pvt Ltd", "filerRelation": "Institution- Corporation", "moneyText": "", "startDate": "2015-12-29", "ownership": "D"}, {"maxAge": 1, "shares": 8050000, "filerUrl": "", "transactionText": "", "filerName": "KIFS Securities Ltd", "filerRelation": "Promoter", "moneyText": "", "startDate": "2015-12-29", "ownership": "D"}], "maxAge": 1}, "quoteType": {"exchange": "BSE", "quoteType": "EQUITY", "symbol": "KIFS.BO", "underlyingSymbol": "KIFS.BO", "shortName": "KIFS FINANCIAL SERVICES LTD.", "longName": "KIFS Financial Services Limited", "firstTradeDateEpochUtc": "2013-05-13 09:15:00", "timeZoneFullName": "Asia/Kolkata", "timeZoneShortName": "IST", "uuid": "0a7372ca-2e9f-378b-9e84-0294a9ce3c78", "gmtOffSetMilliseconds": 19800000, "maxAge": 1}, "incomeStatementHistory": {"incomeStatementHistory": [{"maxAge": 1, "endDate": "2020-03-31", "totalRevenue": 60600160, "costOfRevenue": 22990, "grossProfit": 60577170, "researchDevelopment": {}, "sellingGeneralAdministrative": 3470011, "nonRecurring": {}, "otherOperatingExpenses": 3898103, "totalOperatingExpenses": 7865602, "operatingIncome": 52734558, "totalOtherIncomeExpenseNet": 0, "ebit": 0, "interestExpense": {}, "incomeBeforeTax": 52734558, "incomeTaxExpense": 13343937, "minorityInterest": {}, "netIncomeFromContinuingOps": 39390621, "discontinuedOperations": {}, "extraordinaryItems": {}, "effectOfAccountingCharges": {}, "otherItems": {}, "netIncome": 39390621, "netIncomeApplicableToCommonShares": 39390621}, {"maxAge": 1, "endDate": "2019-03-31", "totalRevenue": 47513203, "costOfRevenue": 51866, "grossProfit": 47461337, "researchDevelopment": {}, "sellingGeneralAdministrative": 2860889, "nonRecurring": {}, "otherOperatingExpenses": 3519440, "totalOperatingExpenses": 7127457, "operatingIncome": 40385746, "totalOtherIncomeExpenseNet": 0, "ebit": 0, "interestExpense": {}, "incomeBeforeTax": 40385746, "incomeTaxExpense": 12144404, "minorityInterest": {}, "netIncomeFromContinuingOps": 28241342, "discontinuedOperations": {}, "extraordinaryItems": {}, "effectOfAccountingCharges": {}, "otherItems": {}, "netIncome": 28241342, "netIncomeApplicableToCommonShares": 28241342}, {"maxAge": 1, "endDate": "2018-03-31", "totalRevenue": 49904782, "costOfRevenue": 22000, "grossProfit": 49882782, "researchDevelopment": {}, "sellingGeneralAdministrative": 4588954, "nonRecurring": {}, "otherOperatingExpenses": 2791101, "totalOperatingExpenses": 8419851, "operatingIncome": 41484931, "totalOtherIncomeExpenseNet": 0, "ebit": 0, "interestExpense": {}, "incomeBeforeTax": 41484931, "incomeTaxExpense": 11473453, "minorityInterest": {}, "netIncomeFromContinuingOps": 30011478, "discontinuedOperations": {}, "extraordinaryItems": {}, "effectOfAccountingCharges": {}, "otherItems": {}, "netIncome": 30011478, "netIncomeApplicableToCommonShares": 30011478}, {"maxAge": 1, "endDate": "2017-03-31", "totalRevenue": 56701522, "costOfRevenue": 0, "grossProfit": 56701522, "researchDevelopment": {}, "sellingGeneralAdministrative": 3578904, "nonRecurring": {}, "otherOperatingExpenses": 2228317, "totalOperatingExpenses": 7304066, "operatingIncome": 49397456, "totalOtherIncomeExpenseNet": 0, "ebit": 0, "interestExpense": {}, "incomeBeforeTax": 49397456, "incomeTaxExpense": 15863938, "minorityInterest": {}, "netIncomeFromContinuingOps": 33533518, "discontinuedOperations": {}, "extraordinaryItems": {}, "effectOfAccountingCharges": {}, "otherItems": {}, "netIncome": 33533518, "netIncomeApplicableToCommonShares": 33533518}], "maxAge": 86400}, "fundOwnership": {"ownershipList": [], "maxAge": 1}, "summaryDetail": {"maxAge": 1, "priceHint": 2, "previousClose": 39.0, "open": 42.0, "dayLow": 39.5, "dayHigh": 42.0, "regularMarketPreviousClose": 39.0, "regularMarketOpen": 42.0, "regularMarketDayLow": 39.5, "regularMarketDayHigh": 42.0, "trailingPE": 11.002786, "volume": 125, "regularMarketVolume": 125, "averageVolume": 9430, "averageVolume10days": 1684, "averageDailyVolume10Day": 1684, "bid": 39.0, "ask": 39.5, "bidSize": 0, "askSize": 0, "marketCap": 427311008, "fiftyTwoWeekLow": 33.45, "fiftyTwoWeekHigh": 72.95, "fiftyDayAverage": 47.169697, "twoHundredDayAverage": 43.80037, "trailingAnnualDividendRate": 1.25, "trailingAnnualDividendYield": 0.032051284, "currency": "INR", "fromCurrency": null, "lastMarket": null, "algorithm": null, "tradeable": false}, "incomeStatementHistoryQuarterly": {"incomeStatementHistory": [{"maxAge": 1, "endDate": "2020-06-30", "totalRevenue": 14925000, "costOfRevenue": 0, "grossProfit": 14925000, "researchDevelopment": {}, "sellingGeneralAdministrative": 1339000, "nonRecurring": {}, "otherOperatingExpenses": 67000, "totalOperatingExpenses": 1487000, "operatingIncome": 13438000, "totalOtherIncomeExpenseNet": 0, "ebit": 0, "interestExpense": {}, "incomeBeforeTax": 13438000, "incomeTaxExpense": 3497000, "minorityInterest": {}, "netIncomeFromContinuingOps": 9941000, "discontinuedOperations": {}, "extraordinaryItems": {}, "effectOfAccountingCharges": {}, "otherItems": {}, "netIncome": 9941000, "netIncomeApplicableToCommonShares": 9941000}, {"maxAge": 1, "endDate": "2020-03-31", "totalRevenue": 12652160, "costOfRevenue": 22990, "grossProfit": 12629170, "researchDevelopment": {}, "sellingGeneralAdministrative": 94011, "nonRecurring": {}, "otherOperatingExpenses": 3727103, "totalOperatingExpenses": 3961602, "operatingIncome": 8690558, "totalOtherIncomeExpenseNet": 0, "ebit": 0, "interestExpense": {}, "incomeBeforeTax": 8690558, "incomeTaxExpense": 1099937, "minorityInterest": {}, "netIncomeFromContinuingOps": 7590621, "discontinuedOperations": {}, "extraordinaryItems": {}, "effectOfAccountingCharges": {}, "otherItems": {}, "netIncome": 7590621, "netIncomeApplicableToCommonShares": 7590621}, {"maxAge": 1, "endDate": "2019-12-31", "totalRevenue": 19211000, "costOfRevenue": 0, "grossProfit": 19211000, "researchDevelopment": {}, "sellingGeneralAdministrative": 1169000, "nonRecurring": {}, "otherOperatingExpenses": 77000, "totalOperatingExpenses": 1365000, "operatingIncome": 17846000, "totalOtherIncomeExpenseNet": 0, "ebit": 0, "interestExpense": {}, "incomeBeforeTax": 17846000, "incomeTaxExpense": 4962000, "minorityInterest": {}, "netIncomeFromContinuingOps": 12884000, "discontinuedOperations": {}, "extraordinaryItems": {}, "effectOfAccountingCharges": {}, "otherItems": {}, "netIncome": 12884000, "netIncomeApplicableToCommonShares": 12884000}, {"maxAge": 1, "endDate": "2019-09-30", "totalRevenue": 12672000, "costOfRevenue": 0, "grossProfit": 12672000, "researchDevelopment": {}, "sellingGeneralAdministrative": 877000, "nonRecurring": {}, "otherOperatingExpenses": 54000, "totalOperatingExpenses": 1050000, "operatingIncome": 11622000, "totalOtherIncomeExpenseNet": 0, "ebit": 0, "interestExpense": {}, "incomeBeforeTax": 11622000, "incomeTaxExpense": 3230000, "minorityInterest": {}, "netIncomeFromContinuingOps": 8392000, "discontinuedOperations": {}, "extraordinaryItems": {}, "effectOfAccountingCharges": {}, "otherItems": {}, "netIncome": 8392000, "netIncomeApplicableToCommonShares": 8392000}], "maxAge": 86400}, "cashflowStatementHistoryQuarterly": {"cashflowStatements": [{"maxAge": 1, "endDate": "2020-06-30", "netIncome": 9941000, "changeToLiabilities": 0}, {"maxAge": 1, "endDate": "2020-03-31", "netIncome": 7590621, "changeToLiabilities": 0}, {"maxAge": 1, "endDate": "2019-12-31", "netIncome": 12884000, "changeToLiabilities": 0}, {"maxAge": 1, "endDate": "2019-09-30", "netIncome": 8392000, "changeToLiabilities": 0}], "maxAge": 86400}, "insiderHolders": {"holders": [{"maxAge": 1, "name": "KIFS Securities Ltd", "relation": "Promoter", "url": "", "transactionDescription": "Sale", "latestTransDate": "2015-12-29", "positionDirect": 0, "positionDirectDate": "2015-12-29"}, {"maxAge": 1, "name": "Khandwala Commercial Pvt Ltd", "relation": "Institution- Corporation", "url": "", "transactionDescription": "Acquisition", "latestTransDate": "2015-12-29", "positionDirect": 8050000, "positionDirectDate": "2015-12-29"}], "maxAge": 1}, "calendarEvents": {"maxAge": 1, "earnings": {"earningsDate": ["2020-08-14 05:30:S"]}}, "upgradeDowngradeHistory": {"history": [], "maxAge": 86400}, "price": {"maxAge": 1, "regularMarketChangePercent": 0.012820513, "regularMarketChange": 0.5, "regularMarketTime": "2021-04-30 13:40:59", "priceHint": 2, "regularMarketPrice": 39.5, "regularMarketDayHigh": 42.0, "regularMarketDayLow": 39.5, "regularMarketVolume": 125, "averageDailyVolume10Day": 1684, "averageDailyVolume3Month": 9430, "regularMarketPreviousClose": 39.0, "regularMarketSource": "FREE_REALTIME", "regularMarketOpen": 42.0, "exchange": "BSE", "exchangeName": "BSE", "exchangeDataDelayedBy": 0, "marketState": "CLOSED", "quoteType": "EQUITY", "symbol": "KIFS.BO", "underlyingSymbol": null, "shortName": "KIFS FINANCIAL SERVICES LTD.", "longName": "KIFS Financial Services Limited", "currency": "INR", "quoteSourceName": "Delayed Quote", "currencySymbol": "\u20b9", "fromCurrency": null, "lastMarket": null, "marketCap": 427311008}, "balanceSheetHistory": {"balanceSheetStatements": [{"maxAge": 1, "endDate": "2020-03-31", "cash": 43049934, "netReceivables": 1991116861, "otherCurrentAssets": 25120886, "totalCurrentAssets": 2059287681, "propertyPlantEquipment": 1058922, "intangibleAssets": 2863, "otherAssets": 469821, "deferredLongTermAssetCharges": 353521, "totalAssets": 2060819287, "otherCurrentLiab": 23650136, "otherLiab": 5097033, "totalCurrentLiabilities": 1729108593, "totalLiab": 1734205626, "commonStock": 108180000, "retainedEarnings": 108101807, "treasuryStock": 61650854, "capitalSurplus": 48681000, "otherStockholderEquity": 61650854, "totalStockholderEquity": 326613661, "netTangibleAssets": 326610798}, {"maxAge": 1, "endDate": "2019-03-31", "cash": 37364389, "netReceivables": 948409374, "otherCurrentAssets": 17890512, "totalCurrentAssets": 1003664275, "propertyPlantEquipment": 1533420, "intangibleAssets": 2863, "otherAssets": 538758, "deferredLongTermAssetCharges": 422458, "totalAssets": 1005739316, "otherCurrentLiab": 14509977, "otherLiab": 2376330, "totalCurrentLiabilities": 703097904, "totalLiab": 705474234, "commonStock": 108180000, "retainedEarnings": 89226814, "treasuryStock": 54177268, "capitalSurplus": 48681000, "otherStockholderEquity": 54177268, "totalStockholderEquity": 300265082, "netTangibleAssets": 300262219}, {"maxAge": 1, "endDate": "2018-03-31", "cash": 45860936, "netReceivables": 396217362, "otherCurrentAssets": 19498998, "totalCurrentAssets": 461577296, "propertyPlantEquipment": 2224447, "intangibleAssets": 7098, "otherAssets": 483162, "deferredLongTermAssetCharges": 366862, "totalAssets": 464292003, "otherCurrentLiab": 31330472, "totalCurrentLiabilities": 192268263, "totalLiab": 192268263, "commonStock": 108180000, "retainedEarnings": 66633740, "treasuryStock": 48529000, "capitalSurplus": 48681000, "otherStockholderEquity": 48529000, "totalStockholderEquity": 272023740, "netTangibleAssets": 272016642}, {"maxAge": 1, "endDate": "2017-03-31", "cash": 43859716, "netReceivables": 469097776, "otherCurrentAssets": 21696219, "totalCurrentAssets": 534653711, "propertyPlantEquipment": 3230074, "intangibleAssets": 19267, "otherAssets": 356615, "deferredLongTermAssetCharges": 240315, "totalAssets": 538259667, "otherCurrentLiab": 37624479, "otherLiab": 1, "totalCurrentLiabilities": 284528915, "totalLiab": 284528916, "commonStock": 108180000, "retainedEarnings": 54343047, "treasuryStock": 42526704, "capitalSurplus": 48681000, "otherStockholderEquity": 42526704, "totalStockholderEquity": 253730751, "netTangibleAssets": 253711484}], "maxAge": 86400}, "financialData": {"maxAge": 86400, "currentPrice": 39.5, "recommendationKey": "none", "grossProfits": 60577170, "financialCurrency": "INR"}}}