{"KILITCH.BO": {"recommendationTrend": {"trend": [{"period": "0m", "strongBuy": 0, "buy": 0, "hold": 0, "sell": 0, "strongSell": 0}, {"period": "-1m", "strongBuy": 0, "buy": 0, "hold": 0, "sell": 0, "strongSell": 0}, {"period": "-2m", "strongBuy": 0, "buy": 0, "hold": 0, "sell": 0, "strongSell": 0}, {"period": "-3m", "strongBuy": 0, "buy": 0, "hold": 0, "sell": 0, "strongSell": 0}], "maxAge": 86400}, "cashflowStatementHistory": {"cashflowStatements": [{"maxAge": 1, "endDate": "2020-03-31", "netIncome": 8420000, "depreciation": 11546000, "changeToNetincome": -45853000, "changeToAccountReceivables": 55128000, "changeToLiabilities": 28482000, "changeToInventory": -8409000, "changeToOperatingActivities": -11882000, "totalCashFromOperatingActivities": 37451000, "capitalExpenditures": -104993000, "investments": 3104000, "otherCashflowsFromInvestingActivities": -2651000, "totalCashflowsFromInvestingActivities": -104540000, "dividendsPaid": -17903000, "netBorrowings": 31550000, "otherCashflowsFromFinancingActivities": 1217000, "totalCashFromFinancingActivities": 15654000, "changeInCash": -51435000, "issuanceOfStock": 790000}, {"maxAge": 1, "endDate": "2019-03-31", "netIncome": 38298000, "depreciation": 11971000, "changeToNetincome": 12376000, "changeToAccountReceivables": -12830000, "changeToLiabilities": -31941000, "changeToInventory": -19194000, "changeToOperatingActivities": 4114000, "totalCashFromOperatingActivities": 2909000, "capitalExpenditures": -190217000, "investments": 38506000, "otherCashflowsFromInvestingActivities": 11925000, "totalCashflowsFromInvestingActivities": -139786000, "dividendsPaid": -9504000, "netBorrowings": 85325000, "otherCashflowsFromFinancingActivities": 22234000, "totalCashFromFinancingActivities": 168553000, "changeInCash": 31675000, "issuanceOfStock": 70498000}, {"maxAge": 1, "endDate": "2018-03-31", "netIncome": 51526000, "depreciation": 11930000, "changeToNetincome": 17568000, "changeToAccountReceivables": -80460000, "changeToLiabilities": 23769000, "changeToInventory": -2012000, "changeToOperatingActivities": -8328000, "totalCashFromOperatingActivities": 14231000, "capitalExpenditures": -34881000, "investments": -12314000, "otherCashflowsFromInvestingActivities": 2691000, "totalCashflowsFromInvestingActivities": -44504000, "dividendsPaid": -408000, "netBorrowings": 2366000, "otherCashflowsFromFinancingActivities": 23600000, "totalCashFromFinancingActivities": 55058000, "changeInCash": 24786000, "issuanceOfStock": 29500000}, {"maxAge": 1, "endDate": "2017-03-31", "netIncome": -88896000, "depreciation": 13193000, "changeToNetincome": 97477000, "changeToAccountReceivables": -34120000, "changeToLiabilities": 24916000, "changeToInventory": 256000, "changeToOperatingActivities": -1886000, "totalCashFromOperatingActivities": 11214000, "capitalExpenditures": -13284000, "investments": 2003000, "otherCashflowsFromInvestingActivities": -4061000, "totalCashflowsFromInvestingActivities": -15342000, "dividendsPaid": -403000, "netBorrowings": 2366000, "otherCashflowsFromFinancingActivities": 23600000, "totalCashFromFinancingActivities": -403000, "changeInCash": -4531000, "issuanceOfStock": 29500000}], "maxAge": 86400}, "institutionOwnership": {"ownershipList": [], "maxAge": 1}, "balanceSheetHistoryQuarterly": {"balanceSheetStatements": [{"maxAge": 1, "endDate": "2020-06-30", "totalStockholderEquity": 1182526000, "netTangibleAssets": 954537000}, {"maxAge": 1, "endDate": "2020-03-31", "cash": 27966000, "shortTermInvestments": 278104000, "netReceivables": 158844000, "inventory": 55567000, "otherCurrentAssets": 37272000, "totalCurrentAssets": 557856000, "longTermInvestments": 245864000, "propertyPlantEquipment": 383337000, "goodWill": 227487000, "intangibleAssets": 502000, "otherAssets": 13264000, "deferredLongTermAssetCharges": 9662000, "totalAssets": 1428310000, "accountsPayable": 71038000, "otherCurrentLiab": 7634000, "otherLiab": 3880000, "minorityInterest": 22183000, "totalCurrentLiabilities": 219721000, "totalLiab": 223601000, "commonStock": 154342000, "retainedEarnings": 632625000, "treasuryStock": 12296000, "capitalSurplus": 383263000, "otherStockholderEquity": 12296000, "totalStockholderEquity": 1182526000, "netTangibleAssets": 954537000}, {"maxAge": 1, "endDate": "2019-12-31", "totalStockholderEquity": 1207777000, "netTangibleAssets": 975706000}, {"maxAge": 1, "endDate": "2019-09-30", "cash": 27946000, "shortTermInvestments": 315741000, "netReceivables": 210836000, "inventory": 46907000, "otherCurrentAssets": 89152000, "totalCurrentAssets": 690582000, "longTermInvestments": 240639000, "propertyPlantEquipment": 308187000, "intangibleAssets": 232071000, "otherAssets": 12023000, "deferredLongTermAssetCharges": 9136000, "totalAssets": 1483502000, "accountsPayable": 38936000, "otherCurrentLiab": 69942000, "otherLiab": 4118000, "minorityInterest": 21293000, "totalCurrentLiabilities": 250314000, "totalLiab": 254432000, "commonStock": 154342000, "treasuryStock": 1053435000, "otherStockholderEquity": 1053435000, "totalStockholderEquity": 1207777000, "netTangibleAssets": 975706000}], "maxAge": 86400}, "earningsHistory": {"history": [{"maxAge": 1, "epsActual": {}, "epsEstimate": {}, "epsDifference": {}, "surprisePercent": {}, "quarter": {}, "period": "-4q"}, {"maxAge": 1, "epsActual": {}, "epsEstimate": {}, "epsDifference": {}, "surprisePercent": {}, "quarter": {}, "period": "-3q"}, {"maxAge": 1, "epsActual": {}, "epsEstimate": {}, "epsDifference": {}, "surprisePercent": {}, "quarter": {}, "period": "-2q"}, {"maxAge": 1, "epsActual": {}, "epsEstimate": {}, "epsDifference": {}, "surprisePercent": {}, "quarter": {}, "period": "-1q"}], "maxAge": 86400}, "indexTrend": {"maxAge": 1, "symbol": "SP5", "peRatio": 19.7411, "pegRatio": 1.34172, "estimates": [{"period": "0q", "growth": 0.549}, {"period": "+1q", "growth": 0.431}, {"period": "0y", "growth": 0.305}, {"period": "+1y", "growth": 0.109}, {"period": "+5y", "growth": 0.120865}, {"period": "-5y"}]}, "industryTrend": {"maxAge": 1, "symbol": null, "estimates": []}, "insiderTransactions": {"transactions": [{"maxAge": 1, "shares": 676116, "filerUrl": "", "transactionText": "", "filerName": "Mehta (Mukund Prataprai)", "filerRelation": "Managing Director", "moneyText": "", "startDate": "2019-06-27", "ownership": "D"}, {"maxAge": 1, "shares": 1649116, "filerUrl": "", "transactionText": "", "filerName": "Mehta (Bhavin)", "filerRelation": "Wholetime Director", "moneyText": "", "startDate": "2019-06-27", "ownership": "D"}, {"maxAge": 1, "shares": 190000, "filerUrl": "", "transactionText": "", "filerName": "Mehta (Neeta Mukund)", "filerRelation": "Promoter", "moneyText": "", "startDate": "2018-03-29", "ownership": "D"}, {"maxAge": 1, "shares": 250000, "filerUrl": "", "transactionText": "", "filerName": "Mehta (Bhavin)", "filerRelation": "Wholetime Director", "moneyText": "", "startDate": "2018-03-29", "ownership": "D"}, {"maxAge": 1, "shares": 60000, "filerUrl": "", "transactionText": "", "filerName": "Mehta (Mukund Prataprai)", "filerRelation": "Managing Director", "moneyText": "", "startDate": "2018-03-29", "ownership": "D"}, {"maxAge": 1, "shares": 956785, "filerUrl": "", "transactionText": "", "filerName": "Mehta (Paresh Prataprai)", "filerRelation": "Joint Managing director", "moneyText": "", "startDate": "2016-04-13", "ownership": "D"}, {"maxAge": 1, "shares": 956785, "filerUrl": "", "transactionText": "", "filerName": "Mehta (Mukund Prataprai)", "filerRelation": "Managing Director", "moneyText": "", "startDate": "2016-04-13", "ownership": "D"}, {"maxAge": 1, "shares": 299317, "filerUrl": "", "transactionText": "", "filerName": "Mehta (Paresh Prataprai)", "filerRelation": "Joint Managing director", "moneyText": "", "startDate": "2012-09-21", "ownership": "D"}, {"maxAge": 1, "shares": 616600, "filerUrl": "", "transactionText": "", "filerName": "Kilitch Company Pharma Ltd", "filerRelation": "Institution- Corporation", "moneyText": "", "startDate": "2012-09-21", "ownership": "D"}, {"maxAge": 1, "shares": 299318, "filerUrl": "", "transactionText": "", "filerName": "Mehta (Mukund Prataprai)", "filerRelation": "Managing Director", "moneyText": "", "startDate": "2012-09-21", "ownership": "D"}, {"maxAge": 1, "shares": 6012742, "filerUrl": "", "transactionText": "", "filerName": "NBZ Pharma Ltd", "filerRelation": "Promoter", "moneyText": "", "startDate": "2012-09-18", "ownership": "D"}, {"maxAge": 1, "shares": 6012742, "filerUrl": "", "transactionText": "", "filerName": "Kilitch Company Pharma Ltd", "filerRelation": "Promoter", "moneyText": "", "startDate": "2012-09-18", "ownership": "D"}, {"maxAge": 1, "shares": 193704, "filerUrl": "", "transactionText": "", "filerName": "Mehta (Mukund Prataprai)", "filerRelation": "Managing Director", "moneyText": "", "startDate": "2011-07-12", "ownership": "D"}, {"maxAge": 1, "shares": 406296, "filerUrl": "", "transactionText": "", "filerName": "Mehta (Paresh Prataprai)", "filerRelation": "Joint Managing director", "moneyText": "", "startDate": "2011-07-12", "ownership": "D"}, {"maxAge": 1, "shares": 600000, "filerUrl": "", "transactionText": "", "filerName": "Mehta (Prataprai Keshavji)", "filerRelation": "Non Executive Chairman", "moneyText": "", "startDate": "2011-07-12", "ownership": "D"}], "maxAge": 1}, "quoteType": {"exchange": "BSE", "quoteType": "EQUITY", "symbol": "KILITCH.BO", "underlyingSymbol": "KILITCH.BO", "shortName": "KILITCH DRUGS (INDIA) LTD.", "longName": "Kilitch Drugs (India) Limited", "firstTradeDateEpochUtc": "1994-05-13 09:15:00", "timeZoneFullName": "Asia/Kolkata", "timeZoneShortName": "IST", "uuid": "4424b9e8-89e6-3fd2-a8b9-a8c062199d5a", "gmtOffSetMilliseconds": 19800000, "maxAge": 1}, "incomeStatementHistory": {"incomeStatementHistory": [{"maxAge": 1, "endDate": "2020-03-31", "totalRevenue": 533200000, "costOfRevenue": 297732000, "grossProfit": 235468000, "researchDevelopment": {}, "sellingGeneralAdministrative": 101716000, "nonRecurring": {}, "otherOperatingExpenses": 130625000, "totalOperatingExpenses": 541638000, "operatingIncome": -8438000, "totalOtherIncomeExpenseNet": 24511000, "ebit": -8438000, "interestExpense": -7159000, "incomeBeforeTax": 16073000, "incomeTaxExpense": 7653000, "minorityInterest": 22183000, "netIncomeFromContinuingOps": 8420000, "discontinuedOperations": {}, "extraordinaryItems": {}, "effectOfAccountingCharges": {}, "otherItems": {}, "netIncome": 8420000, "netIncomeApplicableToCommonShares": 8420000}, {"maxAge": 1, "endDate": "2019-03-31", "totalRevenue": 824899000, "costOfRevenue": 490151000, "grossProfit": 334748000, "researchDevelopment": {}, "sellingGeneralAdministrative": 121230000, "nonRecurring": {}, "otherOperatingExpenses": 132733000, "totalOperatingExpenses": 756200000, "operatingIncome": 68699000, "totalOtherIncomeExpenseNet": 17167000, "ebit": 68699000, "interestExpense": -3791000, "incomeBeforeTax": 85866000, "incomeTaxExpense": 47568000, "minorityInterest": 20966000, "netIncomeFromContinuingOps": 38298000, "discontinuedOperations": {}, "extraordinaryItems": {}, "effectOfAccountingCharges": {}, "otherItems": {}, "netIncome": 38298000, "netIncomeApplicableToCommonShares": 38298000}, {"maxAge": 1, "endDate": "2018-03-31", "totalRevenue": 510118000, "costOfRevenue": 267547000, "grossProfit": 242571000, "researchDevelopment": {}, "sellingGeneralAdministrative": 76966000, "nonRecurring": {}, "otherOperatingExpenses": 108454000, "totalOperatingExpenses": 464963000, "operatingIncome": 45155000, "totalOtherIncomeExpenseNet": 15974000, "ebit": 45155000, "interestExpense": -3791000, "incomeBeforeTax": 61129000, "incomeTaxExpense": 9603000, "minorityInterest": 7313000, "netIncomeFromContinuingOps": 51526000, "discontinuedOperations": {}, "extraordinaryItems": {}, "effectOfAccountingCharges": {}, "otherItems": {}, "netIncome": 51526000, "netIncomeApplicableToCommonShares": 51526000}, {"maxAge": 1, "endDate": "2017-03-31", "totalRevenue": 286525000, "costOfRevenue": 121305000, "grossProfit": 165220000, "researchDevelopment": {}, "sellingGeneralAdministrative": 172201000, "nonRecurring": {}, "otherOperatingExpenses": -5074000, "totalOperatingExpenses": 301727000, "operatingIncome": -15202000, "totalOtherIncomeExpenseNet": -77950000, "ebit": -15202000, "interestExpense": -3791000, "incomeBeforeTax": -93152000, "incomeTaxExpense": -4256000, "minorityInterest": 7313000, "netIncomeFromContinuingOps": -88896000, "discontinuedOperations": {}, "extraordinaryItems": {}, "effectOfAccountingCharges": {}, "otherItems": {}, "netIncome": -88896000, "netIncomeApplicableToCommonShares": -88896000}], "maxAge": 86400}, "fundOwnership": {"ownershipList": [], "maxAge": 1}, "summaryDetail": {"maxAge": 1, "priceHint": 2, "previousClose": 102.15, "open": 101.0, "dayLow": 100.6, "dayHigh": 111.15, "regularMarketPreviousClose": 102.15, "regularMarketOpen": 101.0, "regularMarketDayLow": 100.6, "regularMarketDayHigh": 111.15, "volume": 19174, "regularMarketVolume": 19174, "averageVolume": 2226, "averageVolume10days": 1503, "averageDailyVolume10Day": 1503, "bid": 107.6, "ask": 111.5, "bidSize": 0, "askSize": 0, "marketCap": 1652219520, "fiftyTwoWeekLow": 63.0, "fiftyTwoWeekHigh": 138.5, "fiftyDayAverage": 94.50303, "twoHundredDayAverage": 91.96176, "trailingAnnualDividendRate": 0.5, "trailingAnnualDividendYield": 0.0048947623, "currency": "INR", "fromCurrency": null, "lastMarket": null, "algorithm": null, "tradeable": false}, "sectorTrend": {"maxAge": 1, "symbol": null, "estimates": []}, "incomeStatementHistoryQuarterly": {"incomeStatementHistory": [{"maxAge": 1, "endDate": "2020-06-30", "totalRevenue": 101917000, "costOfRevenue": 72230000, "grossProfit": 29687000, "researchDevelopment": {}, "sellingGeneralAdministrative": 16566000, "nonRecurring": {}, "otherOperatingExpenses": 24243000, "totalOperatingExpenses": 117894000, "operatingIncome": -15977000, "totalOtherIncomeExpenseNet": 763000, "ebit": -15977000, "interestExpense": -2932000, "incomeBeforeTax": -15214000, "incomeTaxExpense": -1877000, "minorityInterest": {}, "netIncomeFromContinuingOps": -13337000, "discontinuedOperations": {}, "extraordinaryItems": {}, "effectOfAccountingCharges": {}, "otherItems": {}, "netIncome": -13337000, "netIncomeApplicableToCommonShares": -13337000}, {"maxAge": 1, "endDate": "2020-03-31", "totalRevenue": 116231000, "costOfRevenue": 68500000, "grossProfit": 47731000, "researchDevelopment": {}, "sellingGeneralAdministrative": 29435000, "nonRecurring": {}, "otherOperatingExpenses": 40180000, "totalOperatingExpenses": 134933000, "operatingIncome": -18702000, "totalOtherIncomeExpenseNet": 2828000, "ebit": -18702000, "interestExpense": -2303000, "incomeBeforeTax": -15874000, "incomeTaxExpense": -3402000, "minorityInterest": 22183000, "netIncomeFromContinuingOps": -12472000, "discontinuedOperations": {}, "extraordinaryItems": {}, "effectOfAccountingCharges": {}, "otherItems": {}, "netIncome": -12472000, "netIncomeApplicableToCommonShares": -12472000}, {"maxAge": 1, "endDate": "2019-12-31", "totalRevenue": 159299000, "costOfRevenue": 91185000, "grossProfit": 68114000, "researchDevelopment": {}, "sellingGeneralAdministrative": 23864000, "nonRecurring": {}, "otherOperatingExpenses": 29040000, "totalOperatingExpenses": 149965000, "operatingIncome": 9334000, "totalOtherIncomeExpenseNet": 5195000, "ebit": 9334000, "interestExpense": -1702000, "incomeBeforeTax": 14529000, "incomeTaxExpense": 5079000, "minorityInterest": 22183000, "netIncomeFromContinuingOps": 9450000, "discontinuedOperations": {}, "extraordinaryItems": {}, "effectOfAccountingCharges": {}, "otherItems": {}, "netIncome": 9450000, "netIncomeApplicableToCommonShares": 9450000}, {"maxAge": 1, "endDate": "2019-09-30", "totalRevenue": 153351000, "costOfRevenue": 73657000, "grossProfit": 79694000, "researchDevelopment": {}, "sellingGeneralAdministrative": 22585000, "nonRecurring": {}, "otherOperatingExpenses": 39994000, "totalOperatingExpenses": 140744000, "operatingIncome": 12607000, "totalOtherIncomeExpenseNet": 4220000, "ebit": 12607000, "interestExpense": -1644000, "incomeBeforeTax": 16827000, "incomeTaxExpense": 3450000, "minorityInterest": 21293000, "netIncomeFromContinuingOps": 13377000, "discontinuedOperations": {}, "extraordinaryItems": {}, "effectOfAccountingCharges": {}, "otherItems": {}, "netIncome": 13377000, "netIncomeApplicableToCommonShares": 13377000}], "maxAge": 86400}, "cashflowStatementHistoryQuarterly": {"cashflowStatements": [{"maxAge": 1, "endDate": "2020-06-30", "netIncome": -13337000, "changeToLiabilities": 0}, {"maxAge": 1, "endDate": "2020-03-31", "netIncome": -12472000, "changeToLiabilities": 0}, {"maxAge": 1, "endDate": "2019-12-31", "netIncome": 9450000, "changeToLiabilities": 0}, {"maxAge": 1, "endDate": "2019-09-30", "netIncome": 13377000, "changeToLiabilities": 0}], "maxAge": 86400}, "insiderHolders": {"holders": [{"maxAge": 1, "name": "Kilitch Company Pharma Ltd", "relation": "Institution- Corporation", "url": "", "transactionDescription": "Acquisition", "latestTransDate": "2012-09-21", "positionDirect": 6629342, "positionDirectDate": "2012-09-21"}, {"maxAge": 1, "name": "Mehta (Bhavin)", "relation": "Wholetime Director", "url": "", "transactionDescription": "Other", "latestTransDate": "2019-06-27", "positionDirect": 2002416, "positionDirectDate": "2019-06-27"}, {"maxAge": 1, "name": "Mehta (Mukund Prataprai)", "relation": "Managing Director", "url": "", "transactionDescription": "Other", "latestTransDate": "2019-06-27", "positionDirect": 890647, "positionDirectDate": "2019-06-27"}, {"maxAge": 1, "name": "Mehta (Neeta Mukund)", "relation": "Promoter", "url": "", "transactionDescription": "Other", "latestTransDate": "2018-03-29", "positionDirect": 484768, "positionDirectDate": "2018-03-29"}, {"maxAge": 1, "name": "Mehta (Paresh Prataprai)", "relation": "Joint Managing director", "url": "", "transactionDescription": "Other", "latestTransDate": "2016-04-13", "positionDirect": 0, "positionDirectDate": "2016-04-13"}, {"maxAge": 1, "name": "Mehta (Prataprai Keshavji)", "relation": "Non Executive Chairman", "url": "", "transactionDescription": "Sale", "latestTransDate": "2011-07-12", "positionDirect": 17965, "positionDirectDate": "2011-07-12"}, {"maxAge": 1, "name": "NBZ Pharma Ltd", "relation": "Promoter", "url": "", "transactionDescription": "Sale", "latestTransDate": "2012-09-18", "positionDirect": 0, "positionDirectDate": "2012-09-18"}], "maxAge": 1}, "earnings": {"maxAge": 86400, "earningsChart": {"quarterly": [], "earningsDate": ["2020-11-09 05:30:S", "2020-11-14 05:30:S"]}, "financialsChart": {"yearly": [{"date": 2017, "revenue": 286525000, "earnings": -88896000}, {"date": 2018, "revenue": 510118000, "earnings": 51526000}, {"date": 2019, "revenue": 824899000, "earnings": 38298000}, {"date": 2020, "revenue": 533200000, "earnings": 8420000}], "quarterly": [{"date": "3Q2019", "revenue": 153351000, "earnings": 13377000}, {"date": "4Q2019", "revenue": 159299000, "earnings": 9450000}, {"date": "1Q2020", "revenue": 116231000, "earnings": -12472000}, {"date": "2Q2020", "revenue": 101917000, "earnings": -13337000}]}, "financialCurrency": "INR"}, "calendarEvents": {"maxAge": 1, "earnings": {"earningsDate": ["2020-11-09 05:30:S", "2020-11-14 05:30:S"]}}, "upgradeDowngradeHistory": {"history": [], "maxAge": 86400}, "price": {"maxAge": 1, "regularMarketChangePercent": 0.05335288, "regularMarketChange": 5.449997, "regularMarketTime": "2021-04-30 15:48:31", "priceHint": 2, "regularMarketPrice": 107.6, "regularMarketDayHigh": 111.15, "regularMarketDayLow": 100.6, "regularMarketVolume": 19174, "averageDailyVolume10Day": 1503, "averageDailyVolume3Month": 2226, "regularMarketPreviousClose": 102.15, "regularMarketSource": "FREE_REALTIME", "regularMarketOpen": 101.0, "exchange": "BSE", "exchangeName": "BSE", "exchangeDataDelayedBy": 0, "marketState": "CLOSED", "quoteType": "EQUITY", "symbol": "KILITCH.BO", "underlyingSymbol": null, "shortName": "KILITCH DRUGS (INDIA) LTD.", "longName": "Kilitch Drugs (India) Limited", "currency": "INR", "quoteSourceName": "Delayed Quote", "currencySymbol": "\u20b9", "fromCurrency": null, "lastMarket": null, "marketCap": 1652219520}, "balanceSheetHistory": {"balanceSheetStatements": [{"maxAge": 1, "endDate": "2020-03-31", "cash": 27966000, "shortTermInvestments": 278104000, "netReceivables": 158844000, "inventory": 55567000, "otherCurrentAssets": 37272000, "totalCurrentAssets": 557856000, "longTermInvestments": 245864000, "propertyPlantEquipment": 383337000, "goodWill": 227487000, "intangibleAssets": 502000, "otherAssets": 13264000, "deferredLongTermAssetCharges": 9662000, "totalAssets": 1428310000, "accountsPayable": 71038000, "otherCurrentLiab": 7634000, "otherLiab": 3880000, "minorityInterest": 22183000, "totalCurrentLiabilities": 219721000, "totalLiab": 223601000, "commonStock": 154342000, "retainedEarnings": 632625000, "treasuryStock": 12296000, "capitalSurplus": 383263000, "otherStockholderEquity": 12296000, "totalStockholderEquity": 1182526000, "netTangibleAssets": 954537000}, {"maxAge": 1, "endDate": "2019-03-31", "cash": 79401000, "shortTermInvestments": 284162000, "netReceivables": 195463000, "inventory": 47158000, "otherCurrentAssets": 42146000, "totalCurrentAssets": 648783000, "longTermInvestments": 250196000, "propertyPlantEquipment": 287649000, "goodWill": 235914000, "intangibleAssets": 289000, "otherAssets": 13783000, "deferredLongTermAssetCharges": 10357000, "totalAssets": 1436614000, "accountsPayable": 43463000, "otherCurrentLiab": 42970000, "otherLiab": 4134000, "minorityInterest": 20966000, "totalCurrentLiabilities": 200941000, "totalLiab": 205075000, "commonStock": 153552000, "retainedEarnings": 633509000, "treasuryStock": 40249000, "capitalSurplus": 383263000, "otherStockholderEquity": 40249000, "totalStockholderEquity": 1210573000, "netTangibleAssets": 974370000}, {"maxAge": 1, "endDate": "2018-03-31", "cash": 47726000, "shortTermInvestments": 302934000, "netReceivables": 210125000, "inventory": 27964000, "otherCurrentAssets": 40592000, "totalCurrentAssets": 629816000, "longTermInvestments": 267853000, "propertyPlantEquipment": 109814000, "goodWill": 251357000, "intangibleAssets": 235000, "otherAssets": 17672000, "deferredLongTermAssetCharges": 15518000, "totalAssets": 1276747000, "accountsPayable": 77155000, "otherCurrentLiab": 49516000, "minorityInterest": 7313000, "totalCurrentLiabilities": 149161000, "totalLiab": 149161000, "commonStock": 137318000, "retainedEarnings": 604468000, "treasuryStock": 76174000, "capitalSurplus": 302313000, "otherStockholderEquity": 76174000, "totalStockholderEquity": 1120273000, "netTangibleAssets": 868681000}, {"maxAge": 1, "endDate": "2017-03-31", "cash": 22941000, "shortTermInvestments": 260187000, "netReceivables": 146089000, "inventory": 25952000, "otherCurrentAssets": 30003000, "totalCurrentAssets": 485674000, "longTermInvestments": 278027000, "propertyPlantEquipment": 86739000, "goodWill": 252765000, "intangibleAssets": 198000, "otherAssets": 25519000, "deferredLongTermAssetCharges": 24725000, "totalAssets": 1128922000, "accountsPayable": 56756000, "otherCurrentLiab": 43612000, "totalCurrentLiabilities": 116931000, "totalLiab": 116931000, "commonStock": 132318000, "retainedEarnings": 552944000, "treasuryStock": 48916000, "capitalSurplus": 277813000, "otherStockholderEquity": 48916000, "totalStockholderEquity": 1011991000, "netTangibleAssets": 759028000}], "maxAge": 86400}, "earningsTrend": {"trend": [{"maxAge": 1, "period": "0q", "endDate": null, "growth": {}, "earningsEstimate": {"avg": 0.0, "low": 0.0, "high": 0.0, "yearAgoEps": {}, "numberOfAnalysts": 0, "growth": {}}, "revenueEstimate": {"avg": 0, "low": 0, "high": 0, "numberOfAnalysts": 0, "yearAgoRevenue": {}, "growth": {}}, "epsTrend": {"current": 0.0, "7daysAgo": 0.0, "30daysAgo": 0.0, "60daysAgo": 0.0, "90daysAgo": 0.0}, "epsRevisions": {"upLast7days": 0, "upLast30days": 0, "downLast30days": 0, "downLast90days": {}}}, {"maxAge": 1, "period": "+1q", "endDate": null, "growth": {}, "earningsEstimate": {"avg": 0.0, "low": 0.0, "high": 0.0, "yearAgoEps": {}, "numberOfAnalysts": 0, "growth": {}}, "revenueEstimate": {"avg": 0, "low": 0, "high": 0, "numberOfAnalysts": 0, "yearAgoRevenue": {}, "growth": {}}, "epsTrend": {"current": 0.0, "7daysAgo": 0.0, "30daysAgo": 0.0, "60daysAgo": 0.0, "90daysAgo": 0.0}, "epsRevisions": {"upLast7days": 0, "upLast30days": 0, "downLast30days": 0, "downLast90days": {}}}, {"maxAge": 1, "period": "0y", "endDate": null, "growth": {}, "earningsEstimate": {"avg": 0.0, "low": 0.0, "high": 0.0, "yearAgoEps": {}, "numberOfAnalysts": 0, "growth": {}}, "revenueEstimate": {"avg": 0, "low": 0, "high": 0, "numberOfAnalysts": 0, "yearAgoRevenue": {}, "growth": {}}, "epsTrend": {"current": 0.0, "7daysAgo": 0.0, "30daysAgo": 0.0, "60daysAgo": 0.0, "90daysAgo": 0.0}, "epsRevisions": {"upLast7days": 0, "upLast30days": 0, "downLast30days": 0, "downLast90days": {}}}, {"maxAge": 1, "period": "+1y", "endDate": null, "growth": {}, "earningsEstimate": {"avg": 0.0, "low": 0.0, "high": 0.0, "yearAgoEps": {}, "numberOfAnalysts": 0, "growth": {}}, "revenueEstimate": {"avg": 0, "low": 0, "high": 0, "numberOfAnalysts": 0, "yearAgoRevenue": {}, "growth": {}}, "epsTrend": {"current": 0.0, "7daysAgo": 0.0, "30daysAgo": 0.0, "60daysAgo": 0.0, "90daysAgo": 0.0}, "epsRevisions": {"upLast7days": 0, "upLast30days": 0, "downLast30days": 0, "downLast90days": {}}}, {"maxAge": 1, "period": "+5y", "endDate": null, "growth": {}, "earningsEstimate": {"avg": {}, "low": {}, "high": {}, "yearAgoEps": {}, "numberOfAnalysts": {}, "growth": {}}, "revenueEstimate": {"avg": {}, "low": {}, "high": {}, "numberOfAnalysts": {}, "yearAgoRevenue": {}, "growth": {}}, "epsTrend": {"current": {}, "7daysAgo": {}, "30daysAgo": {}, "60daysAgo": {}, "90daysAgo": {}}, "epsRevisions": {"upLast7days": {}, "upLast30days": {}, "downLast30days": {}, "downLast90days": {}}}, {"maxAge": 1, "period": "-5y", "endDate": null, "growth": {}, "earningsEstimate": {"avg": {}, "low": {}, "high": {}, "yearAgoEps": {}, "numberOfAnalysts": {}, "growth": {}}, "revenueEstimate": {"avg": {}, "low": {}, "high": {}, "numberOfAnalysts": {}, "yearAgoRevenue": {}, "growth": {}}, "epsTrend": {"current": {}, "7daysAgo": {}, "30daysAgo": {}, "60daysAgo": {}, "90daysAgo": {}}, "epsRevisions": {"upLast7days": {}, "upLast30days": {}, "downLast30days": {}, "downLast90days": {}}}], "maxAge": 1}, "financialData": {"maxAge": 86400, "currentPrice": 107.6, "targetHighPrice": 47.0, "targetLowPrice": 47.0, "targetMeanPrice": 47.0, "targetMedianPrice": 47.0, "recommendationKey": "none", "numberOfAnalystOpinions": 1, "grossProfits": 235468000, "financialCurrency": "INR"}}}