{"KILPEST.BO": {"cashflowStatementHistory": {"cashflowStatements": [{"maxAge": 1, "endDate": "2020-03-31", "netIncome": 76872509, "depreciation": 5364451, "changeToNetincome": 2881297, "changeToAccountReceivables": -21055310, "changeToLiabilities": -2879592, "changeToInventory": 9221040, "totalCashFromOperatingActivities": 70404395, "capitalExpenditures": -5350913, "totalCashflowsFromInvestingActivities": -6395438, "dividendsPaid": -15507150, "netBorrowings": -26690366, "otherCashflowsFromFinancingActivities": 39295875, "totalCashFromFinancingActivities": 8098359, "changeInCash": 72107316, "issuanceOfStock": 11000000}, {"maxAge": 1, "endDate": "2019-03-31", "netIncome": 52416594, "depreciation": 5476318, "changeToNetincome": 5872854, "changeToAccountReceivables": -26802717, "changeToLiabilities": 11948728, "changeToInventory": -13214015, "totalCashFromOperatingActivities": 35697762, "capitalExpenditures": -7183343, "totalCashflowsFromInvestingActivities": -6938343, "dividendsPaid": -9470650, "netBorrowings": 3928306, "otherCashflowsFromFinancingActivities": -5417367, "totalCashFromFinancingActivities": -10882211, "changeInCash": 17877208, "issuanceOfStock": 77500}, {"maxAge": 1, "endDate": "2018-03-31", "netIncome": 34261307, "depreciation": 4567100, "changeToNetincome": 9285370, "changeToAccountReceivables": -33683445, "changeToLiabilities": 1603537, "changeToInventory": 3357059, "totalCashFromOperatingActivities": 19390928, "capitalExpenditures": -10290207, "totalCashflowsFromInvestingActivities": -10200207, "dividendsPaid": -7572000, "netBorrowings": -28924848, "otherCashflowsFromFinancingActivities": 38835283, "totalCashFromFinancingActivities": 2363435, "changeInCash": 11554146, "issuanceOfStock": 25000}, {"maxAge": 1, "endDate": "2017-03-31", "netIncome": 11318942, "depreciation": 4521938, "changeToNetincome": 9898436, "changeToAccountReceivables": -8750369, "changeToLiabilities": -3032760, "changeToInventory": -7267234, "totalCashFromOperatingActivities": 6688953, "capitalExpenditures": -3051553, "totalCashflowsFromInvestingActivities": -4113428, "dividendsPaid": -1906200, "netBorrowings": 9578300, "otherCashflowsFromFinancingActivities": -10228233, "totalCashFromFinancingActivities": -2556133, "changeInCash": 19391, "issuanceOfStock": 25000}], "maxAge": 86400}, "institutionOwnership": {"maxAge": 1, "ownershipList": []}, "balanceSheetHistoryQuarterly": {"balanceSheetStatements": [{"maxAge": 1, "endDate": "2020-06-30", "totalStockholderEquity": 321123000, "netTangibleAssets": 319865000}, {"maxAge": 1, "endDate": "2020-03-31", "cash": 93830271, "netReceivables": 199932662, "inventory": 40711265, "otherCurrentAssets": 58865360, "totalCurrentAssets": 393339558, "longTermInvestments": 12000100, "propertyPlantEquipment": 39428135, "intangibleAssets": 1258011, "otherAssets": 2321055, "totalAssets": 448346859, "accountsPayable": 33917881, "otherCurrentLiab": 25663732, "longTermDebt": 14626296, "otherLiab": 9583994, "minorityInterest": 21432451, "totalCurrentLiabilities": 81580862, "totalLiab": 105791152, "commonStock": 74913000, "retainedEarnings": 152335874, "treasuryStock": 937000, "capitalSurplus": 92937382, "otherStockholderEquity": 937000, "totalStockholderEquity": 321123256, "netTangibleAssets": 319865245}, {"maxAge": 1, "endDate": "2019-12-31", "totalStockholderEquity": 301871000, "netTangibleAssets": 299984000}, {"maxAge": 1, "endDate": "2019-09-30", "cash": 61326000, "shortTermInvestments": 12000000, "netReceivables": 201526000, "inventory": 52317000, "otherCurrentAssets": 50802000, "totalCurrentAssets": 377971000, "propertyPlantEquipment": 37151000, "intangibleAssets": 1887000, "otherAssets": 1527000, "totalAssets": 418536000, "accountsPayable": 43722000, "otherCurrentLiab": 12965000, "longTermDebt": 15085000, "otherLiab": 10043000, "minorityInterest": 18138000, "totalCurrentLiabilities": 73399000, "totalLiab": 98527000, "commonStock": 74913000, "treasuryStock": 226958000, "otherStockholderEquity": 226958000, "totalStockholderEquity": 301871000, "netTangibleAssets": 299984000}], "maxAge": 86400}, "indexTrend": {"maxAge": 1, "symbol": "SP5", "peRatio": 19.7411, "pegRatio": 1.34172, "estimates": [{"period": "0q", "growth": 0.549}, {"period": "+1q", "growth": 0.431}, {"period": "0y", "growth": 0.305}, {"period": "+1y", "growth": 0.109}, {"period": "+5y", "growth": 0.120859005}, {"period": "-5y"}]}, "insiderTransactions": {"transactions": [{"maxAge": 1, "shares": 10500, "value": 39640, "filerUrl": "", "transactionText": "Acquisition at price 3.78 per share.", "filerName": "Dubey (Ram Kuber)", "filerRelation": "Promoter", "moneyText": "", "startDate": "2020-09-24", "ownership": "D"}, {"maxAge": 1, "shares": 7000, "value": 27083, "filerUrl": "", "transactionText": "Acquisition at price 3.87 per share.", "filerName": "Dubey (Dhirendra Kuber)", "filerRelation": "Wholetime Director", "moneyText": "", "startDate": "2020-09-23", "ownership": "D"}, {"maxAge": 1, "shares": 500, "filerUrl": "", "transactionText": "", "filerName": "Own Infracon Pvt. Ltd.", "filerRelation": "Institution- Corporation", "moneyText": "", "startDate": "2020-07-31", "ownership": "D"}, {"maxAge": 1, "shares": 4500, "filerUrl": "", "transactionText": "", "filerName": "Own Infracon Pvt. Ltd.", "filerRelation": "Institution- Corporation", "moneyText": "", "startDate": "2020-07-30", "ownership": "D"}, {"maxAge": 1, "shares": 100000, "filerUrl": "", "transactionText": "", "filerName": "Daga (Varun)", "filerRelation": "UNREPORTED", "moneyText": "", "startDate": "2020-07-29", "ownership": "D"}, {"maxAge": 1, "shares": 100000, "filerUrl": "", "transactionText": "", "filerName": "Own Infracon Pvt. Ltd.", "filerRelation": "Institution- Corporation", "moneyText": "", "startDate": "2020-07-29", "ownership": "D"}, {"maxAge": 1, "shares": 11000, "filerUrl": "", "transactionText": "", "filerName": "Dubey (Ram Kuber)", "filerRelation": "Promoter", "moneyText": "", "startDate": "2020-03-16", "ownership": "D"}, {"maxAge": 1, "shares": 8000, "filerUrl": "", "transactionText": "", "filerName": "Dubey (Dhirendra Kuber)", "filerRelation": "Wholetime Director", "moneyText": "", "startDate": "2020-03-16", "ownership": "D"}, {"maxAge": 1, "shares": 19000, "filerUrl": "", "transactionText": "", "filerName": "Dubey (Anamika)", "filerRelation": "Promoter", "moneyText": "", "startDate": "2019-08-22", "ownership": "D"}, {"maxAge": 1, "shares": 12000, "filerUrl": "", "transactionText": "", "filerName": "Dubey (Ram Kuber)", "filerRelation": "Promoter", "moneyText": "", "startDate": "2019-08-22", "ownership": "D"}, {"maxAge": 1, "shares": 12000, "filerUrl": "", "transactionText": "", "filerName": "Dubey (Dhirendra Kuber)", "filerRelation": "Wholetime Director", "moneyText": "", "startDate": "2019-08-22", "ownership": "D"}], "maxAge": 1}, "quoteType": {"exchange": "BSE", "quoteType": "EQUITY", "symbol": "KILPEST.BO", "underlyingSymbol": "KILPEST.BO", "shortName": "KILPEST INDIA LTD.", "longName": "Kilpest India Limited", "firstTradeDateEpochUtc": "2000-06-08 09:15:00", "timeZoneFullName": "Asia/Kolkata", "timeZoneShortName": "IST", "uuid": "604efd85-b5b6-3115-865a-4928b4adff4a", "messageBoardId": null, "gmtOffSetMilliseconds": 19800000, "maxAge": 1}, "incomeStatementHistory": {"incomeStatementHistory": [{"maxAge": 1, "endDate": "2020-03-31", "totalRevenue": 304741917, "costOfRevenue": 133301722, "grossProfit": 171440195, "researchDevelopment": {}, "sellingGeneralAdministrative": 28770025, "nonRecurring": {}, "otherOperatingExpenses": 33497660, "totalOperatingExpenses": 200933858, "operatingIncome": 103808059, "totalOtherIncomeExpenseNet": -3292067, "ebit": 103808059, "interestExpense": -3342067, "incomeBeforeTax": 100515992, "incomeTaxExpense": 23643483, "minorityInterest": 21432451, "netIncomeFromContinuingOps": 76872509, "discontinuedOperations": {}, "extraordinaryItems": {}, "effectOfAccountingCharges": {}, "otherItems": {}, "netIncome": 76872509, "netIncomeApplicableToCommonShares": 76872509}, {"maxAge": 1, "endDate": "2019-03-31", "totalRevenue": 240184326, "costOfRevenue": 109019120, "grossProfit": 131165206, "researchDevelopment": {}, "sellingGeneralAdministrative": 25543663, "nonRecurring": {}, "otherOperatingExpenses": 26003277, "totalOperatingExpenses": 166042378, "operatingIncome": 74141948, "totalOtherIncomeExpenseNet": -4627522, "ebit": 74141948, "interestExpense": -4627522, "incomeBeforeTax": 69514426, "incomeTaxExpense": 17097832, "minorityInterest": 2513083, "netIncomeFromContinuingOps": 52416594, "discontinuedOperations": {}, "extraordinaryItems": {}, "effectOfAccountingCharges": {}, "otherItems": {}, "netIncome": 52416594, "netIncomeApplicableToCommonShares": 52416594}, {"maxAge": 1, "endDate": "2018-03-31", "totalRevenue": 234881548, "costOfRevenue": 125010009, "grossProfit": 109871539, "researchDevelopment": {}, "sellingGeneralAdministrative": 21066431, "nonRecurring": {}, "otherOperatingExpenses": 31778232, "totalOperatingExpenses": 182421772, "operatingIncome": 52459776, "totalOtherIncomeExpenseNet": -7299652, "ebit": 52459776, "interestExpense": -7299652, "incomeBeforeTax": 45160124, "incomeTaxExpense": 10898817, "minorityInterest": 1470156, "netIncomeFromContinuingOps": 34261307, "discontinuedOperations": {}, "extraordinaryItems": {}, "effectOfAccountingCharges": {}, "otherItems": {}, "netIncome": 34261307, "netIncomeApplicableToCommonShares": 34261307}, {"maxAge": 1, "endDate": "2017-03-31", "totalRevenue": 164320692, "costOfRevenue": 84555172, "grossProfit": 79765520, "researchDevelopment": {}, "sellingGeneralAdministrative": 20458648, "nonRecurring": {}, "otherOperatingExpenses": 30973329, "totalOperatingExpenses": 140509087, "operatingIncome": 23811605, "totalOtherIncomeExpenseNet": -9840131, "ebit": 23811605, "interestExpense": -9840131, "incomeBeforeTax": 13971474, "incomeTaxExpense": 2652532, "minorityInterest": 371426, "netIncomeFromContinuingOps": 11318942, "discontinuedOperations": {}, "extraordinaryItems": {}, "effectOfAccountingCharges": {}, "otherItems": {}, "netIncome": 11318942, "netIncomeApplicableToCommonShares": 11318942}], "maxAge": 86400}, "fundOwnership": {"maxAge": 1, "ownershipList": []}, "summaryDetail": {"maxAge": 1, "priceHint": 2, "previousClose": 401.5, "open": 400.0, "dayLow": 391.0, "dayHigh": 427.0, "regularMarketPreviousClose": 401.5, "regularMarketOpen": 400.0, "regularMarketDayLow": 391.0, "regularMarketDayHigh": 427.0, "trailingPE": 9.334572, "volume": 54533, "regularMarketVolume": 54533, "averageVolume": 36875, "averageVolume10days": 18777, "averageDailyVolume10Day": 18777, "bid": 412.1, "ask": 418.0, "bidSize": 0, "askSize": 0, "marketCap": 3093337088, "fiftyTwoWeekLow": 54.0, "fiftyTwoWeekHigh": 517.0, "fiftyDayAverage": 325.49857, "twoHundredDayAverage": 353.77957, "trailingAnnualDividendRate": 0.7, "trailingAnnualDividendYield": 0.0017434619, "currency": "INR", "fromCurrency": null, "toCurrency": null, "lastMarket": null, "algorithm": null, "tradeable": false}, "incomeStatementHistoryQuarterly": {"incomeStatementHistory": [{"maxAge": 1, "endDate": "2020-06-30", "totalRevenue": 529319000, "costOfRevenue": 106287000, "grossProfit": 423032000, "researchDevelopment": {}, "sellingGeneralAdministrative": 14312000, "nonRecurring": {}, "otherOperatingExpenses": 43902000, "totalOperatingExpenses": 165976000, "operatingIncome": 363343000, "totalOtherIncomeExpenseNet": -706000, "ebit": 363343000, "interestExpense": -706000, "incomeBeforeTax": 362637000, "incomeTaxExpense": 90669000, "minorityInterest": {}, "netIncomeFromContinuingOps": 271968000, "discontinuedOperations": {}, "extraordinaryItems": {}, "effectOfAccountingCharges": {}, "otherItems": {}, "netIncome": 238042000, "netIncomeApplicableToCommonShares": 238042000}, {"maxAge": 1, "endDate": "2020-03-31", "totalRevenue": 77185917, "costOfRevenue": 32108722, "grossProfit": 45077195, "researchDevelopment": {}, "sellingGeneralAdministrative": 5297025, "nonRecurring": {}, "otherOperatingExpenses": 6191660, "totalOperatingExpenses": 44536858, "operatingIncome": 32649059, "totalOtherIncomeExpenseNet": -1455067, "ebit": 32649059, "interestExpense": -1505067, "incomeBeforeTax": 31193992, "incomeTaxExpense": 8401483, "minorityInterest": 21432451, "netIncomeFromContinuingOps": 22792509, "discontinuedOperations": {}, "extraordinaryItems": {}, "effectOfAccountingCharges": {}, "otherItems": {}, "netIncome": 28899509, "netIncomeApplicableToCommonShares": 28899509}, {"maxAge": 1, "endDate": "2019-12-31", "totalRevenue": 69223000, "costOfRevenue": 29117000, "grossProfit": 40106000, "researchDevelopment": {}, "sellingGeneralAdministrative": 8567000, "nonRecurring": {}, "otherOperatingExpenses": 7642000, "totalOperatingExpenses": 46801000, "operatingIncome": 22422000, "totalOtherIncomeExpenseNet": -525000, "ebit": 22422000, "interestExpense": -525000, "incomeBeforeTax": 21897000, "incomeTaxExpense": 4523000, "minorityInterest": 21432451, "netIncomeFromContinuingOps": 17374000, "discontinuedOperations": {}, "extraordinaryItems": {}, "effectOfAccountingCharges": {}, "otherItems": {}, "netIncome": 15147000, "netIncomeApplicableToCommonShares": 15147000}, {"maxAge": 1, "endDate": "2019-09-30", "totalRevenue": 101938000, "costOfRevenue": 50686000, "grossProfit": 51252000, "researchDevelopment": {}, "sellingGeneralAdministrative": 7693000, "nonRecurring": {}, "otherOperatingExpenses": 13898000, "totalOperatingExpenses": 73727000, "operatingIncome": 28211000, "totalOtherIncomeExpenseNet": -439000, "ebit": 28211000, "interestExpense": -439000, "incomeBeforeTax": 27772000, "incomeTaxExpense": 5269000, "minorityInterest": 18138000, "netIncomeFromContinuingOps": 22503000, "discontinuedOperations": {}, "extraordinaryItems": {}, "effectOfAccountingCharges": {}, "otherItems": {}, "netIncome": 20235000, "netIncomeApplicableToCommonShares": 20235000}], "maxAge": 86400}, "cashflowStatementHistoryQuarterly": {"cashflowStatements": [{"maxAge": 1, "endDate": "2020-06-30", "netIncome": 238042000, "changeToLiabilities": 0}, {"maxAge": 1, "endDate": "2020-03-31", "netIncome": 28899509, "changeToLiabilities": 0}, {"maxAge": 1, "endDate": "2019-12-31", "netIncome": 15147000, "changeToLiabilities": 0}, {"maxAge": 1, "endDate": "2019-09-30", "netIncome": 20235000, "changeToLiabilities": 0}], "maxAge": 86400}, "insiderHolders": {"holders": [{"maxAge": 1, "name": "Daga (Varun)", "relation": "UNREPORTED", "url": "", "transactionDescription": "Sale", "latestTransDate": "2020-07-29", "positionDirect": 450000, "positionDirectDate": "2020-07-29"}, {"maxAge": 1, "name": "Dubey (Anamika)", "relation": "Promoter", "url": "", "transactionDescription": "Acquisition", "latestTransDate": "2019-08-22", "positionDirect": 22000, "positionDirectDate": "2019-08-22"}, {"maxAge": 1, "name": "Dubey (Dhirendra Kuber)", "relation": "Wholetime Director", "url": "", "transactionDescription": "Acquisition", "latestTransDate": "2020-09-23", "positionDirect": 387398, "positionDirectDate": "2020-09-23"}, {"maxAge": 1, "name": "Dubey (Ram Kuber)", "relation": "Promoter", "url": "", "transactionDescription": "Acquisition", "latestTransDate": "2020-09-24", "positionDirect": 612420, "positionDirectDate": "2020-09-24"}, {"maxAge": 1, "name": "Own Infracon Pvt. Ltd.", "relation": "Institution- Corporation", "url": "", "transactionDescription": "Sale", "latestTransDate": "2020-07-31", "positionDirect": 445000, "positionDirectDate": "2020-07-31"}], "maxAge": 1}, "calendarEvents": {"maxAge": 1, "earnings": {"earningsDate": ["2020-02-11 05:30:S"]}}, "price": {"maxAge": 1, "regularMarketChangePercent": 0.02615193, "regularMarketChange": 10.5, "regularMarketTime": "2021-04-30 15:29:49", "priceHint": 2, "regularMarketPrice": 412.0, "regularMarketDayHigh": 427.0, "regularMarketDayLow": 391.0, "regularMarketVolume": 54533, "averageDailyVolume10Day": 18777, "averageDailyVolume3Month": 36875, "regularMarketPreviousClose": 401.5, "regularMarketSource": "FREE_REALTIME", "regularMarketOpen": 400.0, "exchange": "BSE", "exchangeName": "BSE", "exchangeDataDelayedBy": 0, "marketState": "CLOSED", "quoteType": "EQUITY", "symbol": "KILPEST.BO", "underlyingSymbol": null, "shortName": "KILPEST INDIA LTD.", "longName": "Kilpest India Limited", "currency": "INR", "quoteSourceName": "Delayed Quote", "currencySymbol": "\u20b9", "fromCurrency": null, "toCurrency": null, "lastMarket": null, "marketCap": 3093337088}, "balanceSheetHistory": {"balanceSheetStatements": [{"maxAge": 1, "endDate": "2020-03-31", "cash": 93830271, "netReceivables": 199932662, "inventory": 40711265, "otherCurrentAssets": 58865360, "totalCurrentAssets": 393339558, "longTermInvestments": 12000100, "propertyPlantEquipment": 39428135, "intangibleAssets": 1258011, "otherAssets": 2321055, "totalAssets": 448346859, "accountsPayable": 33917881, "otherCurrentLiab": 25663732, "longTermDebt": 14626296, "otherLiab": 9583994, "minorityInterest": 21432451, "totalCurrentLiabilities": 81580862, "totalLiab": 105791152, "commonStock": 74913000, "retainedEarnings": 152335874, "treasuryStock": 937000, "capitalSurplus": 92937382, "otherStockholderEquity": 937000, "totalStockholderEquity": 321123256, "netTangibleAssets": 319865245}, {"maxAge": 1, "endDate": "2019-03-31", "cash": 33722955, "netReceivables": 185347071, "inventory": 49932305, "otherCurrentAssets": 52267376, "totalCurrentAssets": 321269707, "longTermInvestments": 100, "propertyPlantEquipment": 38183663, "intangibleAssets": 2516021, "otherAssets": 1404795, "totalAssets": 363374286, "accountsPayable": 39142371, "otherCurrentLiab": 24730660, "longTermDebt": 21374133, "otherLiab": 10042800, "minorityInterest": 2513083, "totalCurrentLiabilities": 104404567, "totalLiab": 135821500, "commonStock": 63913000, "retainedEarnings": 106587147, "treasuryStock": 48687000, "capitalSurplus": 5852556, "otherStockholderEquity": 48687000, "totalStockholderEquity": 225039703, "netTangibleAssets": 222523682}, {"maxAge": 1, "endDate": "2018-03-31", "cash": 15845747, "netReceivables": 164923428, "inventory": 36718290, "otherCurrentAssets": 45888302, "totalCurrentAssets": 263375767, "longTermInvestments": 100, "propertyPlantEquipment": 35218627, "intangibleAssets": 3774032, "otherAssets": 1649795, "totalAssets": 304018321, "accountsPayable": 34844796, "otherCurrentLiab": 16473306, "longTermDebt": 23023314, "otherLiab": 8797468, "minorityInterest": 1470156, "totalCurrentLiabilities": 86878352, "totalLiab": 118699134, "commonStock": 63835500, "retainedEarnings": 65973975, "treasuryStock": 48187000, "capitalSurplus": 5852556, "otherStockholderEquity": 48187000, "totalStockholderEquity": 183849031, "netTangibleAssets": 180074999}, {"maxAge": 1, "endDate": "2017-03-31", "cash": 4291601, "netReceivables": 142291946, "inventory": 40075349, "otherCurrentAssets": 34836329, "totalCurrentAssets": 221495225, "longTermInvestments": 100, "propertyPlantEquipment": 28237510, "intangibleAssets": 5032042, "otherAssets": 1739795, "totalAssets": 256504672, "accountsPayable": 42758104, "otherCurrentLiab": 6994879, "longTermDebt": 29389430, "otherLiab": 6811750, "minorityInterest": 371426, "totalCurrentLiabilities": 107833547, "totalLiab": 144034727, "commonStock": 63810500, "treasuryStock": 48288019, "otherStockholderEquity": 48288019, "totalStockholderEquity": 112098519, "netTangibleAssets": 107066477}], "maxAge": 86400}, "financialData": {"maxAge": 86400, "currentPrice": 412.0, "recommendationKey": "none", "grossProfits": 171440195, "financialCurrency": "INR"}}}