{"KINETICENG.BO": {"recommendationTrend": {"trend": [{"period": "0m", "strongBuy": 0, "buy": 0, "hold": 0, "sell": 0, "strongSell": 0}, {"period": "-1m", "strongBuy": 0, "buy": 0, "hold": 0, "sell": 0, "strongSell": 0}, {"period": "-2m", "strongBuy": 0, "buy": 0, "hold": 0, "sell": 0, "strongSell": 0}, {"period": "-3m", "strongBuy": 0, "buy": 0, "hold": 0, "sell": 0, "strongSell": 0}], "maxAge": 86400}, "cashflowStatementHistory": {"cashflowStatements": [{"maxAge": 1, "endDate": "2020-03-31", "netIncome": -91200000, "depreciation": 72100000, "changeToNetincome": 32700000, "changeToAccountReceivables": 64100000, "changeToLiabilities": -25200000, "changeToInventory": 12900000, "totalCashFromOperatingActivities": 65400000, "capitalExpenditures": -18800000, "investments": 11900000, "otherCashflowsFromInvestingActivities": 1100000, "totalCashflowsFromInvestingActivities": -5800000, "netBorrowings": -7400000, "otherCashflowsFromFinancingActivities": -48300000, "totalCashFromFinancingActivities": -55700000, "changeInCash": 3900000}, {"maxAge": 1, "endDate": "2019-03-31", "netIncome": -81636000, "depreciation": 73441000, "changeToNetincome": 16322000, "changeToAccountReceivables": -38286000, "changeToLiabilities": 118651000, "changeToInventory": -79561000, "totalCashFromOperatingActivities": 8931000, "capitalExpenditures": -25112000, "investments": 5999000, "otherCashflowsFromInvestingActivities": 1844000, "totalCashflowsFromInvestingActivities": -4741000, "netBorrowings": 63797000, "otherCashflowsFromFinancingActivities": -69512000, "totalCashFromFinancingActivities": -5715000, "changeInCash": -1525000}, {"maxAge": 1, "endDate": "2018-03-31", "netIncome": -77733000, "depreciation": 79131000, "changeToNetincome": 31975000, "changeToAccountReceivables": 17751000, "changeToLiabilities": 51721000, "changeToInventory": -26382000, "totalCashFromOperatingActivities": 76463000, "capitalExpenditures": -57640000, "investments": 2866000, "otherCashflowsFromInvestingActivities": 2296000, "totalCashflowsFromInvestingActivities": -52478000, "netBorrowings": 2822000, "otherCashflowsFromFinancingActivities": -37792000, "totalCashFromFinancingActivities": -34970000, "changeInCash": -10984000}, {"maxAge": 1, "endDate": "2017-03-31", "netIncome": -130150000, "depreciation": 81390000, "changeToNetincome": 13028000, "changeToAccountReceivables": 1008000, "changeToLiabilities": 88367000, "changeToInventory": -22610000, "totalCashFromOperatingActivities": 31033000, "capitalExpenditures": -57900000, "investments": 2866000, "otherCashflowsFromInvestingActivities": 707000, "totalCashflowsFromInvestingActivities": 16318000, "netBorrowings": -23282000, "otherCashflowsFromFinancingActivities": -45839000, "totalCashFromFinancingActivities": -36521000, "changeInCash": 10830000, "issuanceOfStock": 182600000}], "maxAge": 86400}, "institutionOwnership": {"maxAge": 1, "ownershipList": []}, "balanceSheetHistoryQuarterly": {"balanceSheetStatements": [{"maxAge": 1, "endDate": "2020-06-30", "totalStockholderEquity": 138200000, "netTangibleAssets": 137900000}, {"maxAge": 1, "endDate": "2020-03-31", "cash": 8500000, "netReceivables": 237400000, "inventory": 297800000, "otherCurrentAssets": 53300000, "totalCurrentAssets": 597000000, "longTermInvestments": 99700000, "propertyPlantEquipment": 775700000, "intangibleAssets": 300000, "otherAssets": 6000000, "totalAssets": 1478700000, "accountsPayable": 404600000, "otherCurrentLiab": 135100000, "longTermDebt": 345400000, "otherLiab": 155100000, "totalCurrentLiabilities": 840000000, "totalLiab": 1340500000, "commonStock": 177100000, "treasuryStock": -38900000, "otherStockholderEquity": -38900000, "totalStockholderEquity": 138200000, "netTangibleAssets": 137900000}, {"maxAge": 1, "endDate": "2019-12-31", "totalStockholderEquity": 183600000, "netTangibleAssets": 183000000}, {"maxAge": 1, "endDate": "2019-09-30", "cash": 7400000, "netReceivables": 283100000, "inventory": 282400000, "otherCurrentAssets": 57700000, "totalCurrentAssets": 630600000, "longTermInvestments": 99700000, "propertyPlantEquipment": 804500000, "intangibleAssets": 600000, "otherAssets": 6000000, "totalAssets": 1541400000, "accountsPayable": 436000000, "otherCurrentLiab": 131000000, "longTermDebt": 340600000, "otherLiab": 173800000, "totalCurrentLiabilities": 843400000, "totalLiab": 1357800000, "commonStock": 177100000, "treasuryStock": 6500000, "otherStockholderEquity": 6500000, "totalStockholderEquity": 183600000, "netTangibleAssets": 183000000}], "maxAge": 86400}, "earningsHistory": {"history": [{"maxAge": 1, "epsActual": {}, "epsEstimate": {}, "epsDifference": {}, "surprisePercent": {}, "quarter": {}, "period": "-4q"}, {"maxAge": 1, "epsActual": {}, "epsEstimate": {}, "epsDifference": {}, "surprisePercent": {}, "quarter": {}, "period": "-3q"}, {"maxAge": 1, "epsActual": {}, "epsEstimate": {}, "epsDifference": {}, "surprisePercent": {}, "quarter": {}, "period": "-2q"}, {"maxAge": 1, "epsActual": {}, "epsEstimate": {}, "epsDifference": {}, "surprisePercent": {}, "quarter": {}, "period": "-1q"}], "maxAge": 86400}, "indexTrend": {"maxAge": 1, "symbol": "SP5", "peRatio": 19.7411, "pegRatio": 1.34172, "estimates": [{"period": "0q", "growth": 0.549}, {"period": "+1q", "growth": 0.431}, {"period": "0y", "growth": 0.305}, {"period": "+1y", "growth": 0.109}, {"period": "+5y", "growth": 0.120859005}, {"period": "-5y"}]}, "industryTrend": {"maxAge": 1, "symbol": null, "estimates": []}, "insiderTransactions": {"transactions": [{"maxAge": 1, "shares": 301770, "filerUrl": "", "transactionText": "", "filerName": "Firodia (Jayashree Arunkumar)", "filerRelation": "Promoter", "moneyText": "", "startDate": "2018-02-05", "ownership": "D"}, {"maxAge": 1, "shares": 1655119, "filerUrl": "", "transactionText": "", "filerName": "Microage Instruments Pvt. Ltd.", "filerRelation": "Promoter", "moneyText": "", "startDate": "2018-02-05", "ownership": "D"}, {"maxAge": 1, "shares": 491572, "filerUrl": "", "transactionText": "", "filerName": "Microage Instruments Pvt. Ltd.", "filerRelation": "Promoter", "moneyText": "", "startDate": "2015-12-03", "ownership": "D"}, {"maxAge": 1, "shares": 1101006, "filerUrl": "", "transactionText": "", "filerName": "Firodia (Ajinkya Arun)", "filerRelation": "Managing Director", "moneyText": "", "startDate": "2014-10-14", "ownership": "D"}, {"maxAge": 1, "shares": 924173, "filerUrl": "", "transactionText": "", "filerName": "Firodia (Arunkumar Hastimal)", "filerRelation": "Executive Chairman", "moneyText": "", "startDate": "2014-10-14", "ownership": "D"}, {"maxAge": 1, "shares": 12372, "filerUrl": "", "transactionText": "", "filerName": "Yadav (Ravindra)", "filerRelation": "UNREPORTED", "moneyText": "", "startDate": "2014-05-06", "ownership": "D"}, {"maxAge": 1, "shares": 465000, "filerUrl": "", "transactionText": "", "filerName": "Ajinkya Holding Pvt Ltd", "filerRelation": "Promoter", "moneyText": "", "startDate": "2012-03-28", "ownership": "D"}, {"maxAge": 1, "shares": 465000, "filerUrl": "", "transactionText": "", "filerName": "Firodia (Jayashree Arunkumar)", "filerRelation": "Promoter", "moneyText": "", "startDate": "2012-03-28", "ownership": "D"}, {"maxAge": 1, "shares": 590000, "filerUrl": "", "transactionText": "", "filerName": "Firodia (Jayashree Arunkumar)", "filerRelation": "Promoter", "moneyText": "", "startDate": "2012-03-27", "ownership": "D"}, {"maxAge": 1, "shares": 590000, "filerUrl": "", "transactionText": "", "filerName": "Microage Instruments Pvt. Ltd.", "filerRelation": "Promoter", "moneyText": "", "startDate": "2012-03-27", "ownership": "D"}, {"maxAge": 1, "shares": 3284, "filerUrl": "", "transactionText": "", "filerName": "Firodia (Arunkumar Hastimal)", "filerRelation": "Chairman of the Board", "moneyText": "", "startDate": "2010-12-23", "ownership": "D"}, {"maxAge": 1, "shares": 4410, "filerUrl": "", "transactionText": "", "filerName": "Firodia (Arunkumar Hastimal)", "filerRelation": "Chairman of the Board", "moneyText": "", "startDate": "2010-12-14", "ownership": "D"}], "maxAge": 1}, "quoteType": {"exchange": "BSE", "quoteType": "EQUITY", "symbol": "KINETICENG.BO", "underlyingSymbol": "KINETICENG.BO", "shortName": "KINETIC ENGINEERING LTD.", "longName": "Kinetic Engineering Limited", "firstTradeDateEpochUtc": "2000-05-23 09:15:00", "timeZoneFullName": "Asia/Kolkata", "timeZoneShortName": "IST", "uuid": "f5991363-3825-33d9-b4ef-73677252331a", "messageBoardId": null, "gmtOffSetMilliseconds": 19800000, "maxAge": 1}, "incomeStatementHistory": {"incomeStatementHistory": [{"maxAge": 1, "endDate": "2020-03-31", "totalRevenue": 1157500000, "costOfRevenue": 631600000, "grossProfit": 525900000, "researchDevelopment": {}, "sellingGeneralAdministrative": 247600000, "nonRecurring": {}, "otherOperatingExpenses": 258700000, "totalOperatingExpenses": 1210000000, "operatingIncome": -52500000, "totalOtherIncomeExpenseNet": -38700000, "ebit": -52500000, "interestExpense": -66000000, "incomeBeforeTax": -91200000, "incomeTaxExpense": 0, "minorityInterest": {}, "netIncomeFromContinuingOps": -91200000, "discontinuedOperations": {}, "extraordinaryItems": {}, "effectOfAccountingCharges": {}, "otherItems": {}, "netIncome": -91200000, "netIncomeApplicableToCommonShares": -91200000}, {"maxAge": 1, "endDate": "2019-03-31", "totalRevenue": 1157735000, "costOfRevenue": 737978000, "grossProfit": 419757000, "researchDevelopment": {}, "sellingGeneralAdministrative": 252923000, "nonRecurring": {}, "otherOperatingExpenses": 200004000, "totalOperatingExpenses": 1264250000, "operatingIncome": -106515000, "totalOtherIncomeExpenseNet": 24879000, "ebit": -106515000, "interestExpense": -38812000, "incomeBeforeTax": -81636000, "incomeTaxExpense": 0, "minorityInterest": {}, "netIncomeFromContinuingOps": -81636000, "discontinuedOperations": {}, "extraordinaryItems": {}, "effectOfAccountingCharges": {}, "otherItems": {}, "netIncome": -81636000, "netIncomeApplicableToCommonShares": -81636000}, {"maxAge": 1, "endDate": "2018-03-31", "totalRevenue": 1009377000, "costOfRevenue": 580927000, "grossProfit": 428450000, "researchDevelopment": {}, "sellingGeneralAdministrative": 243015000, "nonRecurring": {}, "otherOperatingExpenses": 194745000, "totalOperatingExpenses": 1097722000, "operatingIncome": -88345000, "totalOtherIncomeExpenseNet": 10612000, "ebit": -88345000, "interestExpense": -30829000, "incomeBeforeTax": -77733000, "incomeTaxExpense": 0, "minorityInterest": {}, "netIncomeFromContinuingOps": -77733000, "discontinuedOperations": {}, "extraordinaryItems": {}, "effectOfAccountingCharges": {}, "otherItems": {}, "netIncome": -77733000, "netIncomeApplicableToCommonShares": -77733000}, {"maxAge": 1, "endDate": "2017-03-31", "totalRevenue": 825344000, "costOfRevenue": 462978000, "grossProfit": 362366000, "researchDevelopment": {}, "sellingGeneralAdministrative": 222252000, "nonRecurring": {}, "otherOperatingExpenses": 167220000, "totalOperatingExpenses": 933840000, "operatingIncome": -108496000, "totalOtherIncomeExpenseNet": -21654000, "ebit": -108496000, "interestExpense": -31913000, "incomeBeforeTax": -130150000, "incomeTaxExpense": 0, "minorityInterest": {}, "netIncomeFromContinuingOps": -130150000, "discontinuedOperations": {}, "extraordinaryItems": {}, "effectOfAccountingCharges": {}, "otherItems": {}, "netIncome": -130150000, "netIncomeApplicableToCommonShares": -130150000}], "maxAge": 86400}, "fundOwnership": {"maxAge": 1, "ownershipList": []}, "summaryDetail": {"maxAge": 1, "priceHint": 2, "previousClose": 41.5, "open": 40.8, "dayLow": 39.5, "dayHigh": 41.5, "regularMarketPreviousClose": 41.5, "regularMarketOpen": 40.8, "regularMarketDayLow": 39.5, "regularMarketDayHigh": 41.5, "volume": 11232, "regularMarketVolume": 11232, "averageVolume": 7240, "averageVolume10days": 14921, "averageDailyVolume10Day": 14921, "bid": 39.6, "ask": 40.8, "bidSize": 0, "askSize": 0, "marketCap": 722510848, "fiftyTwoWeekLow": 11.2, "fiftyTwoWeekHigh": 46.0, "fiftyDayAverage": 31.992857, "twoHundredDayAverage": 24.893066, "currency": "INR", "fromCurrency": null, "toCurrency": null, "lastMarket": null, "algorithm": null, "tradeable": false}, "sectorTrend": {"maxAge": 1, "symbol": null, "estimates": []}, "incomeStatementHistoryQuarterly": {"incomeStatementHistory": [{"maxAge": 1, "endDate": "2020-06-30", "totalRevenue": 49100000, "costOfRevenue": 26500000, "grossProfit": 22600000, "researchDevelopment": {}, "sellingGeneralAdministrative": 35200000, "nonRecurring": {}, "otherOperatingExpenses": 13400000, "totalOperatingExpenses": 92200000, "operatingIncome": -43100000, "totalOtherIncomeExpenseNet": -7900000, "ebit": -43100000, "interestExpense": -15300000, "incomeBeforeTax": -51000000, "incomeTaxExpense": 0, "minorityInterest": {}, "netIncomeFromContinuingOps": -51000000, "discontinuedOperations": {}, "extraordinaryItems": {}, "effectOfAccountingCharges": {}, "otherItems": {}, "netIncome": -51000000, "netIncomeApplicableToCommonShares": -51000000}, {"maxAge": 1, "endDate": "2020-03-31", "totalRevenue": 237600000, "costOfRevenue": 106700000, "grossProfit": 130900000, "researchDevelopment": {}, "sellingGeneralAdministrative": 54400000, "nonRecurring": {}, "otherOperatingExpenses": 54600000, "totalOperatingExpenses": 233500000, "operatingIncome": 4100000, "totalOtherIncomeExpenseNet": -9700000, "ebit": 4100000, "interestExpense": -15900000, "incomeBeforeTax": -5600000, "incomeTaxExpense": 0, "minorityInterest": {}, "netIncomeFromContinuingOps": -5600000, "discontinuedOperations": {}, "extraordinaryItems": {}, "effectOfAccountingCharges": {}, "otherItems": {}, "netIncome": -5600000, "netIncomeApplicableToCommonShares": -5600000}, {"maxAge": 1, "endDate": "2019-12-31", "totalRevenue": 264000000, "costOfRevenue": 140900000, "grossProfit": 123100000, "researchDevelopment": {}, "sellingGeneralAdministrative": 61300000, "nonRecurring": {}, "otherOperatingExpenses": 72500000, "totalOperatingExpenses": 292800000, "operatingIncome": -28800000, "totalOtherIncomeExpenseNet": -10100000, "ebit": -28800000, "interestExpense": -16400000, "incomeBeforeTax": -38900000, "incomeTaxExpense": 0, "minorityInterest": {}, "netIncomeFromContinuingOps": -38900000, "discontinuedOperations": {}, "extraordinaryItems": {}, "effectOfAccountingCharges": {}, "otherItems": {}, "netIncome": -38900000, "netIncomeApplicableToCommonShares": -38900000}, {"maxAge": 1, "endDate": "2019-09-30", "totalRevenue": 319400000, "costOfRevenue": 186300000, "grossProfit": 133100000, "researchDevelopment": {}, "sellingGeneralAdministrative": 66600000, "nonRecurring": {}, "otherOperatingExpenses": 67000000, "totalOperatingExpenses": 338100000, "operatingIncome": -18700000, "totalOtherIncomeExpenseNet": -11000000, "ebit": -18700000, "interestExpense": -17400000, "incomeBeforeTax": -29700000, "incomeTaxExpense": 0, "minorityInterest": {}, "netIncomeFromContinuingOps": -29700000, "discontinuedOperations": {}, "extraordinaryItems": {}, "effectOfAccountingCharges": {}, "otherItems": {}, "netIncome": -29700000, "netIncomeApplicableToCommonShares": -29700000}], "maxAge": 86400}, "cashflowStatementHistoryQuarterly": {"cashflowStatements": [{"maxAge": 1, "endDate": "2020-06-30", "netIncome": -51000000, "changeToLiabilities": 0}, {"maxAge": 1, "endDate": "2020-03-31", "netIncome": -5600000, "changeToLiabilities": 0}, {"maxAge": 1, "endDate": "2019-12-31", "netIncome": -38900000, "changeToLiabilities": 0}, {"maxAge": 1, "endDate": "2019-09-30", "netIncome": -29700000, "changeToLiabilities": 0}], "maxAge": 86400}, "insiderHolders": {"holders": [{"maxAge": 1, "name": "Ajinkya Holding Pvt Ltd", "relation": "Promoter", "url": "", "transactionDescription": "Sale", "latestTransDate": "2012-03-28", "positionDirect": 49018, "positionDirectDate": "2012-03-28"}, {"maxAge": 1, "name": "Firodia (Ajinkya Arun)", "relation": "Managing Director", "url": "", "transactionDescription": "Gift", "latestTransDate": "2014-10-14", "positionDirect": 1129055, "positionDirectDate": "2014-10-14"}, {"maxAge": 1, "name": "Firodia (Arunkumar Hastimal)", "relation": "Executive Chairman", "url": "", "transactionDescription": "Gift", "latestTransDate": "2014-10-14", "positionDirect": 0, "positionDirectDate": "2014-10-14"}, {"maxAge": 1, "name": "Firodia (Jayashree Arunkumar)", "relation": "Promoter", "url": "", "transactionDescription": "Other", "latestTransDate": "2018-02-05", "positionDirect": 3475212, "positionDirectDate": "2018-02-05"}, {"maxAge": 1, "name": "Microage Instruments Pvt. Ltd.", "relation": "Promoter", "url": "", "transactionDescription": "Other", "latestTransDate": "2018-02-05", "positionDirect": 3729324, "positionDirectDate": "2018-02-05"}, {"maxAge": 1, "name": "Yadav (Ravindra)", "relation": "UNREPORTED", "url": "", "transactionDescription": "Purchase", "latestTransDate": "2014-05-06", "positionDirect": 12372, "positionDirectDate": "2014-05-06"}], "maxAge": 1}, "earnings": {"maxAge": 86400, "earningsChart": {"quarterly": [], "earningsDate": []}, "financialsChart": {"yearly": [{"date": 2017, "revenue": 825344000, "earnings": -130150000}, {"date": 2018, "revenue": 1009377000, "earnings": -77733000}, {"date": 2019, "revenue": 1157735000, "earnings": -81636000}, {"date": 2020, "revenue": 1157500000, "earnings": -91200000}], "quarterly": [{"date": "3Q2019", "revenue": 319400000, "earnings": -29700000}, {"date": "4Q2019", "revenue": 264000000, "earnings": -38900000}, {"date": "1Q2020", "revenue": 237600000, "earnings": -5600000}, {"date": "2Q2020", "revenue": 49100000, "earnings": -51000000}]}, "financialCurrency": "INR"}, "calendarEvents": {"maxAge": 1, "earnings": {"earningsDate": []}}, "price": {"maxAge": 1, "regularMarketChangePercent": -0.016867489, "regularMarketChange": -0.70000076, "regularMarketTime": "2021-04-30 15:28:24", "priceHint": 2, "regularMarketPrice": 40.8, "regularMarketDayHigh": 41.5, "regularMarketDayLow": 39.5, "regularMarketVolume": 11232, "averageDailyVolume10Day": 14921, "averageDailyVolume3Month": 7240, "regularMarketPreviousClose": 41.5, "regularMarketSource": "FREE_REALTIME", "regularMarketOpen": 40.8, "exchange": "BSE", "exchangeName": "BSE", "exchangeDataDelayedBy": 0, "marketState": "CLOSED", "quoteType": "EQUITY", "symbol": "KINETICENG.BO", "underlyingSymbol": null, "shortName": "KINETIC ENGINEERING LTD.", "longName": "Kinetic Engineering Limited", "currency": "INR", "quoteSourceName": "Delayed Quote", "currencySymbol": "\u20b9", "fromCurrency": null, "toCurrency": null, "lastMarket": null, "marketCap": 722510848}, "balanceSheetHistory": {"balanceSheetStatements": [{"maxAge": 1, "endDate": "2020-03-31", "cash": 8500000, "netReceivables": 237400000, "inventory": 297800000, "otherCurrentAssets": 53300000, "totalCurrentAssets": 597000000, "longTermInvestments": 99700000, "propertyPlantEquipment": 775700000, "intangibleAssets": 300000, "otherAssets": 6000000, "totalAssets": 1478700000, "accountsPayable": 404600000, "otherCurrentLiab": 135100000, "longTermDebt": 345400000, "otherLiab": 155100000, "totalCurrentLiabilities": 840000000, "totalLiab": 1340500000, "commonStock": 177100000, "treasuryStock": -38900000, "otherStockholderEquity": -38900000, "totalStockholderEquity": 138200000, "netTangibleAssets": 137900000}, {"maxAge": 1, "endDate": "2019-03-31", "cash": 3402000, "shortTermInvestments": 1142000, "netReceivables": 286766000, "inventory": 310725000, "otherCurrentAssets": 61481000, "totalCurrentAssets": 663527000, "longTermInvestments": 64962000, "propertyPlantEquipment": 829414000, "intangibleAssets": 827000, "otherAssets": 51849000, "totalAssets": 1610579000, "accountsPayable": 437980000, "shortLongTermDebt": 22538000, "otherCurrentLiab": 96329000, "longTermDebt": 347872000, "otherLiab": 181909000, "totalCurrentLiabilities": 848353000, "totalLiab": 1378134000, "commonStock": 177086000, "retainedEarnings": -1423398000, "treasuryStock": 343999000, "capitalSurplus": 938406000, "otherStockholderEquity": 343999000, "totalStockholderEquity": 36093000, "netTangibleAssets": 35266000}, {"maxAge": 1, "endDate": "2018-03-31", "cash": 4927000, "shortTermInvestments": 522000, "netReceivables": 266247000, "inventory": 231164000, "otherCurrentAssets": 50430000, "totalCurrentAssets": 553393000, "longTermInvestments": 70964000, "propertyPlantEquipment": 877070000, "intangibleAssets": 872000, "otherAssets": 52044000, "totalAssets": 1554343000, "accountsPayable": 328300000, "shortLongTermDebt": 19238000, "otherCurrentLiab": 128515000, "longTermDebt": 250216000, "otherLiab": 204690000, "totalCurrentLiabilities": 778781000, "totalLiab": 1233687000, "commonStock": 177086000, "retainedEarnings": -1341670000, "treasuryStock": 350482000, "capitalSurplus": 938406000, "otherStockholderEquity": 350482000, "totalStockholderEquity": 124304000, "netTangibleAssets": 123432000}, {"maxAge": 1, "endDate": "2017-03-31", "cash": 15912000, "netReceivables": 274457000, "inventory": 204782000, "otherCurrentAssets": 58591000, "totalCurrentAssets": 554075000, "longTermInvestments": 73482000, "propertyPlantEquipment": 901986000, "intangibleAssets": 1258000, "otherAssets": 55011000, "totalAssets": 1585812000, "accountsPayable": 300403000, "shortLongTermDebt": 20652000, "otherCurrentLiab": 106674000, "longTermDebt": 248301000, "otherLiab": 244874000, "totalCurrentLiabilities": 696868000, "totalLiab": 1190043000, "commonStock": 167307000, "retainedEarnings": -1263936000, "treasuryStock": 347861000, "capitalSurplus": 926347000, "otherStockholderEquity": 347861000, "totalStockholderEquity": 177579000, "netTangibleAssets": 176321000}], "maxAge": 86400}, "earningsTrend": {"trend": [{"maxAge": 1, "period": "0q", "endDate": null, "growth": {}, "earningsEstimate": {"avg": 0.0, "low": 0.0, "high": 0.0, "yearAgoEps": {}, "numberOfAnalysts": 0, "growth": {}}, "revenueEstimate": {"avg": 0, "low": 0, "high": 0, "numberOfAnalysts": 0, "yearAgoRevenue": {}, "growth": {}}, "epsTrend": {"current": 0.0, "7daysAgo": 0.0, "30daysAgo": 0.0, "60daysAgo": 0.0, "90daysAgo": 0.0}, "epsRevisions": {"upLast7days": 0, "upLast30days": 0, "downLast30days": 0, "downLast90days": {}}}, {"maxAge": 1, "period": "+1q", "endDate": null, "growth": {}, "earningsEstimate": {"avg": 0.0, "low": 0.0, "high": 0.0, "yearAgoEps": {}, "numberOfAnalysts": 0, "growth": {}}, "revenueEstimate": {"avg": 0, "low": 0, "high": 0, "numberOfAnalysts": 0, "yearAgoRevenue": {}, "growth": {}}, "epsTrend": {"current": 0.0, "7daysAgo": 0.0, "30daysAgo": 0.0, "60daysAgo": 0.0, "90daysAgo": 0.0}, "epsRevisions": {"upLast7days": 0, "upLast30days": 0, "downLast30days": 0, "downLast90days": {}}}, {"maxAge": 1, "period": "0y", "endDate": null, "growth": {}, "earningsEstimate": {"avg": 0.0, "low": 0.0, "high": 0.0, "yearAgoEps": {}, "numberOfAnalysts": 0, "growth": {}}, "revenueEstimate": {"avg": 0, "low": 0, "high": 0, "numberOfAnalysts": 0, "yearAgoRevenue": {}, "growth": {}}, "epsTrend": {"current": 0.0, "7daysAgo": 0.0, "30daysAgo": 0.0, "60daysAgo": 0.0, "90daysAgo": 0.0}, "epsRevisions": {"upLast7days": 0, "upLast30days": 0, "downLast30days": 0, "downLast90days": {}}}, {"maxAge": 1, "period": "+1y", "endDate": null, "growth": {}, "earningsEstimate": {"avg": 0.0, "low": 0.0, "high": 0.0, "yearAgoEps": {}, "numberOfAnalysts": 0, "growth": {}}, "revenueEstimate": {"avg": 0, "low": 0, "high": 0, "numberOfAnalysts": 0, "yearAgoRevenue": {}, "growth": {}}, "epsTrend": {"current": 0.0, "7daysAgo": 0.0, "30daysAgo": 0.0, "60daysAgo": 0.0, "90daysAgo": 0.0}, "epsRevisions": {"upLast7days": 0, "upLast30days": 0, "downLast30days": 0, "downLast90days": {}}}, {"maxAge": 1, "period": "+5y", "endDate": null, "growth": {}, "earningsEstimate": {"avg": {}, "low": {}, "high": {}, "yearAgoEps": {}, "numberOfAnalysts": {}, "growth": {}}, "revenueEstimate": {"avg": {}, "low": {}, "high": {}, "numberOfAnalysts": {}, "yearAgoRevenue": {}, "growth": {}}, "epsTrend": {"current": {}, "7daysAgo": {}, "30daysAgo": {}, "60daysAgo": {}, "90daysAgo": {}}, "epsRevisions": {"upLast7days": {}, "upLast30days": {}, "downLast30days": {}, "downLast90days": {}}}, {"maxAge": 1, "period": "-5y", "endDate": null, "growth": {}, "earningsEstimate": {"avg": {}, "low": {}, "high": {}, "yearAgoEps": {}, "numberOfAnalysts": {}, "growth": {}}, "revenueEstimate": {"avg": {}, "low": {}, "high": {}, "numberOfAnalysts": {}, "yearAgoRevenue": {}, "growth": {}}, "epsTrend": {"current": {}, "7daysAgo": {}, "30daysAgo": {}, "60daysAgo": {}, "90daysAgo": {}}, "epsRevisions": {"upLast7days": {}, "upLast30days": {}, "downLast30days": {}, "downLast90days": {}}}], "maxAge": 1}, "financialData": {"maxAge": 86400, "currentPrice": 40.8, "targetHighPrice": 80.0, "targetLowPrice": 80.0, "targetMeanPrice": 80.0, "targetMedianPrice": 80.0, "recommendationKey": "none", "numberOfAnalystOpinions": 1, "grossProfits": 525900000, "financialCurrency": "INR"}}}