{"KINGFA.NS": {"assetProfile": {"address1": "Dhun Building", "address2": "IIIrd Floor 827, Anna Salai", "city": "Chennai", "zip": "600002", "country": "India", "phone": "91 44 2852 1736", "fax": "91 44 2852 0420", "website": "http://www.kingfaindia.com", "industry": "Specialty Chemicals", "sector": "Basic Materials", "longBusinessSummary": "Kingfa Science & Technology (India) Limited manufactures and supplies reinforced polypropylene compounds and fiber reinforced composites in India. It also offers thermoplastic elastomers under the HYPRENE brand name; POM; fiberglass honeycomb composite panels; LFT products; and high temperature resistant nylon/LCP. The company supplies its products to automobile, electronic appliances, industrial equipment, consumer goods, packaging, toys, etc. The company was formerly known as Hydro S&S Industries Limited and changed its name to Kingfa Science & Technology (India) Limited in March 2016. The company was incorporated in 1983 and is based in Chennai, India. Kingfa Science & Technology (India) Limited is a subsidiary of Kingfa Sci. & Tech. Co., Ltd.", "fullTimeEmployees": 210, "companyOfficers": [{"maxAge": 1, "name": "Mr. Bo  Jingen", "age": 38, "title": "Chairman & MD", "yearBorn": 1982, "fiscalYear": 2020, "totalPay": 2286000, "exercisedValue": 0, "unexercisedValue": 0}, {"maxAge": 1, "name": "Mr. Xie  Dongming", "title": "Chief Financial Officer", "fiscalYear": 2020, "totalPay": 1905000, "exercisedValue": 0, "unexercisedValue": 0}, {"maxAge": 1, "name": "Mr. Nirnoy  Sur", "title": "Company Sec. & Compliance Officer", "fiscalYear": 2020, "totalPay": 2070000, "exercisedValue": 0, "unexercisedValue": 0}, {"maxAge": 1, "name": "Mr. Wu  Xiaohui", "age": 41, "title": "Whole-Time Director", "yearBorn": 1979, "fiscalYear": 2020, "totalPay": 2134000, "exercisedValue": 0, "unexercisedValue": 0}, {"maxAge": 1, "name": "Mr. Doraiswami  Balaji", "age": 58, "title": "Exec. Director", "yearBorn": 1962, "fiscalYear": 2020, "totalPay": 4510000, "exercisedValue": 0, "unexercisedValue": 0}, {"maxAge": 1, "name": "Mr. S. K. Subramanyan", "age": 62, "title": "Director of Corp. Affairs", "yearBorn": 1958, "fiscalYear": 2017, "exercisedValue": 0, "unexercisedValue": 0}], "compensationAsOfEpochDate": "2020-12-31 05:30:00", "maxAge": 86400}, "recommendationTrend": {"trend": [{"period": "0m", "strongBuy": 0, "buy": 0, "hold": 0, "sell": 0, "strongSell": 0}, {"period": "-1m", "strongBuy": 0, "buy": 0, "hold": 0, "sell": 0, "strongSell": 0}, {"period": "-2m", "strongBuy": 0, "buy": 0, "hold": 0, "sell": 0, "strongSell": 0}, {"period": "-3m", "strongBuy": 0, "buy": 0, "hold": 0, "sell": 0, "strongSell": 0}], "maxAge": 86400}, "cashflowStatementHistory": {"cashflowStatements": [{"maxAge": 1, "endDate": "2020-03-31", "netIncome": 246165000, "depreciation": 88985000, "changeToNetincome": 105696000, "changeToAccountReceivables": 93025000, "changeToLiabilities": -145936000, "changeToInventory": -85253000, "changeToOperatingActivities": 169000, "totalCashFromOperatingActivities": 303428000, "capitalExpenditures": -655310000, "otherCashflowsFromInvestingActivities": 26091000, "totalCashflowsFromInvestingActivities": -629219000, "netBorrowings": 256290000, "otherCashflowsFromFinancingActivities": -38633000, "totalCashFromFinancingActivities": 217657000, "changeInCash": -108133000}, {"maxAge": 1, "endDate": "2019-03-31", "netIncome": 190551000, "depreciation": 78915000, "changeToNetincome": -49337000, "changeToAccountReceivables": 71678000, "changeToLiabilities": 537149000, "changeToInventory": 133287000, "changeToOperatingActivities": -7845000, "totalCashFromOperatingActivities": 955563000, "capitalExpenditures": -820926000, "otherCashflowsFromInvestingActivities": 44947000, "totalCashflowsFromInvestingActivities": -767944000, "netBorrowings": -58504000, "otherCashflowsFromFinancingActivities": -11346000, "totalCashFromFinancingActivities": -69850000, "changeInCash": 117769000}, {"maxAge": 1, "endDate": "2018-03-31", "netIncome": 246404000, "depreciation": 61379000, "changeToNetincome": 7148000, "changeToAccountReceivables": 125486000, "changeToLiabilities": -1108230000, "changeToInventory": -469253000, "changeToOperatingActivities": -19360000, "totalCashFromOperatingActivities": -1155575000, "capitalExpenditures": -110016000, "otherCashflowsFromInvestingActivities": 45229000, "totalCashflowsFromInvestingActivities": -64693000, "netBorrowings": -202862000, "otherCashflowsFromFinancingActivities": -31682000, "totalCashFromFinancingActivities": 137796000, "changeInCash": -1082472000, "issuanceOfStock": 372340000}, {"maxAge": 1, "endDate": "2017-03-31", "netIncome": 124031000, "depreciation": 30292000, "changeToNetincome": 44648000, "changeToAccountReceivables": -1508121000, "changeToLiabilities": 214107000, "changeToInventory": -96673000, "changeToOperatingActivities": -3401000, "totalCashFromOperatingActivities": -1194836000, "capitalExpenditures": -189128000, "otherCashflowsFromInvestingActivities": 982000, "totalCashflowsFromInvestingActivities": -184169000, "netBorrowings": 261366000, "otherCashflowsFromFinancingActivities": -14877000, "totalCashFromFinancingActivities": 1367463000, "changeInCash": -11542000, "issuanceOfStock": 1120974000}], "maxAge": 86400}, "indexTrend": {"maxAge": 1, "symbol": "SP5", "peRatio": 19.7411, "pegRatio": 1.34172, "estimates": [{"period": "0q", "growth": 0.549}, {"period": "+1q", "growth": 0.431}, {"period": "0y", "growth": 0.305}, {"period": "+1y", "growth": 0.109}, {"period": "+5y", "growth": 0.120865}, {"period": "-5y"}]}, "defaultKeyStatistics": {"maxAge": 1, "priceHint": 2, "enterpriseValue": 7259511808, "profitMargins": 0.00741, "floatShares": 1703457, "sharesOutstanding": 12110500, "heldPercentInsiders": 0.83823997, "heldPercentInstitutions": 0.0, "beta": 1.163544, "category": null, "bookValue": 289.532, "priceToBook": 2.0424337, "fundFamily": null, "legalType": null, "lastFiscalYearEnd": "2020-03-31 05:30:00", "nextFiscalYearEnd": "2022-03-31 05:30:00", "mostRecentQuarter": "2020-12-31 05:30:00", "earningsQuarterlyGrowth": -0.784, "netIncomeToCommon": 43378000, "trailingEps": 3.582, "lastSplitFactor": null, "enterpriseToRevenue": 1.24, "enterpriseToEbitda": 29.946}, "industryTrend": {"maxAge": 1, "symbol": null, "estimates": []}, "quoteType": {"exchange": "NSI", "quoteType": "EQUITY", "symbol": "KINGFA.NS", "underlyingSymbol": "KINGFA.NS", "shortName": "KINGFA SCIENCE & T", "longName": "Kingfa Science & Technology (India) Limited", "firstTradeDateEpochUtc": "2010-01-08 09:15:00", "timeZoneFullName": "Asia/Kolkata", "timeZoneShortName": "IST", "uuid": "484f7d20-5696-3d83-b3f7-bbcb0a239e28", "gmtOffSetMilliseconds": 19800000, "maxAge": 1}, "incomeStatementHistory": {"incomeStatementHistory": [{"maxAge": 1, "endDate": "2020-03-31", "totalRevenue": 7415003000, "costOfRevenue": 6095004000, "grossProfit": 1319999000, "researchDevelopment": {}, "sellingGeneralAdministrative": 175292000, "nonRecurring": {}, "otherOperatingExpenses": 560775000, "totalOperatingExpenses": 6950806000, "operatingIncome": 464197000, "totalOtherIncomeExpenseNet": -130757000, "ebit": 464197000, "interestExpense": -22694000, "incomeBeforeTax": 333440000, "incomeTaxExpense": 87275000, "minorityInterest": {}, "netIncomeFromContinuingOps": 246165000, "discontinuedOperations": {}, "extraordinaryItems": {}, "effectOfAccountingCharges": {}, "otherItems": {}, "netIncome": 246165000, "netIncomeApplicableToCommonShares": 246165000}, {"maxAge": 1, "endDate": "2019-03-31", "totalRevenue": 7015245000, "costOfRevenue": 5979924000, "grossProfit": 1035321000, "researchDevelopment": {}, "sellingGeneralAdministrative": 141636000, "nonRecurring": {}, "otherOperatingExpenses": 458047000, "totalOperatingExpenses": 6655173000, "operatingIncome": 360072000, "totalOtherIncomeExpenseNet": -67836000, "ebit": 360072000, "interestExpense": -14417000, "incomeBeforeTax": 292236000, "incomeTaxExpense": 101685000, "minorityInterest": {}, "netIncomeFromContinuingOps": 190551000, "discontinuedOperations": {}, "extraordinaryItems": {}, "effectOfAccountingCharges": {}, "otherItems": {}, "netIncome": 190551000, "netIncomeApplicableToCommonShares": 190551000}, {"maxAge": 1, "endDate": "2018-03-31", "totalRevenue": 6016424000, "costOfRevenue": 5016624000, "grossProfit": 999800000, "researchDevelopment": {}, "sellingGeneralAdministrative": 135689000, "nonRecurring": {}, "otherOperatingExpenses": 458134000, "totalOperatingExpenses": 5666729000, "operatingIncome": 349695000, "totalOtherIncomeExpenseNet": 36178000, "ebit": 349695000, "interestExpense": -17327000, "incomeBeforeTax": 385873000, "incomeTaxExpense": 139469000, "minorityInterest": {}, "netIncomeFromContinuingOps": 246404000, "discontinuedOperations": {}, "extraordinaryItems": {}, "effectOfAccountingCharges": {}, "otherItems": {}, "netIncome": 246404000, "netIncomeApplicableToCommonShares": 246404000}, {"maxAge": 1, "endDate": "2017-03-31", "totalRevenue": 4271263000, "costOfRevenue": 3644500000, "grossProfit": 626763000, "researchDevelopment": {}, "sellingGeneralAdministrative": 140637000, "nonRecurring": {}, "otherOperatingExpenses": 292658000, "totalOperatingExpenses": 4108156000, "operatingIncome": 163107000, "totalOtherIncomeExpenseNet": 13860000, "ebit": 163107000, "interestExpense": -20437000, "incomeBeforeTax": 176967000, "incomeTaxExpense": 52936000, "minorityInterest": {}, "netIncomeFromContinuingOps": 124031000, "discontinuedOperations": {}, "extraordinaryItems": {}, "effectOfAccountingCharges": {}, "otherItems": {}, "netIncome": 124031000, "netIncomeApplicableToCommonShares": 124031000}], "maxAge": 86400}, "fundOwnership": {"ownershipList": [], "maxAge": 1}, "summaryDetail": {"maxAge": 1, "priceHint": 2, "previousClose": 595.15, "open": 595.0, "dayLow": 590.0, "dayHigh": 609.05, "regularMarketPreviousClose": 595.15, "regularMarketOpen": 595.0, "regularMarketDayLow": 590.0, "regularMarketDayHigh": 609.05, "exDividendDate": "2011-09-22 05:30:00", "payoutRatio": 0.0, "beta": 1.163544, "trailingPE": 165.08932, "volume": 2262, "regularMarketVolume": 2262, "averageVolume": 16706, "averageVolume10days": 5421, "averageDailyVolume10Day": 5421, "bid": 0.0, "ask": 0.0, "bidSize": 0, "askSize": 0, "marketCap": 7148297728, "fiftyTwoWeekLow": 347.0, "fiftyTwoWeekHigh": 750.0, "priceToSalesTrailing12Months": 1.2211702, "fiftyDayAverage": 617.1409, "twoHundredDayAverage": 583.51105, "currency": "INR", "fromCurrency": null, "lastMarket": null, "algorithm": null, "tradeable": false}, "insiderHolders": {"holders": [{"maxAge": 1, "name": "Bhabha (Dinaz)", "relation": "Promoter", "url": "", "transactionDescription": "Sale", "latestTransDate": "2013-07-03", "positionDirect": 0, "positionDirectDate": "2013-07-03"}, {"maxAge": 1, "name": "Camel Foods Pvt Ltd", "relation": "Institution- Corporation", "url": "", "transactionDescription": "Sale", "latestTransDate": "2013-09-23", "positionDirect": 0, "positionDirectDate": "2013-09-23"}, {"maxAge": 1, "name": "Galaxy Investments Pvt Ltd", "relation": "Promoter", "url": "", "transactionDescription": "Sale", "latestTransDate": "2013-07-03", "positionDirect": 0, "positionDirectDate": "2013-07-03"}, {"maxAge": 1, "name": "Kingfa Sci & Tech Co Ltd", "relation": "Promoter", "url": "", "transactionDescription": "Other", "latestTransDate": "2017-04-21", "positionDirect": 9082214, "positionDirectDate": "2017-04-21"}, {"maxAge": 1, "name": "Murali (Shriram)", "relation": "Promoter", "url": "", "transactionDescription": "Sale", "latestTransDate": "2013-07-03", "positionDirect": 0, "positionDirectDate": "2013-07-03"}, {"maxAge": 1, "name": "Narbod Constructions Pvt Ltd", "relation": "Institution- Corporation", "url": "", "transactionDescription": "Sale", "latestTransDate": "2013-07-03", "positionDirect": 0, "positionDirectDate": "2013-07-03"}, {"maxAge": 1, "name": "Sethuramon (Narayan)", "relation": "Promoter", "url": "", "transactionDescription": "Sale", "latestTransDate": "2013-07-03", "positionDirect": 0, "positionDirectDate": "2013-07-03"}, {"maxAge": 1, "name": "Srinivasan (Venkataraman)", "relation": "Director (Non-Executive)", "url": "", "transactionDescription": "Sale", "latestTransDate": "2013-07-03", "positionDirect": 0, "positionDirectDate": "2013-07-03"}, {"maxAge": 1, "name": "Srinivasan (Vidya)", "relation": "Director", "url": "", "transactionDescription": "Sale", "latestTransDate": "2013-07-03", "positionDirect": 0, "positionDirectDate": "2013-07-03"}, {"maxAge": 1, "name": "Venkatraman (Murali Srinivasan)", "relation": "Non Executive Vice Chairman", "url": "", "transactionDescription": "Sale", "latestTransDate": "2013-07-03", "positionDirect": 0, "positionDirectDate": "2013-07-03"}], "maxAge": 1}, "calendarEvents": {"maxAge": 1, "earnings": {"earningsDate": []}, "exDividendDate": "2011-09-22 05:30:00"}, "upgradeDowngradeHistory": {"history": [], "maxAge": 86400}, "price": {"maxAge": 1, "regularMarketChangePercent": -0.006385027, "regularMarketChange": -3.8000488, "regularMarketTime": "2021-04-30 15:27:50", "priceHint": 2, "regularMarketPrice": 591.35, "regularMarketDayHigh": 609.05, "regularMarketDayLow": 590.0, "regularMarketVolume": 2262, "averageDailyVolume10Day": 5421, "averageDailyVolume3Month": 16706, "regularMarketPreviousClose": 595.15, "regularMarketSource": "FREE_REALTIME", "regularMarketOpen": 595.0, "exchange": "NSI", "exchangeName": "NSE", "exchangeDataDelayedBy": 15, "marketState": "CLOSED", "quoteType": "EQUITY", "symbol": "KINGFA.NS", "underlyingSymbol": null, "shortName": "KINGFA SCIENCE & T", "longName": "Kingfa Science & Technology (India) Limited", "currency": "INR", "quoteSourceName": "Delayed Quote", "currencySymbol": "\u20b9", "fromCurrency": null, "lastMarket": null, "marketCap": 7148297728}, "balanceSheetHistory": {"balanceSheetStatements": [{"maxAge": 1, "endDate": "2020-03-31", "cash": 22891000, "shortTermInvestments": 214914000, "netReceivables": 1997514000, "inventory": 1110877000, "otherCurrentAssets": 268893000, "totalCurrentAssets": 3616207000, "propertyPlantEquipment": 2212514000, "intangibleAssets": 460000, "otherAssets": 133818000, "totalAssets": 5962999000, "accountsPayable": 1906605000, "otherCurrentLiab": 51973000, "longTermDebt": 181596000, "otherLiab": 23819000, "totalCurrentLiabilities": 2270999000, "totalLiab": 2477104000, "commonStock": 121105000, "retainedEarnings": 861525000, "treasuryStock": 15427000, "capitalSurplus": 2487838000, "otherStockholderEquity": 15427000, "totalStockholderEquity": 3485895000, "netTangibleAssets": 3485435000}, {"maxAge": 1, "endDate": "2019-03-31", "cash": 131025000, "shortTermInvestments": 407059000, "netReceivables": 2119917000, "inventory": 1025624000, "otherCurrentAssets": 37611000, "totalCurrentAssets": 3722654000, "propertyPlantEquipment": 1635025000, "intangibleAssets": 875000, "otherAssets": 155441000, "totalAssets": 5513995000, "accountsPayable": 1949370000, "otherCurrentLiab": 74367000, "longTermDebt": 166011000, "otherLiab": 41717000, "totalCurrentLiabilities": 2061342000, "totalLiab": 2269070000, "commonStock": 121105000, "retainedEarnings": 620555000, "treasuryStock": 15427000, "capitalSurplus": 2487838000, "otherStockholderEquity": 15427000, "totalStockholderEquity": 3244925000, "netTangibleAssets": 3244050000}, {"maxAge": 1, "endDate": "2018-03-31", "cash": 413255000, "shortTermInvestments": 309096000, "netReceivables": 1856498000, "inventory": 1158910000, "otherCurrentAssets": 144167000, "totalCurrentAssets": 3883550000, "propertyPlantEquipment": 900267000, "intangibleAssets": 1485000, "otherAssets": 67630000, "totalAssets": 4852932000, "accountsPayable": 1483477000, "otherCurrentLiab": 29046000, "longTermDebt": 156106000, "otherLiab": 48375000, "totalCurrentLiabilities": 1595519000, "totalLiab": 1800000000, "commonStock": 121105000, "retainedEarnings": 428562000, "treasuryStock": 15427000, "capitalSurplus": 2487838000, "otherStockholderEquity": 15427000, "totalStockholderEquity": 3052932000, "netTangibleAssets": 3051447000}, {"maxAge": 1, "endDate": "2017-03-31", "cash": 12250000, "shortTermInvestments": 1032752000, "netReceivables": 1316689000, "inventory": 689657000, "otherCurrentAssets": 108761000, "totalCurrentAssets": 3161517000, "propertyPlantEquipment": 856208000, "intangibleAssets": 134000, "otherAssets": 28599000, "totalAssets": 4046458000, "accountsPayable": 1074352000, "otherCurrentLiab": 39847000, "longTermDebt": 155616000, "otherLiab": 29794000, "totalCurrentLiabilities": 1423519000, "totalLiab": 1608929000, "commonStock": 101106000, "retainedEarnings": 185499000, "treasuryStock": 1140333000, "capitalSurplus": 1010591000, "otherStockholderEquity": 1140333000, "totalStockholderEquity": 2437529000, "netTangibleAssets": 2437395000}], "maxAge": 86400}, "earningsTrend": {"trend": [{"maxAge": 1, "period": "0q", "endDate": null, "growth": {}, "earningsEstimate": {"avg": 0.0, "low": 0.0, "high": 0.0, "yearAgoEps": {}, "numberOfAnalysts": 0, "growth": {}}, "revenueEstimate": {"avg": 0, "low": 0, "high": 0, "numberOfAnalysts": 0, "yearAgoRevenue": {}, "growth": {}}, "epsTrend": {"current": 0.0, "7daysAgo": 0.0, "30daysAgo": 0.0, "60daysAgo": 0.0, "90daysAgo": 0.0}, "epsRevisions": {"upLast7days": 0, "upLast30days": 0, "downLast30days": 0, "downLast90days": {}}}, {"maxAge": 1, "period": "+1q", "endDate": null, "growth": {}, "earningsEstimate": {"avg": 0.0, "low": 0.0, "high": 0.0, "yearAgoEps": {}, "numberOfAnalysts": 0, "growth": {}}, "revenueEstimate": {"avg": 0, "low": 0, "high": 0, "numberOfAnalysts": 0, "yearAgoRevenue": {}, "growth": {}}, "epsTrend": {"current": 0.0, "7daysAgo": 0.0, "30daysAgo": 0.0, "60daysAgo": 0.0, "90daysAgo": 0.0}, "epsRevisions": {"upLast7days": 0, "upLast30days": 0, "downLast30days": 0, "downLast90days": {}}}, {"maxAge": 1, "period": "0y", "endDate": null, "growth": {}, "earningsEstimate": {"avg": 0.0, "low": 0.0, "high": 0.0, "yearAgoEps": {}, "numberOfAnalysts": 0, "growth": {}}, "revenueEstimate": {"avg": 0, "low": 0, "high": 0, "numberOfAnalysts": 0, "yearAgoRevenue": {}, "growth": {}}, "epsTrend": {"current": 0.0, "7daysAgo": 0.0, "30daysAgo": 0.0, "60daysAgo": 0.0, "90daysAgo": 0.0}, "epsRevisions": {"upLast7days": 0, "upLast30days": 0, "downLast30days": 0, "downLast90days": {}}}, {"maxAge": 1, "period": "+1y", "endDate": null, "growth": {}, "earningsEstimate": {"avg": 0.0, "low": 0.0, "high": 0.0, "yearAgoEps": {}, "numberOfAnalysts": 0, "growth": {}}, "revenueEstimate": {"avg": 0, "low": 0, "high": 0, "numberOfAnalysts": 0, "yearAgoRevenue": {}, "growth": {}}, "epsTrend": {"current": 0.0, "7daysAgo": 0.0, "30daysAgo": 0.0, "60daysAgo": 0.0, "90daysAgo": 0.0}, "epsRevisions": {"upLast7days": 0, "upLast30days": 0, "downLast30days": 0, "downLast90days": {}}}, {"maxAge": 1, "period": "+5y", "endDate": null, "growth": {}, "earningsEstimate": {"avg": {}, "low": {}, "high": {}, "yearAgoEps": {}, "numberOfAnalysts": {}, "growth": {}}, "revenueEstimate": {"avg": {}, "low": {}, "high": {}, "numberOfAnalysts": {}, "yearAgoRevenue": {}, "growth": {}}, "epsTrend": {"current": {}, "7daysAgo": {}, "30daysAgo": {}, "60daysAgo": {}, "90daysAgo": {}}, "epsRevisions": {"upLast7days": {}, "upLast30days": {}, "downLast30days": {}, "downLast90days": {}}}, {"maxAge": 1, "period": "-5y", "endDate": null, "growth": {}, "earningsEstimate": {"avg": {}, "low": {}, "high": {}, "yearAgoEps": {}, "numberOfAnalysts": {}, "growth": {}}, "revenueEstimate": {"avg": {}, "low": {}, "high": {}, "numberOfAnalysts": {}, "yearAgoRevenue": {}, "growth": {}}, "epsTrend": {"current": {}, "7daysAgo": {}, "30daysAgo": {}, "60daysAgo": {}, "90daysAgo": {}}, "epsRevisions": {"upLast7days": {}, "upLast30days": {}, "downLast30days": {}, "downLast90days": {}}}], "maxAge": 1}, "institutionOwnership": {"ownershipList": [], "maxAge": 1}, "majorHoldersBreakdown": {"maxAge": 1, "insidersPercentHeld": 0.83823997, "institutionsPercentHeld": 0.0, "institutionsFloatPercentHeld": 0.0, "institutionsCount": 0}, "balanceSheetHistoryQuarterly": {"balanceSheetStatements": [{"maxAge": 1, "endDate": "2020-12-31", "totalStockholderEquity": 3506372000, "netTangibleAssets": 3506041000}, {"maxAge": 1, "endDate": "2020-09-30", "cash": 344312000, "shortTermInvestments": 84967000, "netReceivables": 1728514000, "inventory": 1188771000, "otherCurrentAssets": 61563000, "totalCurrentAssets": 3408127000, "propertyPlantEquipment": 2394480000, "intangibleAssets": 331000, "otherAssets": 289055000, "totalAssets": 6091993000, "accountsPayable": 1638873000, "otherCurrentLiab": 384428000, "longTermDebt": 281250000, "otherLiab": 29482000, "totalCurrentLiabilities": 2274889000, "totalLiab": 2585621000, "commonStock": 121105000, "retainedEarnings": 882002000, "treasuryStock": 15427000, "capitalSurplus": 2487838000, "otherStockholderEquity": 15427000, "totalStockholderEquity": 3506372000, "netTangibleAssets": 3506041000}, {"maxAge": 1, "endDate": "2020-06-30", "totalStockholderEquity": 3485895000, "netTangibleAssets": 3485435000}, {"maxAge": 1, "endDate": "2020-03-31", "cash": 22891000, "shortTermInvestments": 214914000, "netReceivables": 1997514000, "inventory": 1110877000, "otherCurrentAssets": 268893000, "totalCurrentAssets": 3616207000, "propertyPlantEquipment": 2212514000, "intangibleAssets": 460000, "otherAssets": 133818000, "totalAssets": 5962999000, "accountsPayable": 1906605000, "otherCurrentLiab": 51973000, "longTermDebt": 181596000, "otherLiab": 23819000, "totalCurrentLiabilities": 2270999000, "totalLiab": 2477104000, "commonStock": 121105000, "retainedEarnings": 861525000, "treasuryStock": 15427000, "capitalSurplus": 2487838000, "otherStockholderEquity": 15427000, "totalStockholderEquity": 3485895000, "netTangibleAssets": 3485435000}], "maxAge": 86400}, "earningsHistory": {"history": [{"maxAge": 1, "epsActual": {}, "epsEstimate": {}, "epsDifference": {}, "surprisePercent": {}, "quarter": {}, "period": "-4q"}, {"maxAge": 1, "epsActual": {}, "epsEstimate": {}, "epsDifference": {}, "surprisePercent": {}, "quarter": {}, "period": "-3q"}, {"maxAge": 1, "epsActual": {}, "epsEstimate": {}, "epsDifference": {}, "surprisePercent": {}, "quarter": {}, "period": "-2q"}, {"maxAge": 1, "epsActual": {}, "epsEstimate": {}, "epsDifference": {}, "surprisePercent": {}, "quarter": {}, "period": "-1q"}], "maxAge": 86400}, "summaryProfile": {"address1": "Dhun Building", "address2": "IIIrd Floor 827, Anna Salai", "city": "Chennai", "zip": "600002", "country": "India", "phone": "91 44 2852 1736", "fax": "91 44 2852 0420", "website": "http://www.kingfaindia.com", "industry": "Specialty Chemicals", "sector": "Basic Materials", "longBusinessSummary": "Kingfa Science & Technology (India) Limited manufactures and supplies reinforced polypropylene compounds and fiber reinforced composites in India. It also offers thermoplastic elastomers under the HYPRENE brand name; POM; fiberglass honeycomb composite panels; LFT products; and high temperature resistant nylon/LCP. The company supplies its products to automobile, electronic appliances, industrial equipment, consumer goods, packaging, toys, etc. The company was formerly known as Hydro S&S Industries Limited and changed its name to Kingfa Science & Technology (India) Limited in March 2016. The company was incorporated in 1983 and is based in Chennai, India. Kingfa Science & Technology (India) Limited is a subsidiary of Kingfa Sci. & Tech. Co., Ltd.", "fullTimeEmployees": 210, "companyOfficers": [], "maxAge": 86400}, "netSharePurchaseActivity": {"maxAge": 1, "period": "6m", "buyInfoCount": 0, "buyInfoShares": 0, "sellInfoCount": 0, "netInfoCount": 0, "netInfoShares": 0, "netPercentInsiderShares": 0.0, "totalInsiderShares": 10151472}, "insiderTransactions": {"transactions": [{"maxAge": 1, "shares": 1499874, "filerUrl": "", "transactionText": "", "filerName": "Kingfa Sci & Tech Co Ltd", "filerRelation": "Promoter", "moneyText": "", "startDate": "2017-04-21", "ownership": "D"}, {"maxAge": 1, "shares": 2777308, "filerUrl": "", "transactionText": "", "filerName": "Kingfa Sci & Tech Co Ltd", "filerRelation": "Promoter", "moneyText": "", "startDate": "2015-11-02", "ownership": "D"}, {"maxAge": 1, "shares": 241070, "filerUrl": "", "transactionText": "", "filerName": "Kingfa Sci & Tech Co Ltd", "filerRelation": "Promoter", "moneyText": "", "startDate": "2015-01-15", "ownership": "D"}, {"maxAge": 1, "shares": 258930, "filerUrl": "", "transactionText": "", "filerName": "Kingfa Sci & Tech Co Ltd", "filerRelation": "Promoter", "moneyText": "", "startDate": "2014-12-16", "ownership": "D"}, {"maxAge": 1, "shares": 1044332, "filerUrl": "", "transactionText": "", "filerName": "Kingfa Sci & Tech Co Ltd", "filerRelation": "Promoter", "moneyText": "", "startDate": "2013-10-04", "ownership": "D"}, {"maxAge": 1, "shares": 523285, "filerUrl": "", "transactionText": "", "filerName": "Camel Foods Pvt Ltd", "filerRelation": "Institution- Corporation", "moneyText": "", "startDate": "2013-09-23", "ownership": "D"}, {"maxAge": 1, "shares": 78913, "filerUrl": "", "transactionText": "", "filerName": "Galaxy Investments Pvt Ltd", "filerRelation": "Promoter", "moneyText": "", "startDate": "2013-07-03", "ownership": "D"}, {"maxAge": 1, "shares": 799700, "filerUrl": "", "transactionText": "", "filerName": "Srinivasan (Vidya)", "filerRelation": "Director", "moneyText": "", "startDate": "2013-07-03", "ownership": "D"}, {"maxAge": 1, "shares": 1477, "filerUrl": "", "transactionText": "", "filerName": "Murali (Shriram)", "filerRelation": "Promoter", "moneyText": "", "startDate": "2013-07-03", "ownership": "D"}, {"maxAge": 1, "shares": 4260700, "filerUrl": "", "transactionText": "", "filerName": "Kingfa Sci & Tech Co Ltd", "filerRelation": "Institution- Corporation", "moneyText": "", "startDate": "2013-07-03", "ownership": "D"}, {"maxAge": 1, "shares": 82500, "filerUrl": "", "transactionText": "", "filerName": "Srinivasan (Venkataraman)", "filerRelation": "Director (Non-Executive)", "moneyText": "", "startDate": "2013-07-03", "ownership": "D"}, {"maxAge": 1, "shares": 400000, "filerUrl": "", "transactionText": "", "filerName": "Narbod Constructions Pvt Ltd", "filerRelation": "Institution- Corporation", "moneyText": "", "startDate": "2013-07-03", "ownership": "D"}, {"maxAge": 1, "shares": 82300, "filerUrl": "", "transactionText": "", "filerName": "Venkatraman (Murali Srinivasan)", "filerRelation": "Non Executive Vice Chairman", "moneyText": "", "startDate": "2013-07-03", "ownership": "D"}, {"maxAge": 1, "shares": 886000, "filerUrl": "", "transactionText": "", "filerName": "Srinivasan (Vidya)", "filerRelation": "Director", "moneyText": "", "startDate": "2013-07-03", "ownership": "D"}, {"maxAge": 1, "shares": 82300, "filerUrl": "", "transactionText": "", "filerName": "Sethuramon (Narayan)", "filerRelation": "Promoter", "moneyText": "", "startDate": "2013-07-03", "ownership": "D"}, {"maxAge": 1, "shares": 4500, "filerUrl": "", "transactionText": "", "filerName": "Bhabha (Dinaz)", "filerRelation": "Promoter", "moneyText": "", "startDate": "2013-07-03", "ownership": "D"}, {"maxAge": 1, "shares": 1464390, "filerUrl": "", "transactionText": "", "filerName": "Srinivasan (Vidya)", "filerRelation": "Director", "moneyText": "", "startDate": "2013-07-03", "ownership": "D"}, {"maxAge": 1, "shares": 56250, "filerUrl": "", "transactionText": "", "filerName": "Parakh (Dinshaw K)", "filerRelation": "Promoter", "moneyText": "", "startDate": "2013-07-03", "ownership": "D"}, {"maxAge": 1, "shares": 249370, "filerUrl": "", "transactionText": "", "filerName": "Vensunar Holdings Pvt Ltd", "filerRelation": "Promoter", "moneyText": "", "startDate": "2013-07-03", "ownership": "D"}, {"maxAge": 1, "shares": 27000, "filerUrl": "", "transactionText": "", "filerName": "Parakh (Narkesh)", "filerRelation": "UNREPORTED", "moneyText": "", "startDate": "2013-07-03", "ownership": "D"}, {"maxAge": 1, "shares": 36500, "filerUrl": "", "transactionText": "", "filerName": "Srinivasan (Venkataraman)", "filerRelation": "Director (Non-Executive)", "moneyText": "", "startDate": "2013-03-28", "ownership": "D"}, {"maxAge": 1, "shares": 36000, "filerUrl": "", "transactionText": "", "filerName": "Venkatraman (Murali Srinivasan)", "filerRelation": "Non Executive Vice Chairman", "moneyText": "", "startDate": "2013-03-28", "ownership": "D"}, {"maxAge": 1, "shares": 36000, "filerUrl": "", "transactionText": "", "filerName": "Sethuramon (Narayan)", "filerRelation": "Promoter", "moneyText": "", "startDate": "2013-03-28", "ownership": "D"}, {"maxAge": 1, "shares": 108500, "filerUrl": "", "transactionText": "", "filerName": "Balakrishnan (Suchitra Murali)", "filerRelation": "Promoter", "moneyText": "", "startDate": "2013-03-28", "ownership": "D"}, {"maxAge": 1, "shares": 46000, "filerUrl": "", "transactionText": "", "filerName": "Srinivasan (Venkataraman)", "filerRelation": "Director (Non-Executive)", "moneyText": "", "startDate": "2012-12-31", "ownership": "D"}, {"maxAge": 1, "shares": 184000, "filerUrl": "", "transactionText": "", "filerName": "Balakrishnan (Suchitra Murali)", "filerRelation": "Promoter", "moneyText": "", "startDate": "2012-12-31", "ownership": "D"}, {"maxAge": 1, "shares": 46000, "filerUrl": "", "transactionText": "", "filerName": "Sethuramon (Narayan)", "filerRelation": "Promoter", "moneyText": "", "startDate": "2012-12-31", "ownership": "D"}, {"maxAge": 1, "shares": 46000, "filerUrl": "", "transactionText": "", "filerName": "Venkatraman (Murali Srinivasan)", "filerRelation": "Non Executive Vice Chairman", "moneyText": "", "startDate": "2012-12-31", "ownership": "D"}, {"maxAge": 1, "shares": 1731700, "filerUrl": "", "transactionText": "", "filerName": "Srinivasan (Vidya)", "filerRelation": "Director (Non-Executive)", "moneyText": "", "startDate": "2012-10-31", "ownership": "D"}, {"maxAge": 1, "shares": 932000, "filerUrl": "", "transactionText": "", "filerName": "Venkatraman (Murali Srinivasan)", "filerRelation": "Non Executive Vice Chairman", "moneyText": "", "startDate": "2012-10-31", "ownership": "D"}, {"maxAge": 1, "shares": 799700, "filerUrl": "", "transactionText": "", "filerName": "Sethuramon (Narayan)", "filerRelation": "Promoter", "moneyText": "", "startDate": "2012-10-31", "ownership": "D"}, {"maxAge": 1, "shares": 171769, "filerUrl": "", "transactionText": "", "filerName": "Machino Transport Pvt Ltd", "filerRelation": "Institution- Corporation", "moneyText": "", "startDate": "2011-03-22", "ownership": "D"}, {"maxAge": 1, "shares": 171769, "filerUrl": "", "transactionText": "", "filerName": "Machino Finance Pvt Ltd", "filerRelation": "Institution- Corporation", "moneyText": "", "startDate": "2011-03-22", "ownership": "D"}, {"maxAge": 1, "shares": 133890, "filerUrl": "", "transactionText": "", "filerName": "Machino Finance Pvt Ltd", "filerRelation": "Institution- Corporation", "moneyText": "", "startDate": "2010-07-23", "ownership": "D"}, {"maxAge": 1, "shares": 155914, "filerUrl": "", "transactionText": "", "filerName": "Machino Finance Pvt Ltd", "filerRelation": "Institution- Corporation", "moneyText": "", "startDate": "2010-06-17", "ownership": "D"}, {"maxAge": 1, "shares": 136500, "filerUrl": "", "transactionText": "", "filerName": "Machino Finance Pvt Ltd", "filerRelation": "Institution- Corporation", "moneyText": "", "startDate": "2010-05-12", "ownership": "D"}, {"maxAge": 1, "shares": 60000, "filerUrl": "", "transactionText": "", "filerName": "Machino Finance Pvt Ltd", "filerRelation": "Institution- Corporation", "moneyText": "", "startDate": "2010-05-11", "ownership": "D"}], "maxAge": 1}, "sectorTrend": {"maxAge": 1, "symbol": null, "estimates": []}, "incomeStatementHistoryQuarterly": {"incomeStatementHistory": [{"maxAge": 1, "endDate": "2020-12-31", "totalRevenue": 1937908000, "costOfRevenue": 1655668000, "grossProfit": 282240000, "researchDevelopment": {}, "sellingGeneralAdministrative": 49142000, "nonRecurring": {}, "otherOperatingExpenses": 194343000, "totalOperatingExpenses": 1928239000, "operatingIncome": 9669000, "totalOtherIncomeExpenseNet": 14630000, "ebit": 9669000, "interestExpense": -4350000, "incomeBeforeTax": 24299000, "incomeTaxExpense": 7842000, "minorityInterest": {}, "netIncomeFromContinuingOps": 16457000, "discontinuedOperations": {}, "extraordinaryItems": {}, "effectOfAccountingCharges": {}, "otherItems": {}, "netIncome": 16457000, "netIncomeApplicableToCommonShares": 16457000}, {"maxAge": 1, "endDate": "2020-09-30", "totalRevenue": 1671406000, "costOfRevenue": 1385683000, "grossProfit": 285723000, "researchDevelopment": {}, "sellingGeneralAdministrative": 42386000, "nonRecurring": {}, "otherOperatingExpenses": 216949000, "totalOperatingExpenses": 1669654000, "operatingIncome": 1752000, "totalOtherIncomeExpenseNet": 41722000, "ebit": 1752000, "interestExpense": -9371000, "incomeBeforeTax": 43474000, "incomeTaxExpense": 10458000, "minorityInterest": {}, "netIncomeFromContinuingOps": 33016000, "discontinuedOperations": {}, "extraordinaryItems": {}, "effectOfAccountingCharges": {}, "otherItems": {}, "netIncome": 33016000, "netIncomeApplicableToCommonShares": 33016000}, {"maxAge": 1, "endDate": "2020-06-30", "totalRevenue": 450570000, "costOfRevenue": 323526000, "grossProfit": 127044000, "researchDevelopment": {}, "sellingGeneralAdministrative": 30753000, "nonRecurring": {}, "otherOperatingExpenses": 78019000, "totalOperatingExpenses": 455101000, "operatingIncome": -4531000, "totalOtherIncomeExpenseNet": -10642000, "ebit": -4531000, "interestExpense": -9276000, "incomeBeforeTax": -15173000, "incomeTaxExpense": -2631000, "minorityInterest": {}, "netIncomeFromContinuingOps": -12542000, "discontinuedOperations": {}, "extraordinaryItems": {}, "effectOfAccountingCharges": {}, "otherItems": {}, "netIncome": -12542000, "netIncomeApplicableToCommonShares": -12542000}, {"maxAge": 1, "endDate": "2020-03-31", "totalRevenue": 1793762000, "costOfRevenue": 1467821000, "grossProfit": 325941000, "researchDevelopment": {}, "sellingGeneralAdministrative": 67254000, "nonRecurring": {}, "otherOperatingExpenses": 96286000, "totalOperatingExpenses": 1684868000, "operatingIncome": 108894000, "totalOtherIncomeExpenseNet": -98841000, "ebit": 108894000, "interestExpense": -701000, "incomeBeforeTax": 10053000, "incomeTaxExpense": 3606000, "minorityInterest": {}, "netIncomeFromContinuingOps": 6447000, "discontinuedOperations": {}, "extraordinaryItems": {}, "effectOfAccountingCharges": {}, "otherItems": {}, "netIncome": 6447000, "netIncomeApplicableToCommonShares": 6447000}], "maxAge": 86400}, "cashflowStatementHistoryQuarterly": {"cashflowStatements": [{"maxAge": 1, "endDate": "2020-12-31", "netIncome": 16457000, "changeToLiabilities": 0}, {"maxAge": 1, "endDate": "2020-09-30", "netIncome": 33016000, "changeToLiabilities": 0}, {"maxAge": 1, "endDate": "2020-06-30", "netIncome": -12542000, "changeToLiabilities": 0}, {"maxAge": 1, "endDate": "2020-03-31", "netIncome": 6447000, "changeToLiabilities": 0}], "maxAge": 86400}, "earnings": {"maxAge": 86400, "earningsChart": {"quarterly": [], "earningsDate": []}, "financialsChart": {"yearly": [{"date": 2017, "revenue": 4271263000, "earnings": 124031000}, {"date": 2018, "revenue": 6016424000, "earnings": 246404000}, {"date": 2019, "revenue": 7015245000, "earnings": 190551000}, {"date": 2020, "revenue": 7415003000, "earnings": 246165000}], "quarterly": [{"date": "1Q2020", "revenue": 1793762000, "earnings": 6447000}, {"date": "2Q2020", "revenue": 450570000, "earnings": -12542000}, {"date": "3Q2020", "revenue": 1671406000, "earnings": 33016000}, {"date": "4Q2020", "revenue": 1937908000, "earnings": 16457000}]}, "financialCurrency": "INR"}, "financialData": {"maxAge": 86400, "currentPrice": 591.35, "targetHighPrice": 37.0, "targetLowPrice": 37.0, "targetMeanPrice": 37.0, "targetMedianPrice": 37.0, "recommendationMean": 2.0, "recommendationKey": "buy", "numberOfAnalystOpinions": 1, "totalCash": 429279008, "totalCashPerShare": 35.447, "ebitda": 242416752, "totalDebt": 481249984, "totalRevenue": 5853645824, "debtToEquity": 13.725, "revenuePerShare": 483.333, "grossProfits": 1319999000, "earningsGrowth": -0.784, "revenueGrowth": 0.028, "grossMargins": 0.17441, "ebitdaMargins": 0.04141, "operatingMargins": 0.02775, "profitMargins": 0.00741, "financialCurrency": "INR"}}}