{"KIOCL.NS": {"assetProfile": {"address1": "II Block", "address2": "Koramangala Sarjapura Road", "city": "Bengaluru", "zip": "560034", "country": "India", "phone": "91 80 2553 1461", "fax": "91 80 2553 2153", "website": "http://www.kioclltd.in", "industry": "Steel", "sector": "Basic Materials", "longBusinessSummary": "KIOCL Limited manufactures and sells iron oxide pellets for steel plants in India. The company operates in two segments, Pellet and Pig Iron. It produces and sells iron ore pellets; and pig iron. The company also exports its products. KIOCL Limited was founded in 1976 and is headquartered in Bengaluru, India.", "fullTimeEmployees": 314, "companyOfficers": [{"maxAge": 1, "name": "Mr. Munnangi Venkata Subba Rao", "age": 59, "title": "Chairman & MD", "yearBorn": 1961, "fiscalYear": 2020, "totalPay": 5334268, "exercisedValue": 0, "unexercisedValue": 0}, {"maxAge": 1, "name": "Mr. Swapan Kumar Gorai", "age": 57, "title": "Director of Fin., CFO & Exec. Director", "yearBorn": 1963, "fiscalYear": 2020, "totalPay": 4704245, "exercisedValue": 0, "unexercisedValue": 0}, {"maxAge": 1, "name": "Mr. Pushp Kant Mishra", "title": "Company Sec. & Compliance Officer", "fiscalYear": 2020, "totalPay": 1744376, "exercisedValue": 0, "unexercisedValue": 0}, {"maxAge": 1, "name": "Mr. Thimmalagundhi  Saminathan", "age": 56, "title": "Director of Commercial & Exec. Director", "yearBorn": 1964, "fiscalYear": 2020, "totalPay": 4683219, "exercisedValue": 0, "unexercisedValue": 0}, {"maxAge": 1, "name": "Mr. Kuncham Venkata Bhaskara Reddy", "age": 57, "title": "Director of Production & Projects and Exec. Director", "yearBorn": 1963, "fiscalYear": 2020, "totalPay": 3940872, "exercisedValue": 0, "unexercisedValue": 0}, {"maxAge": 1, "name": "Mr. S.  Rajendra", "title": "Gen. Mang. of Human Resource", "exercisedValue": 0, "unexercisedValue": 0}, {"maxAge": 1, "name": "Mr. S.  Galgali", "title": "Chief Vigilance officer", "exercisedValue": 0, "unexercisedValue": 0}], "compensationAsOfEpochDate": "2020-12-31 05:30:00", "maxAge": 86400}, "cashflowStatementHistory": {"cashflowStatements": [{"maxAge": 1, "endDate": "2020-03-31", "netIncome": 434765000, "depreciation": 273935000, "changeToNetincome": -765095000, "changeToAccountReceivables": -540483000, "changeToLiabilities": -141902000, "changeToInventory": 520215000, "totalCashFromOperatingActivities": -217592000, "capitalExpenditures": -209396000, "investments": -402208000, "otherCashflowsFromInvestingActivities": 1093061000, "totalCashflowsFromInvestingActivities": 485334000, "dividendsPaid": -827162000, "netBorrowings": -124484000, "otherCashflowsFromFinancingActivities": -170030000, "totalCashFromFinancingActivities": -1121676000, "changeInCash": -853935000}, {"maxAge": 1, "endDate": "2019-03-31", "netIncome": 1118586000, "depreciation": 192555000, "changeToNetincome": -451149000, "changeToAccountReceivables": -139453000, "changeToLiabilities": -1222307000, "changeToInventory": -761048000, "totalCashFromOperatingActivities": -1262689000, "capitalExpenditures": -199816000, "investments": 4800410000, "otherCashflowsFromInvestingActivities": 1207373000, "totalCashflowsFromInvestingActivities": 5812552000, "dividendsPaid": -501266000, "netBorrowings": -124484000, "otherCashflowsFromFinancingActivities": -103040000, "totalCashFromFinancingActivities": -2744306000, "changeInCash": 1805557000, "repurchaseOfStock": -2140000000}, {"maxAge": 1, "endDate": "2018-03-31", "netIncome": 814771000, "depreciation": 186531000, "changeToNetincome": -1349650000, "changeToAccountReceivables": 281445000, "changeToLiabilities": -233939000, "changeToInventory": -695923000, "changeToOperatingActivities": 991000, "totalCashFromOperatingActivities": -964808000, "capitalExpenditures": -23059000, "investments": -1591111000, "otherCashflowsFromInvestingActivities": 1295548000, "totalCashflowsFromInvestingActivities": -159716000, "dividendsPaid": -336293000, "netBorrowings": -124484000, "otherCashflowsFromFinancingActivities": -68462000, "totalCashFromFinancingActivities": -404755000, "changeInCash": -1529279000, "repurchaseOfStock": -2140000000}, {"maxAge": 1, "endDate": "2017-03-31", "netIncome": 479252000, "depreciation": 220163000, "changeToNetincome": -1612766000, "changeToAccountReceivables": -1847660000, "changeToLiabilities": 1153022000, "changeToInventory": -997003000, "changeToOperatingActivities": -7653000, "totalCashFromOperatingActivities": -2600723000, "capitalExpenditures": -48556000, "investments": 1443556000, "otherCashflowsFromInvestingActivities": 1609106000, "totalCashflowsFromInvestingActivities": 3011294000, "dividendsPaid": -69797000, "netBorrowings": -124484000, "otherCashflowsFromFinancingActivities": -14605000, "totalCashFromFinancingActivities": -84402000, "changeInCash": 326169000, "repurchaseOfStock": -2140000000}], "maxAge": 86400}, "institutionOwnership": {"ownershipList": [], "maxAge": 1}, "majorHoldersBreakdown": {"maxAge": 1, "insidersPercentHeld": 0.99037004, "institutionsPercentHeld": 0.0, "institutionsFloatPercentHeld": 0.0, "institutionsCount": 0}, "balanceSheetHistoryQuarterly": {"balanceSheetStatements": [{"maxAge": 1, "endDate": "2020-12-31", "totalStockholderEquity": 19592720000, "netTangibleAssets": 19565471000}, {"maxAge": 1, "endDate": "2020-09-30", "cash": 15782077000, "shortTermInvestments": 1835676000, "netReceivables": 132636000, "inventory": 1991070000, "otherCurrentAssets": 1468607000, "totalCurrentAssets": 21210066000, "propertyPlantEquipment": 2894610000, "intangibleAssets": 27249000, "otherAssets": 98195000, "deferredLongTermAssetCharges": 69208000, "totalAssets": 24230120000, "accountsPayable": 1059362000, "otherCurrentLiab": 1373580000, "otherLiab": 976179000, "totalCurrentLiabilities": 2626761000, "totalLiab": 4637400000, "commonStock": 6219256000, "treasuryStock": 13373464000, "otherStockholderEquity": 13373464000, "totalStockholderEquity": 19592720000, "netTangibleAssets": 19565471000}, {"maxAge": 1, "endDate": "2020-06-30", "totalStockholderEquity": 19159282000, "netTangibleAssets": 19143375000}, {"maxAge": 1, "endDate": "2020-03-31", "cash": 4298009000, "shortTermInvestments": 10794800000, "netReceivables": 1778069000, "inventory": 2568448000, "otherCurrentAssets": 1298164000, "totalCurrentAssets": 20748733000, "propertyPlantEquipment": 2982523000, "intangibleAssets": 15907000, "otherAssets": 69899000, "deferredLongTermAssetCharges": 22700000, "totalAssets": 23817062000, "accountsPayable": 1020573000, "otherCurrentLiab": 290815000, "otherLiab": 917098000, "totalCurrentLiabilities": 2627697000, "totalLiab": 4657780000, "commonStock": 6219256000, "retainedEarnings": 12674766000, "treasuryStock": 265260000, "otherStockholderEquity": 265260000, "totalStockholderEquity": 19159282000, "netTangibleAssets": 19143375000}], "maxAge": 86400}, "indexTrend": {"maxAge": 1, "symbol": "SP5", "peRatio": 19.7411, "pegRatio": 1.34172, "estimates": [{"period": "0q", "growth": 0.549}, {"period": "+1q", "growth": 0.431}, {"period": "0y", "growth": 0.305}, {"period": "+1y", "growth": 0.109}, {"period": "+5y", "growth": 0.120865}, {"period": "-5y"}]}, "defaultKeyStatistics": {"maxAge": 1, "priceHint": 2, "enterpriseValue": 85376376832, "profitMargins": 0.068730004, "floatShares": 6003818, "sharesOutstanding": 607750976, "heldPercentInsiders": 0.99037004, "heldPercentInstitutions": 0.0, "beta": 1.580319, "category": null, "bookValue": 31.503, "priceToBook": 5.2010922, "fundFamily": null, "legalType": null, "lastFiscalYearEnd": "2020-03-31 05:30:00", "nextFiscalYearEnd": "2022-03-31 05:30:00", "mostRecentQuarter": "2020-12-31 05:30:00", "netIncomeToCommon": 1335965056, "trailingEps": 2.149, "lastSplitFactor": null, "enterpriseToRevenue": 4.393, "enterpriseToEbitda": 79.003}, "summaryProfile": {"address1": "II Block", "address2": "Koramangala Sarjapura Road", "city": "Bengaluru", "zip": "560034", "country": "India", "phone": "91 80 2553 1461", "fax": "91 80 2553 2153", "website": "http://www.kioclltd.in", "industry": "Steel", "sector": "Basic Materials", "longBusinessSummary": "KIOCL Limited manufactures and sells iron oxide pellets for steel plants in India. The company operates in two segments, Pellet and Pig Iron. It produces and sells iron ore pellets; and pig iron. The company also exports its products. KIOCL Limited was founded in 1976 and is headquartered in Bengaluru, India.", "fullTimeEmployees": 314, "companyOfficers": [], "maxAge": 86400}, "netSharePurchaseActivity": {"maxAge": 1, "period": "6m", "buyInfoCount": 0, "buyInfoShares": 0, "sellInfoCount": 0, "netInfoCount": 0, "netInfoShares": 0, "netPercentInsiderShares": 0.0, "totalInsiderShares": 615528064}, "insiderTransactions": {"transactions": [{"maxAge": 1, "shares": 14173577, "value": 21190914, "filerUrl": "", "transactionText": "Sale at price 1.50 per share.", "filerName": "President of India", "filerRelation": "Promoter", "moneyText": "", "startDate": "2020-12-18", "ownership": "D"}], "maxAge": 1}, "quoteType": {"exchange": "NSI", "quoteType": "EQUITY", "symbol": "KIOCL.NS", "underlyingSymbol": "KIOCL.NS", "shortName": "KIOCL LTD", "longName": "KIOCL Limited", "firstTradeDateEpochUtc": "2016-11-30 09:15:00", "timeZoneFullName": "Asia/Kolkata", "timeZoneShortName": "IST", "uuid": "d90f9da1-bf59-30ae-b145-7ee49bd8cc79", "gmtOffSetMilliseconds": 19800000, "maxAge": 1}, "incomeStatementHistory": {"incomeStatementHistory": [{"maxAge": 1, "endDate": "2020-03-31", "totalRevenue": 19376479000, "costOfRevenue": 17417677000, "grossProfit": 1958802000, "researchDevelopment": {}, "sellingGeneralAdministrative": 1715186000, "nonRecurring": {}, "otherOperatingExpenses": 421080000, "totalOperatingExpenses": 19828851000, "operatingIncome": -452372000, "totalOtherIncomeExpenseNet": 1089136000, "ebit": -452372000, "interestExpense": -99686000, "incomeBeforeTax": 636764000, "incomeTaxExpense": 201999000, "minorityInterest": {}, "netIncomeFromContinuingOps": 434765000, "discontinuedOperations": {}, "extraordinaryItems": {}, "effectOfAccountingCharges": {}, "otherItems": {}, "netIncome": 434765000, "netIncomeApplicableToCommonShares": 434765000}, {"maxAge": 1, "endDate": "2019-03-31", "totalRevenue": 18877097000, "costOfRevenue": 15920946000, "grossProfit": 2956151000, "researchDevelopment": {}, "sellingGeneralAdministrative": 1821527000, "nonRecurring": {}, "otherOperatingExpenses": 342383000, "totalOperatingExpenses": 18277538000, "operatingIncome": 599559000, "totalOtherIncomeExpenseNet": 1241659000, "ebit": 599559000, "interestExpense": -8026000, "incomeBeforeTax": 1841218000, "incomeTaxExpense": 722632000, "minorityInterest": {}, "netIncomeFromContinuingOps": 1118586000, "discontinuedOperations": {}, "extraordinaryItems": {}, "effectOfAccountingCharges": {}, "otherItems": {}, "netIncome": 1118586000, "netIncomeApplicableToCommonShares": 1118586000}, {"maxAge": 1, "endDate": "2018-03-31", "totalRevenue": 16023531000, "costOfRevenue": 13187417000, "grossProfit": 2836114000, "researchDevelopment": {}, "sellingGeneralAdministrative": 2089190000, "nonRecurring": {}, "otherOperatingExpenses": 1167134000, "totalOperatingExpenses": 16630272000, "operatingIncome": -606741000, "totalOtherIncomeExpenseNet": 1467590000, "ebit": -606741000, "interestExpense": -5013000, "incomeBeforeTax": 860849000, "incomeTaxExpense": 46078000, "minorityInterest": {}, "netIncomeFromContinuingOps": 814771000, "discontinuedOperations": {}, "extraordinaryItems": {}, "effectOfAccountingCharges": {}, "otherItems": {}, "netIncome": 814771000, "netIncomeApplicableToCommonShares": 814771000}, {"maxAge": 1, "endDate": "2017-03-31", "totalRevenue": 8698365000, "costOfRevenue": 7182828000, "grossProfit": 1515537000, "researchDevelopment": {}, "sellingGeneralAdministrative": 1615627000, "nonRecurring": {}, "otherOperatingExpenses": 910754000, "totalOperatingExpenses": 9929372000, "operatingIncome": -1231007000, "totalOtherIncomeExpenseNet": 1543181000, "ebit": -1231007000, "interestExpense": -3245000, "incomeBeforeTax": 312174000, "incomeTaxExpense": -167078000, "minorityInterest": {}, "netIncomeFromContinuingOps": 479252000, "discontinuedOperations": {}, "extraordinaryItems": {}, "effectOfAccountingCharges": {}, "otherItems": {}, "netIncome": 479252000, "netIncomeApplicableToCommonShares": 479252000}], "maxAge": 86400}, "fundOwnership": {"ownershipList": [], "maxAge": 1}, "summaryDetail": {"maxAge": 1, "priceHint": 2, "previousClose": 156.2, "open": 157.0, "dayLow": 155.25, "dayHigh": 170.0, "regularMarketPreviousClose": 156.2, "regularMarketOpen": 157.0, "regularMarketDayLow": 155.25, "regularMarketDayHigh": 170.0, "dividendRate": 0.7, "dividendYield": 0.0045, "exDividendDate": "2020-09-21 05:30:00", "payoutRatio": 0.32560003, "beta": 1.580319, "trailingPE": 76.244774, "volume": 284038, "regularMarketVolume": 284038, "averageVolume": 112417, "averageVolume10days": 96892, "averageDailyVolume10Day": 96892, "bid": 0.0, "ask": 0.0, "bidSize": 0, "askSize": 0, "marketCap": 99580002304, "fiftyTwoWeekLow": 58.05, "fiftyTwoWeekHigh": 190.65, "priceToSalesTrailing12Months": 5.1233563, "fiftyDayAverage": 150.24854, "twoHundredDayAverage": 131.95602, "trailingAnnualDividendRate": 0.7, "trailingAnnualDividendYield": 0.004481434, "currency": "INR", "fromCurrency": null, "lastMarket": null, "algorithm": null, "tradeable": false}, "incomeStatementHistoryQuarterly": {"incomeStatementHistory": [{"maxAge": 1, "endDate": "2020-12-31", "totalRevenue": 5462800000, "costOfRevenue": 4136200000, "grossProfit": 1326600000, "researchDevelopment": {}, "sellingGeneralAdministrative": 477000000, "nonRecurring": {}, "otherOperatingExpenses": 111800000, "totalOperatingExpenses": 4792600000, "operatingIncome": 670200000, "totalOtherIncomeExpenseNet": 190500000, "ebit": 670200000, "interestExpense": -28100000, "incomeBeforeTax": 860700000, "incomeTaxExpense": 222500000, "minorityInterest": {}, "netIncomeFromContinuingOps": 638200000, "discontinuedOperations": {}, "extraordinaryItems": {}, "effectOfAccountingCharges": {}, "otherItems": {}, "netIncome": 638200000, "netIncomeApplicableToCommonShares": 638200000}, {"maxAge": 1, "endDate": "2020-09-30", "totalRevenue": 4609200000, "costOfRevenue": 3753700000, "grossProfit": 855500000, "researchDevelopment": {}, "sellingGeneralAdministrative": 422300000, "nonRecurring": {}, "otherOperatingExpenses": 179100000, "totalOperatingExpenses": 4422500000, "operatingIncome": 186700000, "totalOtherIncomeExpenseNet": 234900000, "ebit": 186700000, "interestExpense": -20300000, "incomeBeforeTax": 421600000, "incomeTaxExpense": 108400000, "minorityInterest": {}, "netIncomeFromContinuingOps": 313200000, "discontinuedOperations": {}, "extraordinaryItems": {}, "effectOfAccountingCharges": {}, "otherItems": {}, "netIncome": 313200000, "netIncomeApplicableToCommonShares": 313200000}, {"maxAge": 1, "endDate": "2020-06-30", "totalRevenue": 4367100000, "costOfRevenue": 3731600000, "grossProfit": 635500000, "researchDevelopment": {}, "sellingGeneralAdministrative": 427900000, "nonRecurring": {}, "otherOperatingExpenses": 164200000, "totalOperatingExpenses": 4390500000, "operatingIncome": -23400000, "totalOtherIncomeExpenseNet": 213100000, "ebit": -23400000, "interestExpense": -25500000, "incomeBeforeTax": 189700000, "incomeTaxExpense": 69500000, "minorityInterest": {}, "netIncomeFromContinuingOps": 120200000, "discontinuedOperations": {}, "extraordinaryItems": {}, "effectOfAccountingCharges": {}, "otherItems": {}, "netIncome": 120200000, "netIncomeApplicableToCommonShares": 120200000}, {"maxAge": 1, "endDate": "2020-03-31", "totalRevenue": 4997479000, "costOfRevenue": 5087877000, "grossProfit": -90398000, "researchDevelopment": {}, "sellingGeneralAdministrative": 492386000, "nonRecurring": {}, "otherOperatingExpenses": -661820000, "totalOperatingExpenses": 4986951000, "operatingIncome": 10528000, "totalOtherIncomeExpenseNet": 316636000, "ebit": 10528000, "interestExpense": -28586000, "incomeBeforeTax": 327164000, "incomeTaxExpense": 62799000, "minorityInterest": {}, "netIncomeFromContinuingOps": 264365000, "discontinuedOperations": {}, "extraordinaryItems": {}, "effectOfAccountingCharges": {}, "otherItems": {}, "netIncome": 264365000, "netIncomeApplicableToCommonShares": 264365000}], "maxAge": 86400}, "cashflowStatementHistoryQuarterly": {"cashflowStatements": [{"maxAge": 1, "endDate": "2020-12-31", "netIncome": 638200000, "changeToLiabilities": 0}, {"maxAge": 1, "endDate": "2020-09-30", "netIncome": 313200000, "changeToLiabilities": 0}, {"maxAge": 1, "endDate": "2020-06-30", "netIncome": 120200000, "changeToLiabilities": 0}, {"maxAge": 1, "endDate": "2020-03-31", "netIncome": 264365000, "changeToLiabilities": 0}], "maxAge": 86400}, "insiderHolders": {"holders": [{"maxAge": 1, "name": "President of India", "relation": "Promoter", "url": "", "transactionDescription": "Sale", "latestTransDate": "2020-12-18", "positionDirect": 601877627, "positionDirectDate": "2020-12-18"}], "maxAge": 1}, "calendarEvents": {"maxAge": 1, "earnings": {"earningsDate": ["2021-02-09 05:30:S"]}, "exDividendDate": "2020-09-21 05:30:00"}, "upgradeDowngradeHistory": {"history": [], "maxAge": 86400}, "price": {"maxAge": 1, "regularMarketChangePercent": 0.04897573, "regularMarketChange": 7.650009, "regularMarketTime": "2021-04-30 15:29:59", "priceHint": 2, "regularMarketPrice": 163.85, "regularMarketDayHigh": 170.0, "regularMarketDayLow": 155.25, "regularMarketVolume": 284038, "averageDailyVolume10Day": 96892, "averageDailyVolume3Month": 112417, "regularMarketPreviousClose": 156.2, "regularMarketSource": "FREE_REALTIME", "regularMarketOpen": 157.0, "exchange": "NSI", "exchangeName": "NSE", "exchangeDataDelayedBy": 15, "marketState": "CLOSED", "quoteType": "EQUITY", "symbol": "KIOCL.NS", "underlyingSymbol": null, "shortName": "KIOCL LTD", "longName": "KIOCL Limited", "currency": "INR", "quoteSourceName": "Delayed Quote", "currencySymbol": "\u20b9", "fromCurrency": null, "lastMarket": null, "marketCap": 99580002304}, "balanceSheetHistory": {"balanceSheetStatements": [{"maxAge": 1, "endDate": "2020-03-31", "cash": 4298009000, "shortTermInvestments": 10794800000, "netReceivables": 1778069000, "inventory": 2568448000, "otherCurrentAssets": 1298164000, "totalCurrentAssets": 20748733000, "propertyPlantEquipment": 2982523000, "intangibleAssets": 15907000, "otherAssets": 69899000, "deferredLongTermAssetCharges": 22700000, "totalAssets": 23817062000, "accountsPayable": 1020573000, "otherCurrentLiab": 290815000, "otherLiab": 917098000, "totalCurrentLiabilities": 2627697000, "totalLiab": 4657780000, "commonStock": 6219256000, "retainedEarnings": 12674766000, "treasuryStock": 265260000, "otherStockholderEquity": 265260000, "totalStockholderEquity": 19159282000, "netTangibleAssets": 19143375000}, {"maxAge": 1, "endDate": "2019-03-31", "cash": 5151944000, "shortTermInvestments": 10315660000, "netReceivables": 1397668000, "inventory": 3088663000, "otherCurrentAssets": 1106998000, "totalCurrentAssets": 21106908000, "longTermInvestments": 9581000, "propertyPlantEquipment": 2039905000, "intangibleAssets": 7029000, "otherAssets": 74017000, "totalAssets": 23227859000, "accountsPayable": 1003965000, "otherCurrentLiab": 156312000, "otherLiab": 958685000, "totalCurrentLiabilities": 2329590000, "totalLiab": 3288275000, "commonStock": 6219256000, "retainedEarnings": 13453002000, "treasuryStock": 267326000, "otherStockholderEquity": 267326000, "totalStockholderEquity": 19939584000, "netTangibleAssets": 19932555000}, {"maxAge": 1, "endDate": "2018-03-31", "cash": 3396456000, "shortTermInvestments": 14921689000, "netReceivables": 1469341000, "inventory": 2327615000, "otherCurrentAssets": 1118360000, "totalCurrentAssets": 23273336000, "propertyPlantEquipment": 2035130000, "intangibleAssets": 4670000, "otherAssets": 266148000, "deferredLongTermAssetCharges": 247869000, "totalAssets": 25579284000, "accountsPayable": 1235974000, "otherCurrentLiab": 153546000, "otherLiab": 1744152000, "totalCurrentLiabilities": 2378792000, "totalLiab": 4122944000, "commonStock": 6345138000, "retainedEarnings": 15078722000, "treasuryStock": 32480000, "otherStockholderEquity": 32480000, "totalStockholderEquity": 21456340000, "netTangibleAssets": 21451670000}, {"maxAge": 1, "endDate": "2017-03-31", "cash": 4925735000, "shortTermInvestments": 13116000000, "netReceivables": 2512674000, "inventory": 1631693000, "otherCurrentAssets": 606687000, "totalCurrentAssets": 22834473000, "propertyPlantEquipment": 2217722000, "otherAssets": 360730000, "deferredLongTermAssetCharges": 334629000, "totalAssets": 25412925000, "accountsPayable": 1496648000, "otherCurrentLiab": 126900000, "otherLiab": 1762472000, "totalCurrentLiabilities": 2634834000, "totalLiab": 4397306000, "commonStock": 6345138000, "retainedEarnings": 14668706000, "treasuryStock": 1775000, "otherStockholderEquity": 1775000, "totalStockholderEquity": 21015619000, "netTangibleAssets": 21015619000}], "maxAge": 86400}, "financialData": {"maxAge": 86400, "currentPrice": 163.85, "recommendationKey": "none", "totalCash": 17617752064, "totalCashPerShare": 28.347, "ebitda": 1080672000, "totalDebt": 1159191040, "totalRevenue": 19436478464, "debtToEquity": 5.916, "revenuePerShare": 31.268, "grossProfits": 1958802000, "revenueGrowth": 0.142, "grossMargins": 0.17177999, "ebitdaMargins": 0.0556, "operatingMargins": 0.04341, "profitMargins": 0.068730004, "financialCurrency": "INR"}}}