{"KIOCL.BO": {"cashflowStatementHistory": {"cashflowStatements": [{"maxAge": 1, "endDate": "2020-03-31", "netIncome": 434765000, "depreciation": 273935000, "changeToNetincome": -765095000, "changeToAccountReceivables": -540483000, "changeToLiabilities": -141902000, "changeToInventory": 520215000, "totalCashFromOperatingActivities": -217592000, "capitalExpenditures": -209396000, "investments": -402208000, "otherCashflowsFromInvestingActivities": 1093061000, "totalCashflowsFromInvestingActivities": 485334000, "dividendsPaid": -827162000, "netBorrowings": -124484000, "otherCashflowsFromFinancingActivities": -170030000, "totalCashFromFinancingActivities": -1121676000, "changeInCash": -853935000}, {"maxAge": 1, "endDate": "2019-03-31", "netIncome": 1118586000, "depreciation": 192555000, "changeToNetincome": -451149000, "changeToAccountReceivables": -139453000, "changeToLiabilities": -1222307000, "changeToInventory": -761048000, "totalCashFromOperatingActivities": -1262689000, "capitalExpenditures": -199816000, "investments": 4800410000, "otherCashflowsFromInvestingActivities": 1207373000, "totalCashflowsFromInvestingActivities": 5812552000, "dividendsPaid": -501266000, "netBorrowings": -124484000, "otherCashflowsFromFinancingActivities": -103040000, "totalCashFromFinancingActivities": -2744306000, "changeInCash": 1805557000, "repurchaseOfStock": -2140000000}, {"maxAge": 1, "endDate": "2018-03-31", "netIncome": 814771000, "depreciation": 186531000, "changeToNetincome": -1349650000, "changeToAccountReceivables": 281445000, "changeToLiabilities": -233939000, "changeToInventory": -695923000, "changeToOperatingActivities": 991000, "totalCashFromOperatingActivities": -964808000, "capitalExpenditures": -23059000, "investments": -1591111000, "otherCashflowsFromInvestingActivities": 1295548000, "totalCashflowsFromInvestingActivities": -159716000, "dividendsPaid": -336293000, "netBorrowings": -124484000, "otherCashflowsFromFinancingActivities": -68462000, "totalCashFromFinancingActivities": -404755000, "changeInCash": -1529279000, "repurchaseOfStock": -2140000000}, {"maxAge": 1, "endDate": "2017-03-31", "netIncome": 479252000, "depreciation": 220163000, "changeToNetincome": -1612766000, "changeToAccountReceivables": -1847660000, "changeToLiabilities": 1153022000, "changeToInventory": -997003000, "changeToOperatingActivities": -7653000, "totalCashFromOperatingActivities": -2600723000, "capitalExpenditures": -48556000, "investments": 1443556000, "otherCashflowsFromInvestingActivities": 1609106000, "totalCashflowsFromInvestingActivities": 3011294000, "dividendsPaid": -69797000, "netBorrowings": -124484000, "otherCashflowsFromFinancingActivities": -14605000, "totalCashFromFinancingActivities": -84402000, "changeInCash": 326169000, "repurchaseOfStock": -2140000000}], "maxAge": 86400}, "institutionOwnership": {"ownershipList": [], "maxAge": 1}, "balanceSheetHistoryQuarterly": {"balanceSheetStatements": [{"maxAge": 1, "endDate": "2020-06-30", "totalStockholderEquity": 19159282000, "netTangibleAssets": 19143375000}, {"maxAge": 1, "endDate": "2020-03-31", "cash": 4298009000, "shortTermInvestments": 10794800000, "netReceivables": 1778069000, "inventory": 2568448000, "otherCurrentAssets": 1298164000, "totalCurrentAssets": 20748733000, "propertyPlantEquipment": 2982523000, "intangibleAssets": 15907000, "otherAssets": 69899000, "deferredLongTermAssetCharges": 22700000, "totalAssets": 23817062000, "accountsPayable": 1020573000, "otherCurrentLiab": 290815000, "otherLiab": 917098000, "totalCurrentLiabilities": 2627697000, "totalLiab": 4657780000, "commonStock": 6219256000, "retainedEarnings": 12674766000, "treasuryStock": 265260000, "otherStockholderEquity": 265260000, "totalStockholderEquity": 19159282000, "netTangibleAssets": 19143375000}, {"maxAge": 1, "endDate": "2019-12-31", "totalStockholderEquity": 18951984000, "netTangibleAssets": 18938244000}, {"maxAge": 1, "endDate": "2019-09-30", "cash": 16421213000, "shortTermInvestments": 100580000, "netReceivables": 595603000, "inventory": 2633827000, "otherCurrentAssets": 1431802000, "totalCurrentAssets": 21183025000, "propertyPlantEquipment": 3012341000, "intangibleAssets": 13740000, "otherAssets": 62464000, "deferredLongTermAssetCharges": 8560000, "totalAssets": 24271570000, "accountsPayable": 1449383000, "otherCurrentLiab": 1714325000, "otherLiab": 861139000, "totalCurrentLiabilities": 3312061000, "totalLiab": 5319586000, "commonStock": 6219256000, "treasuryStock": 12732728000, "otherStockholderEquity": 12732728000, "totalStockholderEquity": 18951984000, "netTangibleAssets": 18938244000}], "maxAge": 86400}, "indexTrend": {"maxAge": 1, "symbol": "SP5", "peRatio": 19.7411, "pegRatio": 1.34172, "estimates": [{"period": "0q", "growth": 0.549}, {"period": "+1q", "growth": 0.431}, {"period": "0y", "growth": 0.305}, {"period": "+1y", "growth": 0.109}, {"period": "+5y", "growth": 0.120865}, {"period": "-5y"}]}, "quoteType": {"exchange": "BSE", "quoteType": "EQUITY", "symbol": "KIOCL.BO", "underlyingSymbol": "KIOCL.BO", "shortName": "KIOCL Limited", "longName": "KIOCL Limited", "firstTradeDateEpochUtc": "2017-08-22 09:15:00", "timeZoneFullName": "Asia/Kolkata", "timeZoneShortName": "IST", "uuid": "518296f1-2ffd-3290-910e-b6f9d3052449", "gmtOffSetMilliseconds": 19800000, "maxAge": 1}, "incomeStatementHistory": {"incomeStatementHistory": [{"maxAge": 1, "endDate": "2020-03-31", "totalRevenue": 19376479000, "costOfRevenue": 17417677000, "grossProfit": 1958802000, "researchDevelopment": {}, "sellingGeneralAdministrative": 1715186000, "nonRecurring": {}, "otherOperatingExpenses": 421080000, "totalOperatingExpenses": 19828851000, "operatingIncome": -452372000, "totalOtherIncomeExpenseNet": 1089136000, "ebit": -452372000, "interestExpense": -99686000, "incomeBeforeTax": 636764000, "incomeTaxExpense": 201999000, "minorityInterest": {}, "netIncomeFromContinuingOps": 434765000, "discontinuedOperations": {}, "extraordinaryItems": {}, "effectOfAccountingCharges": {}, "otherItems": {}, "netIncome": 434765000, "netIncomeApplicableToCommonShares": 434765000}, {"maxAge": 1, "endDate": "2019-03-31", "totalRevenue": 18877097000, "costOfRevenue": 15920946000, "grossProfit": 2956151000, "researchDevelopment": {}, "sellingGeneralAdministrative": 1821527000, "nonRecurring": {}, "otherOperatingExpenses": 342383000, "totalOperatingExpenses": 18277538000, "operatingIncome": 599559000, "totalOtherIncomeExpenseNet": 1241659000, "ebit": 599559000, "interestExpense": -8026000, "incomeBeforeTax": 1841218000, "incomeTaxExpense": 722632000, "minorityInterest": {}, "netIncomeFromContinuingOps": 1118586000, "discontinuedOperations": {}, "extraordinaryItems": {}, "effectOfAccountingCharges": {}, "otherItems": {}, "netIncome": 1118586000, "netIncomeApplicableToCommonShares": 1118586000}, {"maxAge": 1, "endDate": "2018-03-31", "totalRevenue": 16023531000, "costOfRevenue": 13187417000, "grossProfit": 2836114000, "researchDevelopment": {}, "sellingGeneralAdministrative": 2089190000, "nonRecurring": {}, "otherOperatingExpenses": 1167134000, "totalOperatingExpenses": 16630272000, "operatingIncome": -606741000, "totalOtherIncomeExpenseNet": 1467590000, "ebit": -606741000, "interestExpense": -5013000, "incomeBeforeTax": 860849000, "incomeTaxExpense": 46078000, "minorityInterest": {}, "netIncomeFromContinuingOps": 814771000, "discontinuedOperations": {}, "extraordinaryItems": {}, "effectOfAccountingCharges": {}, "otherItems": {}, "netIncome": 814771000, "netIncomeApplicableToCommonShares": 814771000}, {"maxAge": 1, "endDate": "2017-03-31", "totalRevenue": 8698365000, "costOfRevenue": 7182828000, "grossProfit": 1515537000, "researchDevelopment": {}, "sellingGeneralAdministrative": 1615627000, "nonRecurring": {}, "otherOperatingExpenses": 910754000, "totalOperatingExpenses": 9929372000, "operatingIncome": -1231007000, "totalOtherIncomeExpenseNet": 1543181000, "ebit": -1231007000, "interestExpense": -3245000, "incomeBeforeTax": 312174000, "incomeTaxExpense": -167078000, "minorityInterest": {}, "netIncomeFromContinuingOps": 479252000, "discontinuedOperations": {}, "extraordinaryItems": {}, "effectOfAccountingCharges": {}, "otherItems": {}, "netIncome": 479252000, "netIncomeApplicableToCommonShares": 479252000}], "maxAge": 86400}, "fundOwnership": {"ownershipList": [], "maxAge": 1}, "summaryDetail": {"maxAge": 1, "priceHint": 2, "previousClose": 156.8, "open": 156.0, "dayLow": 155.0, "dayHigh": 169.4, "regularMarketPreviousClose": 156.8, "regularMarketOpen": 156.0, "regularMarketDayLow": 155.0, "regularMarketDayHigh": 169.4, "trailingPE": 261.52, "volume": 50011, "regularMarketVolume": 50011, "averageVolume": 14715, "averageVolume10days": 6197, "averageDailyVolume10Day": 6197, "bid": 163.45, "ask": 0.0, "bidSize": 0, "askSize": 0, "marketCap": 102620274688, "fiftyTwoWeekLow": 46.35, "fiftyTwoWeekHigh": 169.5, "fiftyDayAverage": 137.67575, "twoHundredDayAverage": 126.43934, "trailingAnnualDividendRate": 0.7, "trailingAnnualDividendYield": 0.0044642854, "currency": "INR", "fromCurrency": null, "lastMarket": null, "algorithm": null, "tradeable": false}, "incomeStatementHistoryQuarterly": {"incomeStatementHistory": [{"maxAge": 1, "endDate": "2020-06-30", "totalRevenue": 4367100000, "costOfRevenue": 3731600000, "grossProfit": 635500000, "researchDevelopment": {}, "sellingGeneralAdministrative": 427900000, "nonRecurring": {}, "otherOperatingExpenses": 164200000, "totalOperatingExpenses": 4390500000, "operatingIncome": -23400000, "totalOtherIncomeExpenseNet": 213100000, "ebit": -23400000, "interestExpense": -25500000, "incomeBeforeTax": 189700000, "incomeTaxExpense": 69500000, "minorityInterest": {}, "netIncomeFromContinuingOps": 120200000, "discontinuedOperations": {}, "extraordinaryItems": {}, "effectOfAccountingCharges": {}, "otherItems": {}, "netIncome": 120200000, "netIncomeApplicableToCommonShares": 120200000}, {"maxAge": 1, "endDate": "2020-03-31", "totalRevenue": 4997479000, "costOfRevenue": 5087877000, "grossProfit": -90398000, "researchDevelopment": {}, "sellingGeneralAdministrative": 492386000, "nonRecurring": {}, "otherOperatingExpenses": -661820000, "totalOperatingExpenses": 4986951000, "operatingIncome": 10528000, "totalOtherIncomeExpenseNet": 316636000, "ebit": 10528000, "interestExpense": -28586000, "incomeBeforeTax": 327164000, "incomeTaxExpense": 62799000, "minorityInterest": {}, "netIncomeFromContinuingOps": 264365000, "discontinuedOperations": {}, "extraordinaryItems": {}, "effectOfAccountingCharges": {}, "otherItems": {}, "netIncome": 264365000, "netIncomeApplicableToCommonShares": 264365000}, {"maxAge": 1, "endDate": "2019-12-31", "totalRevenue": 4782400000, "costOfRevenue": 4283800000, "grossProfit": 498600000, "researchDevelopment": {}, "sellingGeneralAdministrative": 375400000, "nonRecurring": {}, "otherOperatingExpenses": 369700000, "totalOperatingExpenses": 5102300000, "operatingIncome": -319900000, "totalOtherIncomeExpenseNet": 290500000, "ebit": -319900000, "interestExpense": -22600000, "incomeBeforeTax": -29400000, "incomeTaxExpense": 7200000, "minorityInterest": {}, "netIncomeFromContinuingOps": -36600000, "discontinuedOperations": {}, "extraordinaryItems": {}, "effectOfAccountingCharges": {}, "otherItems": {}, "netIncome": -36600000, "netIncomeApplicableToCommonShares": -36600000}, {"maxAge": 1, "endDate": "2019-09-30", "totalRevenue": 3612200000, "costOfRevenue": 2923200000, "grossProfit": 689000000, "researchDevelopment": {}, "sellingGeneralAdministrative": 419700000, "nonRecurring": {}, "otherOperatingExpenses": 317500000, "totalOperatingExpenses": 3726900000, "operatingIncome": -114700000, "totalOtherIncomeExpenseNet": 222900000, "ebit": -114700000, "interestExpense": -25300000, "incomeBeforeTax": 108200000, "incomeTaxExpense": 67500000, "minorityInterest": {}, "netIncomeFromContinuingOps": 40700000, "discontinuedOperations": {}, "extraordinaryItems": {}, "effectOfAccountingCharges": {}, "otherItems": {}, "netIncome": 40700000, "netIncomeApplicableToCommonShares": 40700000}], "maxAge": 86400}, "cashflowStatementHistoryQuarterly": {"cashflowStatements": [{"maxAge": 1, "endDate": "2020-06-30", "netIncome": 120200000, "changeToLiabilities": 0}, {"maxAge": 1, "endDate": "2020-03-31", "netIncome": 264365000, "changeToLiabilities": 0}, {"maxAge": 1, "endDate": "2019-12-31", "netIncome": -36600000, "changeToLiabilities": 0}, {"maxAge": 1, "endDate": "2019-09-30", "netIncome": 40700000, "changeToLiabilities": 0}], "maxAge": 86400}, "insiderHolders": {"holders": [], "maxAge": 1}, "calendarEvents": {"maxAge": 1, "earnings": {"earningsDate": []}}, "upgradeDowngradeHistory": {"history": [], "maxAge": 86400}, "price": {"maxAge": 1, "regularMarketChangePercent": 0.042410675, "regularMarketChange": 6.649994, "regularMarketTime": "2021-04-30 15:50:12", "priceHint": 2, "regularMarketPrice": 163.45, "regularMarketDayHigh": 169.4, "regularMarketDayLow": 155.0, "regularMarketVolume": 50011, "averageDailyVolume10Day": 6197, "averageDailyVolume3Month": 14715, "regularMarketPreviousClose": 156.8, "regularMarketSource": "FREE_REALTIME", "regularMarketOpen": 156.0, "exchange": "BSE", "exchangeName": "BSE", "exchangeDataDelayedBy": 0, "marketState": "CLOSED", "quoteType": "EQUITY", "symbol": "KIOCL.BO", "underlyingSymbol": null, "shortName": "KIOCL Limited", "longName": "KIOCL Limited", "currency": "INR", "quoteSourceName": "Delayed Quote", "currencySymbol": "\u20b9", "fromCurrency": null, "lastMarket": null, "marketCap": 102620274688}, "balanceSheetHistory": {"balanceSheetStatements": [{"maxAge": 1, "endDate": "2020-03-31", "cash": 4298009000, "shortTermInvestments": 10794800000, "netReceivables": 1778069000, "inventory": 2568448000, "otherCurrentAssets": 1298164000, "totalCurrentAssets": 20748733000, "propertyPlantEquipment": 2982523000, "intangibleAssets": 15907000, "otherAssets": 69899000, "deferredLongTermAssetCharges": 22700000, "totalAssets": 23817062000, "accountsPayable": 1020573000, "otherCurrentLiab": 290815000, "otherLiab": 917098000, "totalCurrentLiabilities": 2627697000, "totalLiab": 4657780000, "commonStock": 6219256000, "retainedEarnings": 12674766000, "treasuryStock": 265260000, "otherStockholderEquity": 265260000, "totalStockholderEquity": 19159282000, "netTangibleAssets": 19143375000}, {"maxAge": 1, "endDate": "2019-03-31", "cash": 5151944000, "shortTermInvestments": 10315660000, "netReceivables": 1397668000, "inventory": 3088663000, "otherCurrentAssets": 1106998000, "totalCurrentAssets": 21106908000, "longTermInvestments": 9581000, "propertyPlantEquipment": 2039905000, "intangibleAssets": 7029000, "otherAssets": 74017000, "totalAssets": 23227859000, "accountsPayable": 1003965000, "otherCurrentLiab": 156312000, "otherLiab": 958685000, "totalCurrentLiabilities": 2329590000, "totalLiab": 3288275000, "commonStock": 6219256000, "retainedEarnings": 13453002000, "treasuryStock": 267326000, "otherStockholderEquity": 267326000, "totalStockholderEquity": 19939584000, "netTangibleAssets": 19932555000}, {"maxAge": 1, "endDate": "2018-03-31", "cash": 3396456000, "shortTermInvestments": 14921689000, "netReceivables": 1469341000, "inventory": 2327615000, "otherCurrentAssets": 1118360000, "totalCurrentAssets": 23273336000, "propertyPlantEquipment": 2035130000, "intangibleAssets": 4670000, "otherAssets": 266148000, "deferredLongTermAssetCharges": 247869000, "totalAssets": 25579284000, "accountsPayable": 1235974000, "otherCurrentLiab": 153546000, "otherLiab": 1744152000, "totalCurrentLiabilities": 2378792000, "totalLiab": 4122944000, "commonStock": 6345138000, "retainedEarnings": 15078722000, "treasuryStock": 32480000, "otherStockholderEquity": 32480000, "totalStockholderEquity": 21456340000, "netTangibleAssets": 21451670000}, {"maxAge": 1, "endDate": "2017-03-31", "cash": 4925735000, "shortTermInvestments": 13116000000, "netReceivables": 2512674000, "inventory": 1631693000, "otherCurrentAssets": 606687000, "totalCurrentAssets": 22834473000, "propertyPlantEquipment": 2217722000, "otherAssets": 360730000, "deferredLongTermAssetCharges": 334629000, "totalAssets": 25412925000, "accountsPayable": 1496648000, "otherCurrentLiab": 126900000, "otherLiab": 1762472000, "totalCurrentLiabilities": 2634834000, "totalLiab": 4397306000, "commonStock": 6345138000, "retainedEarnings": 14668706000, "treasuryStock": 1775000, "otherStockholderEquity": 1775000, "totalStockholderEquity": 21015619000, "netTangibleAssets": 21015619000}], "maxAge": 86400}, "financialData": {"maxAge": 86400, "currentPrice": 163.45, "recommendationKey": "none", "grossProfits": 1958802000, "financialCurrency": "INR"}}}