{"KIRIINDUS.BO": {"recommendationTrend": {"trend": [{"period": "0m", "strongBuy": 0, "buy": 0, "hold": 0, "sell": 0, "strongSell": 0}, {"period": "-1m", "strongBuy": 0, "buy": 0, "hold": 0, "sell": 0, "strongSell": 0}, {"period": "-2m", "strongBuy": 0, "buy": 0, "hold": 0, "sell": 0, "strongSell": 0}, {"period": "-3m", "strongBuy": 0, "buy": 0, "hold": 0, "sell": 0, "strongSell": 0}], "maxAge": 86400}, "cashflowStatementHistory": {"cashflowStatements": [{"maxAge": 1, "endDate": "2020-03-31", "netIncome": 3755034000, "depreciation": 443442000, "changeToNetincome": -2808592000, "changeToAccountReceivables": -652353000, "changeToLiabilities": 172109000, "changeToInventory": 258546000, "changeToOperatingActivities": 73772000, "totalCashFromOperatingActivities": 1242499000, "capitalExpenditures": -1131118000, "otherCashflowsFromInvestingActivities": 52875000, "totalCashflowsFromInvestingActivities": -1042110000, "dividendsPaid": -62688000, "netBorrowings": -142591000, "otherCashflowsFromFinancingActivities": -88636000, "totalCashFromFinancingActivities": -266526000, "changeInCash": -66140000, "issuanceOfStock": 27389000}, {"maxAge": 1, "endDate": "2019-03-31", "netIncome": 1641154000, "depreciation": 374897000, "changeToNetincome": -68605000, "changeToAccountReceivables": -417587000, "changeToLiabilities": 331061000, "changeToInventory": -494764000, "changeToOperatingActivities": 47568000, "totalCashFromOperatingActivities": 1414411000, "capitalExpenditures": -1153551000, "otherCashflowsFromInvestingActivities": 26534000, "totalCashflowsFromInvestingActivities": -1191191000, "dividendsPaid": -62688000, "netBorrowings": -107333000, "otherCashflowsFromFinancingActivities": -50849000, "totalCashFromFinancingActivities": -158182000, "changeInCash": 65039000, "issuanceOfStock": 27389000}, {"maxAge": 1, "endDate": "2018-03-31", "netIncome": 3580213000, "depreciation": 339914000, "changeToNetincome": -2239365000, "changeToAccountReceivables": -679086000, "changeToLiabilities": -158968000, "changeToInventory": -365748000, "changeToOperatingActivities": 164904000, "totalCashFromOperatingActivities": 642631000, "capitalExpenditures": -657196000, "investments": 1761000, "otherCashflowsFromInvestingActivities": 15908000, "totalCashflowsFromInvestingActivities": -656455000, "dividendsPaid": -62688000, "netBorrowings": -89991000, "otherCashflowsFromFinancingActivities": -36111000, "totalCashFromFinancingActivities": 16993000, "changeInCash": 3169000, "issuanceOfStock": 143095000}, {"maxAge": 1, "endDate": "2017-03-31", "netIncome": 2656171000, "depreciation": 290546000, "changeToNetincome": -1367429000, "changeToAccountReceivables": 1059765000, "changeToLiabilities": -104440000, "changeToInventory": 32759000, "changeToOperatingActivities": -395590000, "totalCashFromOperatingActivities": 2172316000, "capitalExpenditures": -1032147000, "investments": 178000, "otherCashflowsFromInvestingActivities": 24801000, "totalCashflowsFromInvestingActivities": -1050953000, "dividendsPaid": -62688000, "netBorrowings": -2399148000, "otherCashflowsFromFinancingActivities": 1178795000, "totalCashFromFinancingActivities": -1191505000, "changeInCash": -70142000, "issuanceOfStock": 28848000}], "maxAge": 86400}, "institutionOwnership": {"ownershipList": [], "maxAge": 1}, "balanceSheetHistoryQuarterly": {"balanceSheetStatements": [{"maxAge": 1, "endDate": "2020-06-30", "totalStockholderEquity": 19334316000, "netTangibleAssets": 19278249000}, {"maxAge": 1, "endDate": "2020-03-31", "cash": 125209000, "shortTermInvestments": 19960000, "netReceivables": 3375028000, "inventory": 1426966000, "otherCurrentAssets": 158426000, "totalCurrentAssets": 5118660000, "longTermInvestments": 12140377000, "propertyPlantEquipment": 5846896000, "intangibleAssets": 56067000, "otherAssets": 875666000, "totalAssets": 24037666000, "accountsPayable": 2182621000, "shortLongTermDebt": 532827000, "otherCurrentLiab": 712718000, "longTermDebt": 959603000, "otherLiab": 204373000, "totalCurrentLiabilities": 3539374000, "totalLiab": 4703350000, "commonStock": 336206000, "retainedEarnings": 13685856000, "treasuryStock": 496268000, "capitalSurplus": 4815986000, "otherStockholderEquity": 496268000, "totalStockholderEquity": 19334316000, "netTangibleAssets": 19278249000}, {"maxAge": 1, "endDate": "2019-12-31", "totalStockholderEquity": 16862481000, "netTangibleAssets": 16798910000}, {"maxAge": 1, "endDate": "2019-09-30", "cash": 129610000, "shortTermInvestments": 49089000, "netReceivables": 2612120000, "inventory": 1646973000, "otherCurrentAssets": 391281000, "totalCurrentAssets": 4829073000, "longTermInvestments": 10075924000, "propertyPlantEquipment": 5601319000, "intangibleAssets": 63571000, "otherAssets": 980063000, "deferredLongTermAssetCharges": 20992000, "totalAssets": 21549950000, "accountsPayable": 1939969000, "otherCurrentLiab": 1019462000, "longTermDebt": 1483645000, "otherLiab": 209716000, "totalCurrentLiabilities": 2994108000, "totalLiab": 4687469000, "commonStock": 336206000, "treasuryStock": 16526275000, "otherStockholderEquity": 16526275000, "totalStockholderEquity": 16862481000, "netTangibleAssets": 16798910000}], "maxAge": 86400}, "earningsHistory": {"history": [{"maxAge": 1, "epsActual": {}, "epsEstimate": {}, "epsDifference": {}, "surprisePercent": {}, "quarter": {}, "period": "-4q"}, {"maxAge": 1, "epsActual": {}, "epsEstimate": {}, "epsDifference": {}, "surprisePercent": {}, "quarter": {}, "period": "-3q"}, {"maxAge": 1, "epsActual": {}, "epsEstimate": {}, "epsDifference": {}, "surprisePercent": {}, "quarter": {}, "period": "-2q"}, {"maxAge": 1, "epsActual": 16.64, "epsEstimate": 30.26, "epsDifference": -13.62, "surprisePercent": -0.45, "quarter": "2018-06-30", "period": "-1q"}], "maxAge": 86400}, "indexTrend": {"maxAge": 1, "symbol": "SP5", "peRatio": 19.7411, "pegRatio": 1.34172, "estimates": [{"period": "0q", "growth": 0.549}, {"period": "+1q", "growth": 0.431}, {"period": "0y", "growth": 0.305}, {"period": "+1y", "growth": 0.109}, {"period": "+5y", "growth": 0.120865}, {"period": "-5y"}]}, "industryTrend": {"maxAge": 1, "symbol": null, "estimates": []}, "insiderTransactions": {"transactions": [{"maxAge": 1, "shares": 0, "filerUrl": "", "transactionText": "", "filerName": "Equinaire Chemtech L.L.P.", "filerRelation": "Institution- Corporation", "moneyText": "", "startDate": "2018-04-02", "ownership": "I"}, {"maxAge": 1, "shares": 3500000, "filerUrl": "", "transactionText": "", "filerName": "Equinaire Chemtech L.L.P.", "filerRelation": "Institution- Corporation", "moneyText": "", "startDate": "2016-10-04", "ownership": "D"}, {"maxAge": 1, "shares": 1294000, "filerUrl": "", "transactionText": "", "filerName": "Kiri (Anupama Manishkumar)", "filerRelation": "Promoter", "moneyText": "", "startDate": "2016-04-08", "ownership": "D"}, {"maxAge": 1, "shares": 4364968, "filerUrl": "", "transactionText": "", "filerName": "Kiri (Anupama Manishkumar)", "filerRelation": "Promoter", "moneyText": "", "startDate": "2015-09-15", "ownership": "D"}, {"maxAge": 1, "shares": 109375, "filerUrl": "", "transactionText": "", "filerName": "GMO Emerging Markets Fund", "filerRelation": "Investment Advisor", "moneyText": "", "startDate": "2013-09-26", "ownership": "D"}, {"maxAge": 1, "shares": 18402, "filerUrl": "", "transactionText": "", "filerName": "GMO Emerging Markets Fund", "filerRelation": "Investment Advisor", "moneyText": "", "startDate": "2013-03-04", "ownership": "D"}, {"maxAge": 1, "shares": 1663554, "filerUrl": "", "transactionText": "", "filerName": "Kiri (Pravinchandra Amratlal)", "filerRelation": "Executive Chairman", "moneyText": "", "startDate": "2012-08-30", "ownership": "D"}, {"maxAge": 1, "shares": 22085, "filerUrl": "", "transactionText": "", "filerName": "Kiri (Manishkumar Pravinchandra)", "filerRelation": "Managing Director", "moneyText": "", "startDate": "2012-01-03", "ownership": "D"}, {"maxAge": 1, "shares": 14500, "filerUrl": "", "transactionText": "", "filerName": "Kiri (Anupama Manishkumar)", "filerRelation": "Promoter", "moneyText": "", "startDate": "2011-09-22", "ownership": "D"}, {"maxAge": 1, "shares": 13000, "filerUrl": "", "transactionText": "", "filerName": "Kiri (Aruna P.)", "filerRelation": "Promoter", "moneyText": "", "startDate": "2011-08-26", "ownership": "D"}, {"maxAge": 1, "shares": 48000, "filerUrl": "", "transactionText": "", "filerName": "Kiri (Pravinchandra Amratlal)", "filerRelation": "Executive Chairman", "moneyText": "", "startDate": "2011-08-24", "ownership": "D"}, {"maxAge": 1, "shares": 27905, "filerUrl": "", "transactionText": "", "filerName": "Kiri (Manishkumar Pravinchandra)", "filerRelation": "Managing Director", "moneyText": "", "startDate": "2011-08-23", "ownership": "D"}, {"maxAge": 1, "shares": 13265, "filerUrl": "", "transactionText": "", "filerName": "Kiri (Anupama Manishkumar)", "filerRelation": "Promoter", "moneyText": "", "startDate": "2011-08-23", "ownership": "D"}, {"maxAge": 1, "shares": 392, "filerUrl": "", "transactionText": "", "filerName": "Victorian Funds Management Corporation", "filerRelation": "UNREPORTED", "moneyText": "", "startDate": "2011-01-07", "ownership": "D"}, {"maxAge": 1, "shares": 838, "filerUrl": "", "transactionText": "", "filerName": "Massachusetts Pension Reserves Investment Mgmt Bd.", "filerRelation": "UNREPORTED", "moneyText": "", "startDate": "2011-01-05", "ownership": "D"}, {"maxAge": 1, "shares": 208, "filerUrl": "", "transactionText": "", "filerName": "Victorian Funds Management Corporation", "filerRelation": "UNREPORTED", "moneyText": "", "startDate": "2011-01-05", "ownership": "D"}, {"maxAge": 1, "shares": 2365, "filerUrl": "", "transactionText": "", "filerName": "Massachusetts Pension Reserves Investment Mgmt Bd.", "filerRelation": "UNREPORTED", "moneyText": "", "startDate": "2011-01-03", "ownership": "D"}, {"maxAge": 1, "shares": 587, "filerUrl": "", "transactionText": "", "filerName": "Victorian Funds Management Corporation", "filerRelation": "UNREPORTED", "moneyText": "", "startDate": "2011-01-03", "ownership": "D"}, {"maxAge": 1, "shares": 1824, "filerUrl": "", "transactionText": "", "filerName": "Massachusetts Pension Reserves Investment Mgmt Bd.", "filerRelation": "UNREPORTED", "moneyText": "", "startDate": "2010-12-31", "ownership": "D"}, {"maxAge": 1, "shares": 453, "filerUrl": "", "transactionText": "", "filerName": "Victorian Funds Management Corporation", "filerRelation": "UNREPORTED", "moneyText": "", "startDate": "2010-12-31", "ownership": "D"}, {"maxAge": 1, "shares": 1301, "filerUrl": "", "transactionText": "", "filerName": "Massachusetts Pension Reserves Investment Mgmt Bd.", "filerRelation": "UNREPORTED", "moneyText": "", "startDate": "2010-12-30", "ownership": "D"}, {"maxAge": 1, "shares": 323, "filerUrl": "", "transactionText": "", "filerName": "Victorian Funds Management Corporation", "filerRelation": "UNREPORTED", "moneyText": "", "startDate": "2010-12-30", "ownership": "D"}, {"maxAge": 1, "shares": 586, "filerUrl": "", "transactionText": "", "filerName": "Massachusetts Pension Reserves Investment Mgmt Bd.", "filerRelation": "UNREPORTED", "moneyText": "", "startDate": "2010-12-27", "ownership": "D"}, {"maxAge": 1, "shares": 145, "filerUrl": "", "transactionText": "", "filerName": "Victorian Funds Management Corporation", "filerRelation": "UNREPORTED", "moneyText": "", "startDate": "2010-12-27", "ownership": "D"}, {"maxAge": 1, "shares": 144, "filerUrl": "", "transactionText": "", "filerName": "Massachusetts Pension Reserves Investment Mgmt Bd.", "filerRelation": "UNREPORTED", "moneyText": "", "startDate": "2010-12-24", "ownership": "D"}, {"maxAge": 1, "shares": 36, "filerUrl": "", "transactionText": "", "filerName": "Victorian Funds Management Corporation", "filerRelation": "UNREPORTED", "moneyText": "", "startDate": "2010-12-24", "ownership": "D"}, {"maxAge": 1, "shares": 344, "filerUrl": "", "transactionText": "", "filerName": "Massachusetts Pension Reserves Investment Mgmt Bd.", "filerRelation": "UNREPORTED", "moneyText": "", "startDate": "2010-12-23", "ownership": "D"}, {"maxAge": 1, "shares": 85, "filerUrl": "", "transactionText": "", "filerName": "Victorian Funds Management Corporation", "filerRelation": "UNREPORTED", "moneyText": "", "startDate": "2010-12-23", "ownership": "D"}, {"maxAge": 1, "shares": 1030, "filerUrl": "", "transactionText": "", "filerName": "Massachusetts Pension Reserves Investment Mgmt Bd.", "filerRelation": "UNREPORTED", "moneyText": "", "startDate": "2010-12-22", "ownership": "D"}, {"maxAge": 1, "shares": 258, "filerUrl": "", "transactionText": "", "filerName": "Victorian Funds Management Corporation", "filerRelation": "UNREPORTED", "moneyText": "", "startDate": "2010-12-22", "ownership": "D"}, {"maxAge": 1, "shares": 212, "filerUrl": "", "transactionText": "", "filerName": "Victorian Funds Management Corporation", "filerRelation": "UNREPORTED", "moneyText": "", "startDate": "2010-12-21", "ownership": "D"}, {"maxAge": 1, "shares": 861, "filerUrl": "", "transactionText": "", "filerName": "Massachusetts Pension Reserves Investment Mgmt Bd.", "filerRelation": "UNREPORTED", "moneyText": "", "startDate": "2010-12-21", "ownership": "D"}, {"maxAge": 1, "shares": 9905, "filerUrl": "", "transactionText": "", "filerName": "Kiri (Manishkumar Pravinchandra)", "filerRelation": "Managing Director", "moneyText": "", "startDate": "2010-12-10", "ownership": "D"}, {"maxAge": 1, "shares": 49115, "filerUrl": "", "transactionText": "", "filerName": "Massachusetts Pension Reserves Investment Mgmt Bd.", "filerRelation": "UNREPORTED", "moneyText": "", "startDate": "2010-11-01", "ownership": "D"}, {"maxAge": 1, "shares": 13512, "filerUrl": "", "transactionText": "", "filerName": "Victorian Funds Management Corporation", "filerRelation": "UNREPORTED", "moneyText": "", "startDate": "2010-11-01", "ownership": "D"}, {"maxAge": 1, "shares": 50000, "filerUrl": "", "transactionText": "", "filerName": "Kiri (Pravinchandra Amratlal)", "filerRelation": "Executive Chairman", "moneyText": "", "startDate": "2010-06-30", "ownership": "D"}, {"maxAge": 1, "shares": 50000, "filerUrl": "", "transactionText": "", "filerName": "Kiri (Manishkumar Pravinchandra)", "filerRelation": "Managing Director", "moneyText": "", "startDate": "2010-06-30", "ownership": "D"}, {"maxAge": 1, "shares": 83904, "filerUrl": "", "transactionText": "", "filerName": "Kiri (Manishkumar Pravinchandra)", "filerRelation": "Managing Director", "moneyText": "", "startDate": "2010-06-29", "ownership": "D"}, {"maxAge": 1, "shares": 95000, "filerUrl": "", "transactionText": "", "filerName": "Kiri (Pravinchandra Amratlal)", "filerRelation": "Executive Chairman", "moneyText": "", "startDate": "2010-06-29", "ownership": "D"}, {"maxAge": 1, "shares": 2687, "filerUrl": "", "transactionText": "", "filerName": "Kiri (Manishkumar Pravinchandra)", "filerRelation": "Managing Director", "moneyText": "", "startDate": "2010-06-23", "ownership": "D"}, {"maxAge": 1, "shares": 2000, "filerUrl": "", "transactionText": "", "filerName": "Kiri (Pravinchandra Amratlal)", "filerRelation": "Executive Chairman", "moneyText": "", "startDate": "2010-06-23", "ownership": "D"}, {"maxAge": 1, "shares": 141957, "filerUrl": "", "transactionText": "", "filerName": "Kiri (Manishkumar Pravinchandra)", "filerRelation": "Managing Director", "moneyText": "", "startDate": "2010-06-22", "ownership": "D"}, {"maxAge": 1, "shares": 50000, "filerUrl": "", "transactionText": "", "filerName": "Kiri (Pravinchandra Amratlal)", "filerRelation": "Executive Chairman", "moneyText": "", "startDate": "2010-06-22", "ownership": "D"}, {"maxAge": 1, "shares": 98598, "filerUrl": "", "transactionText": "", "filerName": "Kiri (Pravinchandra Amratlal)", "filerRelation": "Executive Chairman", "moneyText": "", "startDate": "2010-06-22", "ownership": "D"}, {"maxAge": 1, "shares": 144948, "filerUrl": "", "transactionText": "", "filerName": "Kiri (Manishkumar Pravinchandra)", "filerRelation": "Managing Director", "moneyText": "", "startDate": "2010-06-15", "ownership": "D"}, {"maxAge": 1, "shares": 200000, "filerUrl": "", "transactionText": "", "filerName": "Kiri (Manishkumar Pravinchandra)", "filerRelation": "Managing Director", "moneyText": "", "startDate": "2010-06-02", "ownership": "D"}, {"maxAge": 1, "shares": 371, "filerUrl": "", "transactionText": "", "filerName": "Kiri (Manishkumar Pravinchandra)", "filerRelation": "Managing Director", "moneyText": "", "startDate": "2009-11-26", "ownership": "D"}, {"maxAge": 1, "shares": 4000, "filerUrl": "", "transactionText": "", "filerName": "Kiri (Manishkumar Pravinchandra)", "filerRelation": "Managing Director", "moneyText": "", "startDate": "2009-11-25", "ownership": "D"}, {"maxAge": 1, "shares": 25552, "filerUrl": "", "transactionText": "", "filerName": "Kiri (Manishkumar Pravinchandra)", "filerRelation": "Managing Director", "moneyText": "", "startDate": "2009-11-24", "ownership": "D"}], "maxAge": 1}, "quoteType": {"exchange": "BSE", "quoteType": "EQUITY", "symbol": "KIRIINDUS.BO", "underlyingSymbol": "KIRIINDUS.BO", "shortName": "KIRI INDUSTRIES LTD.", "longName": "Kiri Industries Limited", "firstTradeDateEpochUtc": "2008-04-22 09:15:00", "timeZoneFullName": "Asia/Kolkata", "timeZoneShortName": "IST", "uuid": "93d3eeb8-716d-3e3c-9dc7-86ffd668a7bb", "gmtOffSetMilliseconds": 19800000, "maxAge": 1}, "incomeStatementHistory": {"incomeStatementHistory": [{"maxAge": 1, "endDate": "2020-03-31", "totalRevenue": 13053880000, "costOfRevenue": 8524740000, "grossProfit": 4529140000, "researchDevelopment": {}, "sellingGeneralAdministrative": 536512000, "nonRecurring": {}, "otherOperatingExpenses": 2111351000, "totalOperatingExpenses": 11614501000, "operatingIncome": 1439379000, "totalOtherIncomeExpenseNet": 2579793000, "ebit": 1439379000, "interestExpense": -37345000, "incomeBeforeTax": 4019172000, "incomeTaxExpense": 264138000, "minorityInterest": {}, "netIncomeFromContinuingOps": 3755034000, "discontinuedOperations": {}, "extraordinaryItems": {}, "effectOfAccountingCharges": {}, "otherItems": {}, "netIncome": 3755034000, "netIncomeApplicableToCommonShares": 3755034000}, {"maxAge": 1, "endDate": "2019-03-31", "totalRevenue": 13938288000, "costOfRevenue": 9384290000, "grossProfit": 4553998000, "researchDevelopment": {}, "sellingGeneralAdministrative": 451512000, "nonRecurring": {}, "otherOperatingExpenses": 1768470000, "totalOperatingExpenses": 11977771000, "operatingIncome": 1960517000, "totalOtherIncomeExpenseNet": 14978000, "ebit": 1960517000, "interestExpense": -37101000, "incomeBeforeTax": 1975495000, "incomeTaxExpense": 334341000, "minorityInterest": {}, "netIncomeFromContinuingOps": 1641154000, "discontinuedOperations": {}, "extraordinaryItems": {}, "effectOfAccountingCharges": {}, "otherItems": {}, "netIncome": 1641154000, "netIncomeApplicableToCommonShares": 1641154000}, {"maxAge": 1, "endDate": "2018-03-31", "totalRevenue": 11169316000, "costOfRevenue": 7360745000, "grossProfit": 3808571000, "researchDevelopment": {}, "sellingGeneralAdministrative": 391043000, "nonRecurring": {}, "otherOperatingExpenses": 1584836000, "totalOperatingExpenses": 9676200000, "operatingIncome": 1493116000, "totalOtherIncomeExpenseNet": 2270052000, "ebit": 1493116000, "interestExpense": -12538000, "incomeBeforeTax": 3763168000, "incomeTaxExpense": 182955000, "minorityInterest": {}, "netIncomeFromContinuingOps": 3580213000, "discontinuedOperations": {}, "extraordinaryItems": {}, "effectOfAccountingCharges": {}, "otherItems": {}, "netIncome": 3580213000, "netIncomeApplicableToCommonShares": 3580213000}, {"maxAge": 1, "endDate": "2017-03-31", "totalRevenue": 11252681000, "costOfRevenue": 8070511000, "grossProfit": 3182170000, "researchDevelopment": {}, "sellingGeneralAdministrative": 319757000, "nonRecurring": {}, "otherOperatingExpenses": 1261961000, "totalOperatingExpenses": 9943058000, "operatingIncome": 1309623000, "totalOtherIncomeExpenseNet": 1483553000, "ebit": 1309623000, "interestExpense": -66143000, "incomeBeforeTax": 2793176000, "incomeTaxExpense": 137005000, "minorityInterest": {}, "netIncomeFromContinuingOps": 2656171000, "discontinuedOperations": {}, "extraordinaryItems": {}, "effectOfAccountingCharges": {}, "otherItems": {}, "netIncome": 2656171000, "netIncomeApplicableToCommonShares": 2656171000}], "maxAge": 86400}, "fundOwnership": {"ownershipList": [{"maxAge": 1, "reportDate": "2020-05-31", "organization": "GMO Emerging Markets Fund", "pctHeld": 0.039300002, "position": 1322083, "value": 410705083}, {"maxAge": 1, "reportDate": "2020-07-31", "organization": "DFA Investment Dimensions-DFA Emerging Mkts Value", "pctHeld": 0.0033000002, "position": 109673, "value": 54074272}, {"maxAge": 1, "reportDate": "2020-07-31", "organization": "DFA Emerging Markets Core Equity Portfolio", "pctHeld": 0.003, "position": 100019, "value": 49314367}, {"maxAge": 1, "reportDate": "2020-07-31", "organization": "DFA Emerging Markets Small Cap Series", "pctHeld": 0.0021, "position": 71698, "value": 35350698}, {"maxAge": 1, "reportDate": "2020-06-30", "organization": "Lazard Emerging Markets Equity Blend Portfolio", "pctHeld": 0.00090000004, "position": 29310, "value": 12179770}, {"maxAge": 1, "reportDate": "2020-07-31", "organization": "DFA Investment Dimensions-Emerging Markets Social Core Equity", "pctHeld": 0.0002, "position": 7501, "value": 3698368}, {"maxAge": 1, "reportDate": "2020-07-31", "organization": "DFA Investment Dimensions-World Ex U.S. Core Equity Port", "pctHeld": 0.0002, "position": 5697, "value": 2808905}, {"maxAge": 1, "reportDate": "2020-07-31", "organization": "DFA T.A. World Ex U.S. Core Equity Portfolio", "pctHeld": 0.0001, "position": 4301, "value": 2120608}, {"maxAge": 1, "reportDate": "2020-07-31", "organization": "DFA Investment Dimensions-DFA Emerging Markets Targeted Value Port", "pctHeld": 0.0001, "position": 2791, "value": 1376102}, {"maxAge": 1, "reportDate": "2020-07-31", "organization": "John Hancock Var Ins Tr-Emerging Markets Value Tr", "pctHeld": 0.0001, "position": 2637, "value": 1300172}], "maxAge": 1}, "summaryDetail": {"maxAge": 1, "priceHint": 2, "previousClose": 435.05, "open": 431.0, "dayLow": 428.25, "dayHigh": 458.9, "regularMarketPreviousClose": 435.05, "regularMarketOpen": 431.0, "regularMarketDayLow": 428.25, "regularMarketDayHigh": 458.9, "trailingPE": 6.889382, "forwardPE": 3.131833, "volume": 18386, "regularMarketVolume": 18386, "averageVolume": 16278, "averageVolume10days": 8420, "averageDailyVolume10Day": 8420, "bid": 444.5, "ask": 446.5, "bidSize": 0, "askSize": 0, "marketCap": 13916735488, "fiftyTwoWeekLow": 188.1, "fiftyTwoWeekHigh": 630.4, "fiftyDayAverage": 510.347, "twoHundredDayAverage": 502.06506, "trailingAnnualDividendRate": 0.5, "trailingAnnualDividendYield": 0.0011492933, "currency": "INR", "fromCurrency": null, "lastMarket": null, "algorithm": null, "tradeable": false}, "sectorTrend": {"maxAge": 1, "symbol": null, "estimates": []}, "incomeStatementHistoryQuarterly": {"incomeStatementHistory": [{"maxAge": 1, "endDate": "2020-06-30", "totalRevenue": 1088284000, "costOfRevenue": 664580000, "grossProfit": 423704000, "researchDevelopment": {}, "sellingGeneralAdministrative": 105605000, "nonRecurring": {}, "otherOperatingExpenses": 371726000, "totalOperatingExpenses": 1240239000, "operatingIncome": -151955000, "totalOtherIncomeExpenseNet": -374649000, "ebit": -151955000, "interestExpense": -9211000, "incomeBeforeTax": -526604000, "incomeTaxExpense": 50692000, "minorityInterest": {}, "netIncomeFromContinuingOps": -577296000, "discontinuedOperations": {}, "extraordinaryItems": {}, "effectOfAccountingCharges": {}, "otherItems": {}, "netIncome": -577296000, "netIncomeApplicableToCommonShares": -577296000}, {"maxAge": 1, "endDate": "2020-03-31", "totalRevenue": 2982387000, "costOfRevenue": 2196843000, "grossProfit": 785544000, "researchDevelopment": {}, "sellingGeneralAdministrative": 178552000, "nonRecurring": {}, "otherOperatingExpenses": 278516000, "totalOperatingExpenses": 2766052000, "operatingIncome": 216335000, "totalOtherIncomeExpenseNet": 921056000, "ebit": 216335000, "interestExpense": -3830000, "incomeBeforeTax": 1137391000, "incomeTaxExpense": 18250000, "minorityInterest": {}, "netIncomeFromContinuingOps": 1119141000, "discontinuedOperations": {}, "extraordinaryItems": {}, "effectOfAccountingCharges": {}, "otherItems": {}, "netIncome": 1119141000, "netIncomeApplicableToCommonShares": 1119141000}, {"maxAge": 1, "endDate": "2019-12-31", "totalRevenue": 3151128000, "costOfRevenue": 1991474000, "grossProfit": 1159654000, "researchDevelopment": {}, "sellingGeneralAdministrative": 125669000, "nonRecurring": {}, "otherOperatingExpenses": 617441000, "totalOperatingExpenses": 2846209000, "operatingIncome": 304919000, "totalOtherIncomeExpenseNet": 1136558000, "ebit": 304919000, "interestExpense": -9985000, "incomeBeforeTax": 1441477000, "incomeTaxExpense": 73102000, "minorityInterest": {}, "netIncomeFromContinuingOps": 1368375000, "discontinuedOperations": {}, "extraordinaryItems": {}, "effectOfAccountingCharges": {}, "otherItems": {}, "netIncome": 1368375000, "netIncomeApplicableToCommonShares": 1368375000}, {"maxAge": 1, "endDate": "2019-09-30", "totalRevenue": 3256351000, "costOfRevenue": 2004550000, "grossProfit": 1251801000, "researchDevelopment": {}, "sellingGeneralAdministrative": 120932000, "nonRecurring": {}, "otherOperatingExpenses": 612488000, "totalOperatingExpenses": 2850072000, "operatingIncome": 406279000, "totalOtherIncomeExpenseNet": 796847000, "ebit": 406279000, "interestExpense": -11248000, "incomeBeforeTax": 1203126000, "incomeTaxExpense": 61589000, "minorityInterest": {}, "netIncomeFromContinuingOps": 1141537000, "discontinuedOperations": {}, "extraordinaryItems": {}, "effectOfAccountingCharges": {}, "otherItems": {}, "netIncome": 1141537000, "netIncomeApplicableToCommonShares": 1141537000}], "maxAge": 86400}, "cashflowStatementHistoryQuarterly": {"cashflowStatements": [{"maxAge": 1, "endDate": "2020-06-30", "netIncome": -577296000, "changeToLiabilities": 0}, {"maxAge": 1, "endDate": "2020-03-31", "netIncome": 1119141000, "changeToLiabilities": 0}, {"maxAge": 1, "endDate": "2019-12-31", "netIncome": 1368375000, "changeToLiabilities": 0}, {"maxAge": 1, "endDate": "2019-09-30", "netIncome": 1141537000, "changeToLiabilities": 0}], "maxAge": 86400}, "insiderHolders": {"holders": [{"maxAge": 1, "name": "Equinaire Chemtech L.L.P.", "relation": "Institution- Corporation", "url": "", "transactionDescription": "Other", "latestTransDate": "2018-04-02", "positionIndirect": 3500000, "positionIndirectDate": 1522627200}, {"maxAge": 1, "name": "GMO Emerging Markets Fund", "relation": "Investment Advisor", "url": "", "transactionDescription": "Acquisition", "latestTransDate": "2013-09-26", "positionDirect": 751482, "positionDirectDate": "2013-09-26"}, {"maxAge": 1, "name": "Kiri (Anupama Manishkumar)", "relation": "Promoter", "url": "", "transactionDescription": "Other", "latestTransDate": "2016-04-08", "positionDirect": 5701238, "positionDirectDate": "2016-04-08"}, {"maxAge": 1, "name": "Kiri (Aruna P.)", "relation": "Promoter", "url": "", "transactionDescription": "Acquisition", "latestTransDate": "2011-08-26", "positionDirect": 903550, "positionDirectDate": "2011-08-26"}, {"maxAge": 1, "name": "Kiri (Manishkumar Pravinchandra)", "relation": "Managing Director", "url": "", "transactionDescription": "Acquisition", "latestTransDate": "2012-01-03", "positionDirect": 1859391, "positionDirectDate": "2012-01-03"}, {"maxAge": 1, "name": "Kiri (Pravinchandra Amratlal)", "relation": "Executive Chairman", "url": "", "transactionDescription": "Acquisition", "latestTransDate": "2012-08-30", "positionDirect": 5975289, "positionDirectDate": "2012-08-30"}, {"maxAge": 1, "name": "Massachusetts Pension Reserves Investment Mgmt Bd.", "relation": "UNREPORTED", "url": "", "transactionDescription": "Acquisition", "latestTransDate": "2011-01-05", "positionDirect": 58408, "positionDirectDate": "2011-01-05"}, {"maxAge": 1, "name": "Victorian Funds Management Corporation", "relation": "UNREPORTED", "url": "", "transactionDescription": "Acquisition", "latestTransDate": "2011-01-07", "positionDirect": 16211, "positionDirectDate": "2011-01-07"}], "maxAge": 1}, "earnings": {"maxAge": 86400, "earningsChart": {"quarterly": [{"date": "2Q2018", "actual": 16.64, "estimate": 30.26}], "currentQuarterEstimateDate": "3Q", "currentQuarterEstimateYear": 2018, "earningsDate": []}, "financialsChart": {"yearly": [{"date": 2017, "revenue": 11252681000, "earnings": 2656171000}, {"date": 2018, "revenue": 11169316000, "earnings": 3580213000}, {"date": 2019, "revenue": 13938288000, "earnings": 1641154000}, {"date": 2020, "revenue": 13053880000, "earnings": 3755034000}], "quarterly": [{"date": "3Q2019", "revenue": 3256351000, "earnings": 1141537000}, {"date": "4Q2019", "revenue": 3151128000, "earnings": 1368375000}, {"date": "1Q2020", "revenue": 2982387000, "earnings": 1119141000}, {"date": "2Q2020", "revenue": 1088284000, "earnings": -577296000}]}, "financialCurrency": "INR"}, "calendarEvents": {"maxAge": 1, "earnings": {"earningsDate": [], "revenueAverage": 3734290000}}, "upgradeDowngradeHistory": {"history": [], "maxAge": 86400}, "price": {"maxAge": 1, "regularMarketChangePercent": 0.020572376, "regularMarketChange": 8.950012, "regularMarketTime": "2021-04-30 15:28:54", "priceHint": 2, "regularMarketPrice": 444.0, "regularMarketDayHigh": 458.9, "regularMarketDayLow": 428.25, "regularMarketVolume": 18386, "averageDailyVolume10Day": 8420, "averageDailyVolume3Month": 16278, "regularMarketPreviousClose": 435.05, "regularMarketSource": "FREE_REALTIME", "regularMarketOpen": 431.0, "exchange": "BSE", "exchangeName": "BSE", "exchangeDataDelayedBy": 0, "marketState": "CLOSED", "quoteType": "EQUITY", "symbol": "KIRIINDUS.BO", "underlyingSymbol": null, "shortName": "KIRI INDUSTRIES LTD.", "longName": "Kiri Industries Limited", "currency": "INR", "quoteSourceName": "Delayed Quote", "currencySymbol": "\u20b9", "fromCurrency": null, "lastMarket": null, "marketCap": 13916735488}, "balanceSheetHistory": {"balanceSheetStatements": [{"maxAge": 1, "endDate": "2020-03-31", "cash": 125209000, "shortTermInvestments": 19960000, "netReceivables": 3375028000, "inventory": 1426966000, "otherCurrentAssets": 158426000, "totalCurrentAssets": 5118660000, "longTermInvestments": 12140377000, "propertyPlantEquipment": 5846896000, "intangibleAssets": 56067000, "otherAssets": 875666000, "totalAssets": 24037666000, "accountsPayable": 2182621000, "shortLongTermDebt": 532827000, "otherCurrentLiab": 712718000, "longTermDebt": 959603000, "otherLiab": 204373000, "totalCurrentLiabilities": 3539374000, "totalLiab": 4703350000, "commonStock": 336206000, "retainedEarnings": 13685856000, "treasuryStock": 496268000, "capitalSurplus": 4815986000, "otherStockholderEquity": 496268000, "totalStockholderEquity": 19334316000, "netTangibleAssets": 19278249000}, {"maxAge": 1, "endDate": "2019-03-31", "cash": 191256000, "shortTermInvestments": 18720000, "netReceivables": 2757063000, "inventory": 1685512000, "otherCurrentAssets": 248587000, "totalCurrentAssets": 4910300000, "longTermInvestments": 9542304000, "propertyPlantEquipment": 5146160000, "intangibleAssets": 70496000, "otherAssets": 914214000, "totalAssets": 20583474000, "accountsPayable": 1975500000, "shortLongTermDebt": 147465000, "otherCurrentLiab": 970664000, "longTermDebt": 1487557000, "otherLiab": 237529000, "totalCurrentLiabilities": 3185094000, "totalLiab": 4910180000, "commonStock": 313440000, "retainedEarnings": 10017754000, "treasuryStock": 530736000, "capitalSurplus": 4811364000, "otherStockholderEquity": 530736000, "totalStockholderEquity": 15673294000, "netTangibleAssets": 15602798000}, {"maxAge": 1, "endDate": "2018-03-31", "cash": 124983000, "shortTermInvestments": 8488000, "netReceivables": 2304292000, "inventory": 1190749000, "otherCurrentAssets": 316292000, "totalCurrentAssets": 3958491000, "longTermInvestments": 9477391000, "propertyPlantEquipment": 4354128000, "intangibleAssets": 84610000, "otherAssets": 369518000, "totalAssets": 18244138000, "accountsPayable": 1680732000, "shortLongTermDebt": 152832000, "otherCurrentLiab": 199690000, "longTermDebt": 1563503000, "otherLiab": 477940000, "totalCurrentLiabilities": 2155665000, "totalLiab": 4197108000, "commonStock": 302440000, "retainedEarnings": 8384864000, "treasuryStock": 936662000, "capitalSurplus": 4423064000, "otherStockholderEquity": 936662000, "totalStockholderEquity": 14047030000, "netTangibleAssets": 13962420000}, {"maxAge": 1, "endDate": "2017-03-31", "cash": 121814000, "shortTermInvestments": 40881000, "netReceivables": 1627349000, "inventory": 825001000, "otherCurrentAssets": 485403000, "totalCurrentAssets": 3114833000, "longTermInvestments": 7165682000, "propertyPlantEquipment": 4027922000, "intangibleAssets": 95776000, "otherAssets": 326100000, "totalAssets": 14730313000, "accountsPayable": 1839700000, "shortLongTermDebt": 23660000, "otherCurrentLiab": 204610000, "longTermDebt": 1579212000, "otherLiab": 445455000, "totalCurrentLiabilities": 2380824000, "totalLiab": 4405491000, "commonStock": 278440000, "retainedEarnings": 4810119000, "treasuryStock": 1659128000, "capitalSurplus": 3577135000, "otherStockholderEquity": 1659128000, "totalStockholderEquity": 10324822000, "netTangibleAssets": 10229046000}], "maxAge": 86400}, "earningsTrend": {"trend": [{"maxAge": 1, "period": "0q", "endDate": "2018-09-30", "growth": {}, "earningsEstimate": {"avg": 0.0, "low": 0.0, "high": 0.0, "yearAgoEps": {}, "numberOfAnalysts": 0, "growth": {}}, "revenueEstimate": {"avg": 3734290000, "low": 0, "high": 0, "numberOfAnalysts": 0, "yearAgoRevenue": 3013850000, "growth": 0.239}, "epsTrend": {"current": 0.0, "7daysAgo": 0.0, "30daysAgo": 0.0, "60daysAgo": 0.0, "90daysAgo": 0.0}, "epsRevisions": {"upLast7days": 0, "upLast30days": 0, "downLast30days": 0, "downLast90days": {}}}, {"maxAge": 1, "period": "+1q", "endDate": "2018-12-31", "growth": {}, "earningsEstimate": {"avg": 0.0, "low": 0.0, "high": 0.0, "yearAgoEps": {}, "numberOfAnalysts": 0, "growth": {}}, "revenueEstimate": {"avg": 0, "low": 0, "high": 0, "numberOfAnalysts": 0, "yearAgoRevenue": {}, "growth": {}}, "epsTrend": {"current": 0.0, "7daysAgo": 0.0, "30daysAgo": 0.0, "60daysAgo": 0.0, "90daysAgo": 0.0}, "epsRevisions": {"upLast7days": 0, "upLast30days": 0, "downLast30days": 0, "downLast90days": {}}}, {"maxAge": 1, "period": "0y", "endDate": "2019-03-31", "growth": {}, "earningsEstimate": {"avg": 0.0, "low": 0.0, "high": 0.0, "yearAgoEps": {}, "numberOfAnalysts": 0, "growth": {}}, "revenueEstimate": {"avg": 12713900000, "low": 12713900000, "high": 12713900000, "numberOfAnalysts": 1, "yearAgoRevenue": 11169300000, "growth": 0.138}, "epsTrend": {"current": 0.0, "7daysAgo": 129.86, "30daysAgo": 129.86, "60daysAgo": 129.86, "90daysAgo": 129.86}, "epsRevisions": {"upLast7days": 0, "upLast30days": 0, "downLast30days": 0, "downLast90days": {}}}, {"maxAge": 1, "period": "+1y", "endDate": "2020-03-31", "growth": {}, "earningsEstimate": {"avg": 0.0, "low": 0.0, "high": 0.0, "yearAgoEps": {}, "numberOfAnalysts": 0, "growth": {}}, "revenueEstimate": {"avg": 14112400000, "low": 14112400000, "high": 14112400000, "numberOfAnalysts": 1, "yearAgoRevenue": 12713900000, "growth": 0.11}, "epsTrend": {"current": 0.0, "7daysAgo": 141.77, "30daysAgo": 141.77, "60daysAgo": 141.77, "90daysAgo": 141.77}, "epsRevisions": {"upLast7days": 0, "upLast30days": 0, "downLast30days": 0, "downLast90days": {}}}, {"maxAge": 1, "period": "+5y", "endDate": null, "growth": {}, "earningsEstimate": {"avg": {}, "low": {}, "high": {}, "yearAgoEps": {}, "numberOfAnalysts": {}, "growth": {}}, "revenueEstimate": {"avg": {}, "low": {}, "high": {}, "numberOfAnalysts": {}, "yearAgoRevenue": {}, "growth": {}}, "epsTrend": {"current": {}, "7daysAgo": {}, "30daysAgo": {}, "60daysAgo": {}, "90daysAgo": {}}, "epsRevisions": {"upLast7days": {}, "upLast30days": {}, "downLast30days": {}, "downLast90days": {}}}, {"maxAge": 1, "period": "-5y", "endDate": null, "growth": {}, "earningsEstimate": {"avg": {}, "low": {}, "high": {}, "yearAgoEps": {}, "numberOfAnalysts": {}, "growth": {}}, "revenueEstimate": {"avg": {}, "low": {}, "high": {}, "numberOfAnalysts": {}, "yearAgoRevenue": {}, "growth": {}}, "epsTrend": {"current": {}, "7daysAgo": {}, "30daysAgo": {}, "60daysAgo": {}, "90daysAgo": {}}, "epsRevisions": {"upLast7days": {}, "upLast30days": {}, "downLast30days": {}, "downLast90days": {}}}], "maxAge": 1}, "financialData": {"maxAge": 86400, "currentPrice": 444.0, "targetHighPrice": 1000.0, "targetLowPrice": 1000.0, "targetMeanPrice": 1000.0, "targetMedianPrice": 1000.0, "recommendationKey": "none", "numberOfAnalystOpinions": 1, "grossProfits": 4529140000, "financialCurrency": "INR"}}}