{"KIRLPNU.BO": {"recommendationTrend": {"trend": [{"period": "0m", "strongBuy": 0, "buy": 0, "hold": 0, "sell": 0, "strongSell": 0}, {"period": "-1m", "strongBuy": 0, "buy": 0, "hold": 0, "sell": 0, "strongSell": 0}, {"period": "-2m", "strongBuy": 0, "buy": 0, "hold": 0, "sell": 0, "strongSell": 0}, {"period": "-3m", "strongBuy": 0, "buy": 0, "hold": 0, "sell": 0, "strongSell": 0}], "maxAge": 86400}, "cashflowStatementHistory": {"cashflowStatements": [{"maxAge": 1, "endDate": "2020-03-31", "netIncome": 534920000, "depreciation": 324360000, "changeToNetincome": -35950000, "changeToAccountReceivables": -132570000, "changeToLiabilities": 41000000, "changeToInventory": -628650000, "changeToOperatingActivities": -13670000, "totalCashFromOperatingActivities": 90690000, "capitalExpenditures": -544890000, "investments": 437960000, "otherCashflowsFromInvestingActivities": 39700000, "totalCashflowsFromInvestingActivities": -62490000, "dividendsPaid": -320150000, "netBorrowings": 273810000, "otherCashflowsFromFinancingActivities": -6090000, "totalCashFromFinancingActivities": -52430000, "changeInCash": -24230000}, {"maxAge": 1, "endDate": "2019-03-31", "netIncome": 552620000, "depreciation": 211370000, "changeToNetincome": -57530000, "changeToAccountReceivables": 239770000, "changeToLiabilities": -296920000, "changeToInventory": -69180000, "changeToOperatingActivities": -62250000, "totalCashFromOperatingActivities": 525410000, "capitalExpenditures": -725770000, "investments": 105230000, "otherCashflowsFromInvestingActivities": 53420000, "totalCashflowsFromInvestingActivities": -560450000, "dividendsPaid": -259510000, "netBorrowings": -1430000, "otherCashflowsFromFinancingActivities": -1250000, "totalCashFromFinancingActivities": -262190000, "changeInCash": -297230000}, {"maxAge": 1, "endDate": "2018-03-31", "netIncome": 499430000, "depreciation": 165770000, "changeToNetincome": -97640000, "changeToAccountReceivables": -788470000, "changeToLiabilities": 680830000, "changeToInventory": -156410000, "changeToOperatingActivities": 315890000, "totalCashFromOperatingActivities": 627410000, "capitalExpenditures": -443470000, "investments": 256540000, "otherCashflowsFromInvestingActivities": 70890000, "totalCashflowsFromInvestingActivities": -148330000, "dividendsPaid": -153410000, "netBorrowings": 8310000, "otherCashflowsFromFinancingActivities": -5630000, "totalCashFromFinancingActivities": -144770000, "changeInCash": 334310000, "issuanceOfStock": 5960000}, {"maxAge": 1, "endDate": "2017-03-31", "netIncome": 537800000, "depreciation": 170510000, "changeToNetincome": -210060000, "changeToAccountReceivables": -137270000, "changeToLiabilities": 11890000, "changeToInventory": -163940000, "changeToOperatingActivities": -42420000, "totalCashFromOperatingActivities": 169230000, "capitalExpenditures": -142070000, "investments": -178130000, "otherCashflowsFromInvestingActivities": 99110000, "totalCashflowsFromInvestingActivities": -224530000, "dividendsPaid": -49980000, "netBorrowings": 8310000, "otherCashflowsFromFinancingActivities": -360000, "totalCashFromFinancingActivities": -50340000, "changeInCash": 23030000, "issuanceOfStock": 5960000}], "maxAge": 86400}, "institutionOwnership": {"maxAge": 1, "ownershipList": []}, "balanceSheetHistoryQuarterly": {"balanceSheetStatements": [{"maxAge": 1, "endDate": "2020-06-30", "totalStockholderEquity": 4946210000, "netTangibleAssets": 4890670000}, {"maxAge": 1, "endDate": "2020-03-31", "cash": 269500000, "shortTermInvestments": 8860000, "netReceivables": 2057700000, "inventory": 1592020000, "otherCurrentAssets": 243940000, "totalCurrentAssets": 5235890000, "longTermInvestments": 313370000, "propertyPlantEquipment": 2103150000, "intangibleAssets": 55540000, "otherAssets": 43860000, "totalAssets": 7751810000, "accountsPayable": 1372290000, "shortLongTermDebt": 5310000, "otherCurrentLiab": 1011940000, "otherLiab": 59800000, "totalCurrentLiabilities": 2745800000, "totalLiab": 2805600000, "commonStock": 128440000, "retainedEarnings": 4478680000, "treasuryStock": 287270000, "capitalSurplus": 51820000, "otherStockholderEquity": 287270000, "totalStockholderEquity": 4946210000, "netTangibleAssets": 4890670000}, {"maxAge": 1, "endDate": "2019-12-31", "totalStockholderEquity": 4864000000, "netTangibleAssets": 4804100000}, {"maxAge": 1, "endDate": "2019-09-30", "cash": 277200000, "shortTermInvestments": 1341300000, "netReceivables": 1609400000, "inventory": 1218900000, "otherCurrentAssets": 473800000, "totalCurrentAssets": 4920600000, "longTermInvestments": 425100000, "propertyPlantEquipment": 1981400000, "intangibleAssets": 59900000, "otherAssets": 60600000, "totalAssets": 7447600000, "accountsPayable": 1153500000, "shortLongTermDebt": 373000000, "otherCurrentLiab": 948300000, "longTermDebt": 4500000, "otherLiab": 52700000, "totalCurrentLiabilities": 2526400000, "totalLiab": 2583600000, "commonStock": 128400000, "treasuryStock": 4735600000, "otherStockholderEquity": 4735600000, "totalStockholderEquity": 4864000000, "netTangibleAssets": 4804100000}], "maxAge": 86400}, "earningsHistory": {"history": [{"maxAge": 1, "epsActual": {}, "epsEstimate": {}, "epsDifference": {}, "surprisePercent": {}, "quarter": {}, "period": "-4q"}, {"maxAge": 1, "epsActual": {}, "epsEstimate": {}, "epsDifference": {}, "surprisePercent": {}, "quarter": {}, "period": "-3q"}, {"maxAge": 1, "epsActual": {}, "epsEstimate": {}, "epsDifference": {}, "surprisePercent": {}, "quarter": {}, "period": "-2q"}, {"maxAge": 1, "epsActual": {}, "epsEstimate": {}, "epsDifference": {}, "surprisePercent": {}, "quarter": {}, "period": "-1q"}], "maxAge": 86400}, "indexTrend": {"maxAge": 1, "symbol": "SP5", "peRatio": 19.7411, "pegRatio": 1.34172, "estimates": [{"period": "0q", "growth": 0.549}, {"period": "+1q", "growth": 0.431}, {"period": "0y", "growth": 0.305}, {"period": "+1y", "growth": 0.109}, {"period": "+5y", "growth": 0.120859005}, {"period": "-5y"}]}, "industryTrend": {"maxAge": 1, "symbol": null, "estimates": []}, "insiderTransactions": {"transactions": [{"maxAge": 1, "shares": 2331319, "filerUrl": "", "transactionText": "", "filerName": "Kulkarni (Nihal)", "filerRelation": "UNREPORTED", "moneyText": "", "startDate": "2019-02-21", "ownership": "D"}, {"maxAge": 1, "shares": 2331319, "filerUrl": "", "transactionText": "", "filerName": "Kulkarni (Ambar)", "filerRelation": "UNREPORTED", "moneyText": "", "startDate": "2019-02-21", "ownership": "D"}], "maxAge": 1}, "quoteType": {"exchange": "BSE", "quoteType": "EQUITY", "symbol": "KIRLPNU.BO", "underlyingSymbol": "KIRLPNU.BO", "shortName": "KIRLOSKAR PNEUMATIC CO.LTD.", "longName": "Kirloskar Pneumatic Company Limited", "firstTradeDateEpochUtc": "2000-01-03 09:15:00", "timeZoneFullName": "Asia/Kolkata", "timeZoneShortName": "IST", "uuid": "33325186-4b11-3464-b625-ec4dcb088140", "messageBoardId": null, "gmtOffSetMilliseconds": 19800000, "maxAge": 1}, "incomeStatementHistory": {"incomeStatementHistory": [{"maxAge": 1, "endDate": "2020-03-31", "totalRevenue": 8211280000, "costOfRevenue": 4545700000, "grossProfit": 3665580000, "researchDevelopment": {}, "sellingGeneralAdministrative": 1147930000, "nonRecurring": {}, "otherOperatingExpenses": 1589630000, "totalOperatingExpenses": 7608870000, "operatingIncome": 602410000, "totalOtherIncomeExpenseNet": 116740000, "ebit": 602410000, "interestExpense": -12090000, "incomeBeforeTax": 719150000, "incomeTaxExpense": 184230000, "minorityInterest": {}, "netIncomeFromContinuingOps": 534920000, "discontinuedOperations": {}, "extraordinaryItems": {}, "effectOfAccountingCharges": {}, "otherItems": {}, "netIncome": 534920000, "netIncomeApplicableToCommonShares": 534920000}, {"maxAge": 1, "endDate": "2019-03-31", "totalRevenue": 7102440000, "costOfRevenue": 3862860000, "grossProfit": 3239580000, "researchDevelopment": {}, "sellingGeneralAdministrative": 1046260000, "nonRecurring": {}, "otherOperatingExpenses": 1313470000, "totalOperatingExpenses": 6441110000, "operatingIncome": 661330000, "totalOtherIncomeExpenseNet": 140960000, "ebit": 661330000, "interestExpense": -1470000, "incomeBeforeTax": 802290000, "incomeTaxExpense": 249670000, "minorityInterest": {}, "netIncomeFromContinuingOps": 552620000, "discontinuedOperations": {}, "extraordinaryItems": {}, "effectOfAccountingCharges": {}, "otherItems": {}, "netIncome": 552620000, "netIncomeApplicableToCommonShares": 552620000}, {"maxAge": 1, "endDate": "2018-03-31", "totalRevenue": 6004970000, "costOfRevenue": 3230150000, "grossProfit": 2774820000, "researchDevelopment": {}, "sellingGeneralAdministrative": 920860000, "nonRecurring": {}, "otherOperatingExpenses": 1094910000, "totalOperatingExpenses": 5418470000, "operatingIncome": 586500000, "totalOtherIncomeExpenseNet": 140310000, "ebit": 586500000, "interestExpense": -2270000, "incomeBeforeTax": 726810000, "incomeTaxExpense": 227380000, "minorityInterest": {}, "netIncomeFromContinuingOps": 499430000, "discontinuedOperations": {}, "extraordinaryItems": {}, "effectOfAccountingCharges": {}, "otherItems": {}, "netIncome": 499430000, "netIncomeApplicableToCommonShares": 499430000}, {"maxAge": 1, "endDate": "2017-03-31", "totalRevenue": 5144860000, "costOfRevenue": 2695430000, "grossProfit": 2449430000, "researchDevelopment": {}, "sellingGeneralAdministrative": 893020000, "nonRecurring": {}, "otherOperatingExpenses": 912470000, "totalOperatingExpenses": 4673890000, "operatingIncome": 470970000, "totalOtherIncomeExpenseNet": 243430000, "ebit": 470970000, "interestExpense": -360000, "incomeBeforeTax": 714400000, "incomeTaxExpense": 176600000, "minorityInterest": {}, "netIncomeFromContinuingOps": 537800000, "discontinuedOperations": {}, "extraordinaryItems": {}, "effectOfAccountingCharges": {}, "otherItems": {}, "netIncome": 537800000, "netIncomeApplicableToCommonShares": 537800000}], "maxAge": 86400}, "fundOwnership": {"maxAge": 1, "ownershipList": []}, "summaryDetail": {"maxAge": 1, "priceHint": 2, "previousClose": 298.65, "open": 303.65, "dayLow": 301.0, "dayHigh": 316.9, "regularMarketPreviousClose": 298.65, "regularMarketOpen": 303.65, "regularMarketDayLow": 301.0, "regularMarketDayHigh": 316.9, "trailingPE": 45.038445, "forwardPE": 8.325289, "volume": 104998, "regularMarketVolume": 104998, "averageVolume": 73502, "averageVolume10days": 47087, "averageDailyVolume10Day": 47087, "bid": 311.0, "ask": 310.45, "bidSize": 0, "askSize": 0, "marketCap": 19937628160, "fiftyTwoWeekLow": 80.0, "fiftyTwoWeekHigh": 316.9, "fiftyDayAverage": 186.96286, "twoHundredDayAverage": 140.70949, "trailingAnnualDividendRate": 2.7, "trailingAnnualDividendYield": 0.0090406835, "currency": "INR", "fromCurrency": null, "toCurrency": null, "lastMarket": null, "algorithm": null, "tradeable": false}, "sectorTrend": {"maxAge": 1, "symbol": null, "estimates": []}, "incomeStatementHistoryQuarterly": {"incomeStatementHistory": [{"maxAge": 1, "endDate": "2020-06-30", "totalRevenue": 776600000, "costOfRevenue": 339900000, "grossProfit": 436700000, "researchDevelopment": {}, "sellingGeneralAdministrative": 259300000, "nonRecurring": {}, "otherOperatingExpenses": 212300000, "totalOperatingExpenses": 906000000, "operatingIncome": -129400000, "totalOtherIncomeExpenseNet": 48600000, "ebit": -129400000, "interestExpense": -1300000, "incomeBeforeTax": -80800000, "incomeTaxExpense": -24000000, "minorityInterest": {}, "netIncomeFromContinuingOps": -56800000, "discontinuedOperations": {}, "extraordinaryItems": {}, "effectOfAccountingCharges": {}, "otherItems": {}, "netIncome": -56800000, "netIncomeApplicableToCommonShares": -56800000}, {"maxAge": 1, "endDate": "2020-03-31", "totalRevenue": 2228880000, "costOfRevenue": 1173200000, "grossProfit": 1055680000, "researchDevelopment": {}, "sellingGeneralAdministrative": 327530000, "nonRecurring": {}, "otherOperatingExpenses": 324030000, "totalOperatingExpenses": 1931370000, "operatingIncome": 297510000, "totalOtherIncomeExpenseNet": 14440000, "ebit": 297510000, "interestExpense": -5690000, "incomeBeforeTax": 311950000, "incomeTaxExpense": 71830000, "minorityInterest": {}, "netIncomeFromContinuingOps": 240120000, "discontinuedOperations": {}, "extraordinaryItems": {}, "effectOfAccountingCharges": {}, "otherItems": {}, "netIncome": 240120000, "netIncomeApplicableToCommonShares": 240120000}, {"maxAge": 1, "endDate": "2019-12-31", "totalRevenue": 2212600000, "costOfRevenue": 1198100000, "grossProfit": 1014500000, "researchDevelopment": {}, "sellingGeneralAdministrative": 270300000, "nonRecurring": {}, "otherOperatingExpenses": 427700000, "totalOperatingExpenses": 1988900000, "operatingIncome": 223700000, "totalOtherIncomeExpenseNet": 32300000, "ebit": 223700000, "interestExpense": -1900000, "incomeBeforeTax": 256000000, "incomeTaxExpense": 74300000, "minorityInterest": {}, "netIncomeFromContinuingOps": 181700000, "discontinuedOperations": {}, "extraordinaryItems": {}, "effectOfAccountingCharges": {}, "otherItems": {}, "netIncome": 181700000, "netIncomeApplicableToCommonShares": 181700000}, {"maxAge": 1, "endDate": "2019-09-30", "totalRevenue": 1968400000, "costOfRevenue": 1143400000, "grossProfit": 825000000, "researchDevelopment": {}, "sellingGeneralAdministrative": 276500000, "nonRecurring": {}, "otherOperatingExpenses": 438400000, "totalOperatingExpenses": 1922400000, "operatingIncome": 46000000, "totalOtherIncomeExpenseNet": 54000000, "ebit": 46000000, "interestExpense": -4000000, "incomeBeforeTax": 100000000, "incomeTaxExpense": 21600000, "minorityInterest": {}, "netIncomeFromContinuingOps": 78400000, "discontinuedOperations": {}, "extraordinaryItems": {}, "effectOfAccountingCharges": {}, "otherItems": {}, "netIncome": 78400000, "netIncomeApplicableToCommonShares": 78400000}], "maxAge": 86400}, "cashflowStatementHistoryQuarterly": {"cashflowStatements": [{"maxAge": 1, "endDate": "2020-06-30", "netIncome": -56800000, "changeToLiabilities": 0}, {"maxAge": 1, "endDate": "2020-03-31", "netIncome": 240120000, "changeToLiabilities": 0}, {"maxAge": 1, "endDate": "2019-12-31", "netIncome": 181700000, "changeToLiabilities": 0}, {"maxAge": 1, "endDate": "2019-09-30", "netIncome": 78400000, "changeToLiabilities": 0}], "maxAge": 86400}, "insiderHolders": {"holders": [{"maxAge": 1, "name": "Kulkarni (Ambar)", "relation": "UNREPORTED", "url": "", "transactionDescription": "Gift", "latestTransDate": "2019-02-21", "positionDirect": 2331319, "positionDirectDate": "2019-02-21"}, {"maxAge": 1, "name": "Kulkarni (Nihal)", "relation": "UNREPORTED", "url": "", "transactionDescription": "Gift", "latestTransDate": "2019-02-21", "positionDirect": 2331319, "positionDirectDate": "2019-02-21"}], "maxAge": 1}, "earnings": {"maxAge": 86400, "earningsChart": {"quarterly": [], "earningsDate": ["2020-08-12 05:30:S"]}, "financialsChart": {"yearly": [{"date": 2017, "revenue": 5144860000, "earnings": 537800000}, {"date": 2018, "revenue": 6004970000, "earnings": 499430000}, {"date": 2019, "revenue": 7102440000, "earnings": 552620000}, {"date": 2020, "revenue": 8211280000, "earnings": 534920000}], "quarterly": [{"date": "3Q2019", "revenue": 1968400000, "earnings": 78400000}, {"date": "4Q2019", "revenue": 2212600000, "earnings": 181700000}, {"date": "1Q2020", "revenue": 2228880000, "earnings": 240120000}, {"date": "2Q2020", "revenue": 776600000, "earnings": -56800000}]}, "financialCurrency": "INR"}, "calendarEvents": {"maxAge": 1, "earnings": {"earningsDate": ["2020-08-12 05:30:S"]}}, "price": {"maxAge": 1, "regularMarketChangePercent": 0.039511196, "regularMarketChange": 11.800018, "regularMarketTime": "2021-04-30 15:29:52", "priceHint": 2, "regularMarketPrice": 310.45, "regularMarketDayHigh": 316.9, "regularMarketDayLow": 301.0, "regularMarketVolume": 104998, "averageDailyVolume10Day": 47087, "averageDailyVolume3Month": 73502, "regularMarketPreviousClose": 298.65, "regularMarketSource": "FREE_REALTIME", "regularMarketOpen": 303.65, "exchange": "BSE", "exchangeName": "BSE", "exchangeDataDelayedBy": 0, "marketState": "CLOSED", "quoteType": "EQUITY", "symbol": "KIRLPNU.BO", "underlyingSymbol": null, "shortName": "KIRLOSKAR PNEUMATIC CO.LTD.", "longName": "Kirloskar Pneumatic Company Limited", "currency": "INR", "quoteSourceName": "Delayed Quote", "currencySymbol": "\u20b9", "fromCurrency": null, "toCurrency": null, "lastMarket": null, "marketCap": 19937628160}, "balanceSheetHistory": {"balanceSheetStatements": [{"maxAge": 1, "endDate": "2020-03-31", "cash": 269500000, "shortTermInvestments": 8860000, "netReceivables": 2057700000, "inventory": 1592020000, "otherCurrentAssets": 243940000, "totalCurrentAssets": 5235890000, "longTermInvestments": 313370000, "propertyPlantEquipment": 2103150000, "intangibleAssets": 55540000, "otherAssets": 43860000, "totalAssets": 7751810000, "accountsPayable": 1372290000, "shortLongTermDebt": 5310000, "otherCurrentLiab": 1011940000, "otherLiab": 59800000, "totalCurrentLiabilities": 2745800000, "totalLiab": 2805600000, "commonStock": 128440000, "retainedEarnings": 4478680000, "treasuryStock": 287270000, "capitalSurplus": 51820000, "otherStockholderEquity": 287270000, "totalStockholderEquity": 4946210000, "netTangibleAssets": 4890670000}, {"maxAge": 1, "endDate": "2019-03-31", "cash": 293730000, "netReceivables": 1987330000, "inventory": 963370000, "otherCurrentAssets": 286130000, "totalCurrentAssets": 4992110000, "longTermInvestments": 497450000, "propertyPlantEquipment": 1790530000, "intangibleAssets": 68460000, "otherAssets": 132720000, "deferredLongTermAssetCharges": 16030000, "totalAssets": 7481270000, "accountsPayable": 1331290000, "shortLongTermDebt": 1570000, "otherCurrentLiab": 1110320000, "longTermDebt": 5310000, "otherLiab": 48840000, "totalCurrentLiabilities": 2488820000, "totalLiab": 2542970000, "commonStock": 128440000, "retainedEarnings": 4293450000, "treasuryStock": 464590000, "capitalSurplus": 51820000, "otherStockholderEquity": 464590000, "totalStockholderEquity": 4938300000, "netTangibleAssets": 4869840000}, {"maxAge": 1, "endDate": "2018-03-31", "cash": 590960000, "shortTermInvestments": 1240000, "netReceivables": 2099880000, "inventory": 894190000, "otherCurrentAssets": 242720000, "totalCurrentAssets": 5359150000, "longTermInvestments": 457240000, "propertyPlantEquipment": 1347230000, "intangibleAssets": 76270000, "otherAssets": 116260000, "deferredLongTermAssetCharges": 54700000, "totalAssets": 7356150000, "accountsPayable": 1628210000, "shortLongTermDebt": 1430000, "otherCurrentLiab": 1017980000, "longTermDebt": 6880000, "otherLiab": 51790000, "totalCurrentLiabilities": 2681560000, "totalLiab": 2740230000, "commonStock": 128440000, "retainedEarnings": 4011270000, "treasuryStock": 424390000, "capitalSurplus": 51820000, "otherStockholderEquity": 424390000, "totalStockholderEquity": 4615920000, "netTangibleAssets": 4539650000}, {"maxAge": 1, "endDate": "2017-03-31", "cash": 256650000, "shortTermInvestments": 1470000, "netReceivables": 1316200000, "inventory": 737780000, "otherCurrentAssets": 203890000, "totalCurrentAssets": 4274150000, "longTermInvestments": 425550000, "propertyPlantEquipment": 1083250000, "intangibleAssets": 82300000, "otherAssets": 90220000, "deferredLongTermAssetCharges": 35170000, "totalAssets": 5955470000, "accountsPayable": 947380000, "otherCurrentLiab": 646320000, "otherLiab": 57740000, "totalCurrentLiabilities": 1640220000, "totalLiab": 1697960000, "commonStock": 58360000, "retainedEarnings": 3684610000, "treasuryStock": 462720000, "capitalSurplus": 51820000, "otherStockholderEquity": 462720000, "totalStockholderEquity": 4257510000, "netTangibleAssets": 4175210000}], "maxAge": 86400}, "earningsTrend": {"trend": [{"maxAge": 1, "period": "0q", "endDate": null, "growth": {}, "earningsEstimate": {"avg": 0.0, "low": 0.0, "high": 0.0, "yearAgoEps": {}, "numberOfAnalysts": 0, "growth": {}}, "revenueEstimate": {"avg": 0, "low": 0, "high": 0, "numberOfAnalysts": 0, "yearAgoRevenue": {}, "growth": {}}, "epsTrend": {"current": 0.0, "7daysAgo": 0.0, "30daysAgo": 0.0, "60daysAgo": 0.0, "90daysAgo": 0.0}, "epsRevisions": {"upLast7days": 0, "upLast30days": 0, "downLast30days": 0, "downLast90days": {}}}, {"maxAge": 1, "period": "+1q", "endDate": null, "growth": {}, "earningsEstimate": {"avg": 0.0, "low": 0.0, "high": 0.0, "yearAgoEps": {}, "numberOfAnalysts": 0, "growth": {}}, "revenueEstimate": {"avg": 0, "low": 0, "high": 0, "numberOfAnalysts": 0, "yearAgoRevenue": {}, "growth": {}}, "epsTrend": {"current": 0.0, "7daysAgo": 0.0, "30daysAgo": 0.0, "60daysAgo": 0.0, "90daysAgo": 0.0}, "epsRevisions": {"upLast7days": 0, "upLast30days": 0, "downLast30days": 0, "downLast90days": {}}}, {"maxAge": 1, "period": "0y", "endDate": null, "growth": {}, "earningsEstimate": {"avg": 0.0, "low": 0.0, "high": 0.0, "yearAgoEps": {}, "numberOfAnalysts": 0, "growth": {}}, "revenueEstimate": {"avg": 0, "low": 0, "high": 0, "numberOfAnalysts": 0, "yearAgoRevenue": {}, "growth": {}}, "epsTrend": {"current": 0.0, "7daysAgo": 0.0, "30daysAgo": 0.0, "60daysAgo": 0.0, "90daysAgo": 0.0}, "epsRevisions": {"upLast7days": 0, "upLast30days": 0, "downLast30days": 0, "downLast90days": {}}}, {"maxAge": 1, "period": "+1y", "endDate": null, "growth": {}, "earningsEstimate": {"avg": 0.0, "low": 0.0, "high": 0.0, "yearAgoEps": {}, "numberOfAnalysts": 0, "growth": {}}, "revenueEstimate": {"avg": 0, "low": 0, "high": 0, "numberOfAnalysts": 0, "yearAgoRevenue": {}, "growth": {}}, "epsTrend": {"current": 0.0, "7daysAgo": 0.0, "30daysAgo": 0.0, "60daysAgo": 0.0, "90daysAgo": 0.0}, "epsRevisions": {"upLast7days": 0, "upLast30days": 0, "downLast30days": 0, "downLast90days": {}}}, {"maxAge": 1, "period": "+5y", "endDate": null, "growth": {}, "earningsEstimate": {"avg": {}, "low": {}, "high": {}, "yearAgoEps": {}, "numberOfAnalysts": {}, "growth": {}}, "revenueEstimate": {"avg": {}, "low": {}, "high": {}, "numberOfAnalysts": {}, "yearAgoRevenue": {}, "growth": {}}, "epsTrend": {"current": {}, "7daysAgo": {}, "30daysAgo": {}, "60daysAgo": {}, "90daysAgo": {}}, "epsRevisions": {"upLast7days": {}, "upLast30days": {}, "downLast30days": {}, "downLast90days": {}}}, {"maxAge": 1, "period": "-5y", "endDate": null, "growth": {}, "earningsEstimate": {"avg": {}, "low": {}, "high": {}, "yearAgoEps": {}, "numberOfAnalysts": {}, "growth": {}}, "revenueEstimate": {"avg": {}, "low": {}, "high": {}, "numberOfAnalysts": {}, "yearAgoRevenue": {}, "growth": {}}, "epsTrend": {"current": {}, "7daysAgo": {}, "30daysAgo": {}, "60daysAgo": {}, "90daysAgo": {}}, "epsRevisions": {"upLast7days": {}, "upLast30days": {}, "downLast30days": {}, "downLast90days": {}}}], "maxAge": 1}, "financialData": {"maxAge": 86400, "currentPrice": 310.45, "targetHighPrice": 235.0, "targetLowPrice": 235.0, "targetMeanPrice": 235.0, "targetMedianPrice": 235.0, "recommendationKey": "none", "numberOfAnalystOpinions": 1, "grossProfits": 3665580000, "financialCurrency": "INR"}}}