{"KIRLOSENG.NS": {"assetProfile": {"address1": "Laxmanrao Kirloskar Road", "address2": "Khadki", "city": "Pune", "zip": "411003", "country": "India", "phone": "91 20 2581 0341", "fax": "91 20 2581 3208", "website": "http://koel.kirloskar.com", "industry": "Specialty Industrial Machinery", "sector": "Industrials", "longBusinessSummary": "Kirloskar Oil Engines Limited manufactures and distributes diesel engines, agricultural pump sets, electric pump sets, power tiller, generating sets, and spares in India. It offers air-cooled and liquid-cooled engines and diesel generating sets; and petrol generators, as well as engines operating on alternative fuels, such as bio-diesel, biogas, straight vegetable oil, and natural gas. The company also provides industrial engines for applications in the sectors, such as earth moving, construction, mining, material handling, fluid handling, marine, and off-shore; diesel engines and pump sets for agriculture applications; diesel generating sets for stationary power plants; and marine main propulsion engines and auxiliary generating sets. It serves service industries, such as telecom, IT/ITES, BPO, shopping malls, hotels, hospitals, and banks; educational and financial institutions; infrastructure projects, including airports, roads, bridges, residential and commercial complexes, townships, high-rise buildings, and others; other industries comprising engineering, manufacturing, FMCG, automobile and auto ancillaries, textile, pharmaceuticals, dairy, and food processing; and defense agencies, such as the air force, army, and navy, as well as the coast guard. The company also exports its products. The company was formerly known as Kirloskar Engines India Limited and changed its name to Kirloskar Oil Engines Limited in March 2010. Kirloskar Oil Engines Limited was founded in 1946 and is headquartered in Pune, India.", "fullTimeEmployees": 2342, "companyOfficers": [{"maxAge": 1, "name": "Mr. Atul Chandrakant Kirloskar", "age": 64, "title": "Exec. Chairman", "yearBorn": 1956, "fiscalYear": 2020, "totalPay": 36774564, "exercisedValue": 0, "unexercisedValue": 0}, {"maxAge": 1, "name": "Mr. Pawan Kumar Agarwal", "age": 49, "title": "Chief Financial Officer", "yearBorn": 1971, "fiscalYear": 2020, "totalPay": 10500000, "exercisedValue": 0, "unexercisedValue": 0}, {"maxAge": 1, "name": "Mr. Sanjeev  Nimkar B.E", "age": 50, "title": "MD, COO & Additional Director", "yearBorn": 1970, "exercisedValue": 0, "unexercisedValue": 0}, {"maxAge": 1, "name": "Ms. Smita Arun Raichurkar", "age": 38, "title": "Compliance Officer & Company Sec.", "yearBorn": 1982, "exercisedValue": 0, "unexercisedValue": 0}, {"maxAge": 1, "name": "Mr. Kumar M. Kanetkar", "age": 61, "title": "Chief Commercial Officer", "yearBorn": 1959, "exercisedValue": 0, "unexercisedValue": 0}, {"maxAge": 1, "name": "Mr. N. A. Joshi", "age": 64, "title": "Sr. VP of Power Generation", "yearBorn": 1956, "exercisedValue": 0, "unexercisedValue": 0}, {"maxAge": 1, "name": "Dr. M. N. Kumar", "age": 55, "title": "Head of Corp. Research Engineering", "yearBorn": 1965, "exercisedValue": 0, "unexercisedValue": 0}, {"maxAge": 1, "name": "Mr. N.  Luthra BE(Mech), PGDBA", "age": 71, "title": "Corp. VP", "yearBorn": 1949, "fiscalYear": 2006, "exercisedValue": 0, "unexercisedValue": 0}, {"maxAge": 1, "name": "Mr. M. K. Nagabhushan", "age": 60, "title": "VP of Bus. Excellence", "yearBorn": 1960, "exercisedValue": 0, "unexercisedValue": 0}, {"maxAge": 1, "name": "Mr. M. R. Chandrachud", "age": 67, "title": "VP of LEBG", "yearBorn": 1953, "exercisedValue": 0, "unexercisedValue": 0}], "compensationAsOfEpochDate": "2020-12-31 05:30:00", "maxAge": 86400}, "recommendationTrend": {"trend": [{"period": "0m", "strongBuy": 0, "buy": 0, "hold": 0, "sell": 0, "strongSell": 0}, {"period": "-1m", "strongBuy": 0, "buy": 0, "hold": 0, "sell": 0, "strongSell": 0}, {"period": "-2m", "strongBuy": 0, "buy": 0, "hold": 0, "sell": 0, "strongSell": 0}, {"period": "-3m", "strongBuy": 0, "buy": 0, "hold": 0, "sell": 0, "strongSell": 0}], "maxAge": 86400}, "cashflowStatementHistory": {"cashflowStatements": [{"maxAge": 1, "endDate": "2020-03-31", "netIncome": 1851800000, "depreciation": 839200000, "changeToNetincome": -474600000, "changeToAccountReceivables": 1297800000, "changeToLiabilities": -241400000, "changeToInventory": -1021300000, "changeToOperatingActivities": -3541600000, "totalCashFromOperatingActivities": -1241700000, "capitalExpenditures": -828900000, "investments": 3103100000, "otherCashflowsFromInvestingActivities": 48600000, "totalCashflowsFromInvestingActivities": 2333500000, "dividendsPaid": -940000000, "netBorrowings": 845900000, "otherCashflowsFromFinancingActivities": -331700000, "totalCashFromFinancingActivities": -425800000, "changeInCash": 666000000}, {"maxAge": 1, "endDate": "2019-03-31", "netIncome": 2191700000, "depreciation": 887700000, "changeToNetincome": -440500000, "changeToAccountReceivables": -514800000, "changeToLiabilities": -458700000, "changeToInventory": 312500000, "changeToOperatingActivities": -136400000, "totalCashFromOperatingActivities": 1918100000, "capitalExpenditures": -811600000, "investments": 152200000, "otherCashflowsFromInvestingActivities": 48600000, "totalCashflowsFromInvestingActivities": -378500000, "dividendsPaid": -723100000, "netBorrowings": -519200000, "otherCashflowsFromFinancingActivities": -285200000, "totalCashFromFinancingActivities": -1527500000, "changeInCash": 12100000}, {"maxAge": 1, "endDate": "2018-03-31", "netIncome": 1397200000, "depreciation": 1177200000, "changeToNetincome": -488500000, "changeToAccountReceivables": -730300000, "changeToLiabilities": 126000000, "changeToInventory": -527700000, "changeToOperatingActivities": 344400000, "totalCashFromOperatingActivities": 1364800000, "capitalExpenditures": -1113500000, "investments": 3669800000, "otherCashflowsFromInvestingActivities": 12800000, "totalCashflowsFromInvestingActivities": 66900000, "dividendsPaid": -1084600000, "netBorrowings": 458300000, "otherCashflowsFromFinancingActivities": -329700000, "totalCashFromFinancingActivities": -956000000, "changeInCash": 475700000}, {"maxAge": 1, "endDate": "2017-03-31", "netIncome": 1738900000, "depreciation": 1054000000, "changeToNetincome": -127600000, "changeToAccountReceivables": -671400000, "changeToLiabilities": -185700000, "changeToInventory": -244500000, "changeToOperatingActivities": 87600000, "totalCashFromOperatingActivities": 1713800000, "capitalExpenditures": -580000000, "investments": -1341200000, "otherCashflowsFromInvestingActivities": 14200000, "totalCashflowsFromInvestingActivities": -1898100000, "dividendsPaid": -1084600000, "netBorrowings": 52800000, "otherCashflowsFromFinancingActivities": -28000000, "totalCashFromFinancingActivities": 24800000, "changeInCash": -159500000}], "maxAge": 86400}, "indexTrend": {"maxAge": 1, "symbol": "SP5", "peRatio": 19.7411, "pegRatio": 1.34172, "estimates": [{"period": "0q", "growth": 0.549}, {"period": "+1q", "growth": 0.431}, {"period": "0y", "growth": 0.305}, {"period": "+1y", "growth": 0.109}, {"period": "+5y", "growth": 0.120865}, {"period": "-5y"}]}, "defaultKeyStatistics": {"maxAge": 1, "priceHint": 2, "enterpriseValue": 25251497984, "forwardPE": 14.065008, "profitMargins": 0.05587, "floatShares": 53916530, "sharesOutstanding": 144614000, "heldPercentInsiders": 0.62008, "heldPercentInstitutions": 0.21969, "beta": 0.64687, "category": null, "bookValue": 120.677, "priceToBook": 1.4522237, "fundFamily": null, "legalType": null, "lastFiscalYearEnd": "2020-03-31 05:30:00", "nextFiscalYearEnd": "2022-03-31 05:30:00", "mostRecentQuarter": "2020-12-31 05:30:00", "earningsQuarterlyGrowth": 0.441, "netIncomeToCommon": 1696099968, "trailingEps": 11.735, "forwardEps": 12.46, "pegRatio": 0.95, "lastSplitFactor": null, "enterpriseToRevenue": 0.832, "enterpriseToEbitda": 8.078}, "industryTrend": {"maxAge": 1, "symbol": null, "estimates": []}, "quoteType": {"exchange": "NSI", "quoteType": "EQUITY", "symbol": "KIRLOSENG.NS", "underlyingSymbol": "KIRLOSENG.NS", "shortName": "KIRLOSKAR OIL ENGI", "longName": "Kirloskar Oil Engines Limited", "firstTradeDateEpochUtc": "2002-08-12 09:15:00", "timeZoneFullName": "Asia/Kolkata", "timeZoneShortName": "IST", "uuid": "0c207850-f996-3b94-b689-ef199d652320", "gmtOffSetMilliseconds": 19800000, "maxAge": 1}, "incomeStatementHistory": {"incomeStatementHistory": [{"maxAge": 1, "endDate": "2020-03-31", "totalRevenue": 33794500000, "costOfRevenue": 21823000000, "grossProfit": 11971500000, "researchDevelopment": {}, "sellingGeneralAdministrative": 3269200000, "nonRecurring": {}, "otherOperatingExpenses": 5791200000, "totalOperatingExpenses": 31756800000, "operatingIncome": 2037700000, "totalOtherIncomeExpenseNet": 409700000, "ebit": 2037700000, "interestExpense": -102800000, "incomeBeforeTax": 2447400000, "incomeTaxExpense": 568500000, "minorityInterest": {}, "netIncomeFromContinuingOps": 1878900000, "discontinuedOperations": {}, "extraordinaryItems": {}, "effectOfAccountingCharges": {}, "otherItems": {}, "netIncome": 1851800000, "netIncomeApplicableToCommonShares": 1851800000}, {"maxAge": 1, "endDate": "2019-03-31", "totalRevenue": 36263900000, "costOfRevenue": 23713800000, "grossProfit": 12550100000, "researchDevelopment": {}, "sellingGeneralAdministrative": 3037500000, "nonRecurring": {}, "otherOperatingExpenses": 5746600000, "totalOperatingExpenses": 33441900000, "operatingIncome": 2822000000, "totalOtherIncomeExpenseNet": 492600000, "ebit": 2822000000, "interestExpense": -100300000, "incomeBeforeTax": 3314600000, "incomeTaxExpense": 1118400000, "minorityInterest": {}, "netIncomeFromContinuingOps": 2196200000, "discontinuedOperations": {}, "extraordinaryItems": {}, "effectOfAccountingCharges": {}, "otherItems": {}, "netIncome": 2191700000, "netIncomeApplicableToCommonShares": 2191700000}, {"maxAge": 1, "endDate": "2018-03-31", "totalRevenue": 30554600000, "costOfRevenue": 20008700000, "grossProfit": 10545900000, "researchDevelopment": {}, "sellingGeneralAdministrative": 2806800000, "nonRecurring": {}, "otherOperatingExpenses": 5085800000, "totalOperatingExpenses": 29132900000, "operatingIncome": 1421700000, "totalOtherIncomeExpenseNet": 603700000, "ebit": 1421700000, "interestExpense": -97200000, "incomeBeforeTax": 2025400000, "incomeTaxExpense": 663200000, "minorityInterest": {}, "netIncomeFromContinuingOps": 1362200000, "discontinuedOperations": {}, "extraordinaryItems": {}, "effectOfAccountingCharges": {}, "otherItems": {}, "netIncome": 1397200000, "netIncomeApplicableToCommonShares": 1397200000}, {"maxAge": 1, "endDate": "2017-03-31", "totalRevenue": 26736100000, "costOfRevenue": 17229200000, "grossProfit": 9506900000, "researchDevelopment": {}, "sellingGeneralAdministrative": 2628300000, "nonRecurring": {}, "otherOperatingExpenses": 4038200000, "totalOperatingExpenses": 25001500000, "operatingIncome": 1734600000, "totalOtherIncomeExpenseNet": 791900000, "ebit": 1734600000, "interestExpense": -16600000, "incomeBeforeTax": 2526500000, "incomeTaxExpense": 787600000, "minorityInterest": {}, "netIncomeFromContinuingOps": 1738900000, "discontinuedOperations": {}, "extraordinaryItems": {}, "effectOfAccountingCharges": {}, "otherItems": {}, "netIncome": 1738900000, "netIncomeApplicableToCommonShares": 1738900000}], "maxAge": 86400}, "fundOwnership": {"ownershipList": [{"maxAge": 1, "reportDate": "2021-01-31", "organization": "DFA Investment Dimensions-DFA Emerging Mkts Value", "pctHeld": 0.0021, "position": 298653, "value": 36943376}, {"maxAge": 1, "reportDate": "2021-01-31", "organization": "DFA Emerging Markets Small Cap Series", "pctHeld": 0.0016, "position": 233424, "value": 28874548}, {"maxAge": 1, "reportDate": "2021-01-31", "organization": "DFA Emerging Markets Core Equity Portfolio", "pctHeld": 0.001, "position": 147627, "value": 18261459}, {"maxAge": 1, "reportDate": "2021-01-31", "organization": "DFA Investment Dimensions-Emerging Markets Social Core Equity", "pctHeld": 0.0002, "position": 25693, "value": 3178224}, {"maxAge": 1, "reportDate": "2021-01-31", "organization": "DFA Emerging Markets Sustainability Core 1 Portfolio", "pctHeld": 0.0001, "position": 7384, "value": 913400}], "maxAge": 1}, "summaryDetail": {"maxAge": 1, "priceHint": 2, "previousClose": 174.95, "open": 175.0, "dayLow": 173.0, "dayHigh": 181.85, "regularMarketPreviousClose": 174.95, "regularMarketOpen": 175.0, "regularMarketDayLow": 173.0, "regularMarketDayHigh": 181.85, "dividendRate": 5.5, "dividendYield": 0.031400003, "exDividendDate": "2021-03-17 05:30:00", "payoutRatio": 0.3407, "beta": 0.64687, "trailingPE": 14.933959, "forwardPE": 14.065008, "volume": 299119, "regularMarketVolume": 299119, "averageVolume": 438288, "averageVolume10days": 120664, "averageDailyVolume10Day": 120664, "bid": 0.0, "ask": 0.0, "bidSize": 0, "askSize": 0, "marketCap": 25343602688, "fiftyTwoWeekLow": 85.3, "fiftyTwoWeekHigh": 184.4, "priceToSalesTrailing12Months": 0.8348685, "fiftyDayAverage": 165.66176, "twoHundredDayAverage": 128.06099, "trailingAnnualDividendRate": 1.5, "trailingAnnualDividendYield": 0.008573879, "currency": "INR", "fromCurrency": null, "lastMarket": null, "algorithm": null, "tradeable": false}, "insiderHolders": {"holders": [{"maxAge": 1, "name": "Achyut & Neeta Holding & Finance Pvt Ltd", "relation": "Promoter", "url": "", "transactionDescription": "Acquisition", "latestTransDate": "2019-09-06", "positionDirect": 123203, "positionDirectDate": "2019-09-06"}, {"maxAge": 1, "name": "Kirloskar (Aditi Atul)", "relation": "Promoter", "url": "", "transactionDescription": "Other", "latestTransDate": "2021-03-18", "positionDirect": 1917860, "positionDirectDate": "2021-03-18"}, {"maxAge": 1, "name": "Kirloskar (Arti Atul)", "relation": "Promoter", "url": "", "transactionDescription": "Other", "latestTransDate": "2021-03-18", "positionDirect": 3229454, "positionDirectDate": "2021-03-18"}, {"maxAge": 1, "name": "Kirloskar (Atul Chandrakant)", "relation": "Executive Chairman", "url": "", "transactionDescription": "Sale", "latestTransDate": "2021-03-18", "positionDirect": 14670947, "positionDirectDate": "2021-03-18"}, {"maxAge": 1, "name": "Kirloskar (Gauri)", "relation": "Promoter", "url": "", "transactionDescription": "Other", "latestTransDate": "2021-03-18", "positionDirect": 5753580, "positionDirectDate": "2021-03-18"}, {"maxAge": 1, "name": "Kirloskar (Rahul Chandrakant)", "relation": "Non Independent Director", "url": "", "transactionDescription": "Acquisition", "latestTransDate": "2019-09-06", "positionDirect": 17782902, "positionDirectDate": "2019-09-06"}, {"maxAge": 1, "name": "Kulkarni (Ambar)", "relation": "Promoter", "url": "", "transactionDescription": "Gift", "latestTransDate": "2019-02-21", "positionDirect": 6492716, "positionDirectDate": "2019-02-21"}, {"maxAge": 1, "name": "Kulkarni (Jyostna Gautam)", "relation": "Promoter", "url": "", "transactionDescription": "Gift", "latestTransDate": "2019-02-21", "positionDirect": 12985432, "positionDirectDate": "2019-02-21"}, {"maxAge": 1, "name": "Kulkarni (Nihal G)", "relation": "Managing Director", "url": "", "transactionDescription": "Gift", "latestTransDate": "2019-02-21", "positionDirect": 6652472, "positionDirectDate": "2019-02-21"}, {"maxAge": 1, "name": "SBI Funds Management Pvt Ltd", "relation": "Promoter", "url": "", "transactionDescription": "Acquisition", "latestTransDate": "2021-01-20", "positionDirect": 12860353, "positionDirectDate": "2021-01-20"}], "maxAge": 1}, "calendarEvents": {"maxAge": 1, "earnings": {"earningsDate": [], "earningsAverage": 2.96, "earningsLow": 2.96, "earningsHigh": 2.96, "revenueAverage": 8071460000, "revenueLow": 8071460000, "revenueHigh": 8071460000}, "exDividendDate": "2021-03-17 05:30:00"}, "upgradeDowngradeHistory": {"history": [], "maxAge": 86400}, "price": {"maxAge": 1, "regularMarketChangePercent": 0.0017147932, "regularMarketChange": 0.30000305, "regularMarketTime": "2021-04-30 15:29:59", "priceHint": 2, "regularMarketPrice": 175.25, "regularMarketDayHigh": 181.85, "regularMarketDayLow": 173.0, "regularMarketVolume": 299119, "averageDailyVolume10Day": 120664, "averageDailyVolume3Month": 438288, "regularMarketPreviousClose": 174.95, "regularMarketSource": "FREE_REALTIME", "regularMarketOpen": 175.0, "exchange": "NSI", "exchangeName": "NSE", "exchangeDataDelayedBy": 15, "marketState": "CLOSED", "quoteType": "EQUITY", "symbol": "KIRLOSENG.NS", "underlyingSymbol": null, "shortName": "KIRLOSKAR OIL ENGI", "longName": "Kirloskar Oil Engines Limited", "currency": "INR", "quoteSourceName": "Delayed Quote", "currencySymbol": "\u20b9", "fromCurrency": null, "lastMarket": null, "marketCap": 25343602688}, "balanceSheetHistory": {"balanceSheetStatements": [{"maxAge": 1, "endDate": "2020-03-31", "cash": 1283400000, "shortTermInvestments": 3601100000, "netReceivables": 7393600000, "inventory": 4057700000, "otherCurrentAssets": 396800000, "totalCurrentAssets": 16797000000, "longTermInvestments": 745600000, "propertyPlantEquipment": 4075800000, "goodWill": 1845000000, "intangibleAssets": 1084700000, "otherAssets": 3070800000, "deferredLongTermAssetCharges": 30200000, "totalAssets": 27618900000, "accountsPayable": 3837900000, "shortLongTermDebt": 293100000, "otherCurrentLiab": 1980400000, "longTermDebt": 644400000, "otherLiab": 1967800000, "totalCurrentLiabilities": 7480000000, "totalLiab": 10167300000, "commonStock": 289200000, "retainedEarnings": 17110100000, "treasuryStock": 52300000, "otherStockholderEquity": 52300000, "totalStockholderEquity": 17451600000, "netTangibleAssets": 14521900000}, {"maxAge": 1, "endDate": "2019-03-31", "cash": 617400000, "shortTermInvestments": 8371900000, "netReceivables": 5106500000, "inventory": 3095800000, "otherCurrentAssets": 298600000, "totalCurrentAssets": 17599600000, "longTermInvestments": 2600000, "propertyPlantEquipment": 4177300000, "goodWill": 1845000000, "intangibleAssets": 1019800000, "otherAssets": 1377100000, "deferredLongTermAssetCharges": 67500000, "totalAssets": 26021400000, "accountsPayable": 4125000000, "shortLongTermDebt": 83400000, "otherCurrentLiab": 1850100000, "longTermDebt": 166900000, "otherLiab": 1648900000, "totalCurrentLiabilities": 7219800000, "totalLiab": 9035600000, "commonStock": 289200000, "retainedEarnings": 16692000000, "treasuryStock": 4600000, "otherStockholderEquity": 4600000, "totalStockholderEquity": 16985800000, "netTangibleAssets": 14121000000}, {"maxAge": 1, "endDate": "2018-03-31", "cash": 605300000, "shortTermInvestments": 6805500000, "netReceivables": 5341400000, "inventory": 3445700000, "otherCurrentAssets": 347400000, "totalCurrentAssets": 16635200000, "longTermInvestments": 1800000, "propertyPlantEquipment": 4316000000, "goodWill": 1845000000, "intangibleAssets": 1160100000, "otherAssets": 1040900000, "totalAssets": 24999000000, "accountsPayable": 4652600000, "shortLongTermDebt": 22600000, "otherCurrentLiab": 1240400000, "longTermDebt": 54700000, "otherLiab": 1459200000, "totalCurrentLiabilities": 7730600000, "totalLiab": 9244500000, "commonStock": 289200000, "retainedEarnings": 15462300000, "treasuryStock": 3000000, "otherStockholderEquity": 3000000, "totalStockholderEquity": 15754500000, "netTangibleAssets": 12749400000}, {"maxAge": 1, "endDate": "2017-03-31", "cash": 199900000, "shortTermInvestments": 9843700000, "netReceivables": 3750300000, "inventory": 2260900000, "otherCurrentAssets": 248700000, "totalCurrentAssets": 16356500000, "longTermInvestments": 28800000, "propertyPlantEquipment": 3938300000, "intangibleAssets": 587000000, "otherAssets": 675800000, "deferredLongTermAssetCharges": -116900000, "totalAssets": 21586400000, "accountsPayable": 3327700000, "otherCurrentLiab": 970700000, "otherLiab": 546900000, "totalCurrentLiabilities": 4867800000, "totalLiab": 5414700000, "commonStock": 289200000, "retainedEarnings": 15879600000, "treasuryStock": 2900000, "otherStockholderEquity": 2900000, "totalStockholderEquity": 16171700000, "netTangibleAssets": 15584700000}], "maxAge": 86400}, "earningsTrend": {"trend": [{"maxAge": 1, "period": "0q", "endDate": "2018-06-30", "growth": {}, "earningsEstimate": {"avg": 2.96, "low": 2.96, "high": 2.96, "yearAgoEps": {}, "numberOfAnalysts": 1, "growth": {}}, "revenueEstimate": {"avg": 8071460000, "low": 8071460000, "high": 8071460000, "numberOfAnalysts": 1, "yearAgoRevenue": 7827000000, "growth": 0.031}, "epsTrend": {"current": 2.96, "7daysAgo": 2.96, "30daysAgo": 2.96, "60daysAgo": 0.0, "90daysAgo": 0.0}, "epsRevisions": {"upLast7days": 0, "upLast30days": 0, "downLast30days": 0, "downLast90days": {}}}, {"maxAge": 1, "period": "+1q", "endDate": "2018-09-30", "growth": {}, "earningsEstimate": {"avg": 0.0, "low": 0.0, "high": 0.0, "yearAgoEps": {}, "numberOfAnalysts": 0, "growth": {}}, "revenueEstimate": {"avg": 0, "low": 0, "high": 0, "numberOfAnalysts": 0, "yearAgoRevenue": {}, "growth": {}}, "epsTrend": {"current": 0.0, "7daysAgo": 0.0, "30daysAgo": 0.0, "60daysAgo": 0.0, "90daysAgo": 0.0}, "epsRevisions": {"upLast7days": 0, "upLast30days": 0, "downLast30days": 0, "downLast90days": {}}}, {"maxAge": 1, "period": "0y", "endDate": "2019-03-31", "growth": {}, "earningsEstimate": {"avg": 11.26, "low": 11.26, "high": 11.26, "yearAgoEps": {}, "numberOfAnalysts": 1, "growth": {}}, "revenueEstimate": {"avg": 31355200000, "low": 31355200000, "high": 31355200000, "numberOfAnalysts": 1, "yearAgoRevenue": 30554600000, "growth": 0.025999999}, "epsTrend": {"current": 11.26, "7daysAgo": 11.26, "30daysAgo": 12.42, "60daysAgo": 13.2, "90daysAgo": 13.2}, "epsRevisions": {"upLast7days": 0, "upLast30days": 0, "downLast30days": 0, "downLast90days": {}}}, {"maxAge": 1, "period": "+1y", "endDate": "2020-03-31", "growth": 0.107, "earningsEstimate": {"avg": 12.46, "low": 12.46, "high": 12.46, "yearAgoEps": 11.26, "numberOfAnalysts": 1, "growth": 0.107}, "revenueEstimate": {"avg": 33895000000, "low": 33895000000, "high": 33895000000, "numberOfAnalysts": 1, "yearAgoRevenue": 31355200000, "growth": 0.081}, "epsTrend": {"current": 12.46, "7daysAgo": 12.46, "30daysAgo": 14.95, "60daysAgo": 15.95, "90daysAgo": 15.95}, "epsRevisions": {"upLast7days": 0, "upLast30days": 0, "downLast30days": 0, "downLast90days": {}}}, {"maxAge": 1, "period": "+5y", "endDate": null, "growth": 0.24, "earningsEstimate": {"avg": {}, "low": {}, "high": {}, "yearAgoEps": {}, "numberOfAnalysts": {}, "growth": {}}, "revenueEstimate": {"avg": {}, "low": {}, "high": {}, "numberOfAnalysts": {}, "yearAgoRevenue": {}, "growth": {}}, "epsTrend": {"current": {}, "7daysAgo": {}, "30daysAgo": {}, "60daysAgo": {}, "90daysAgo": {}}, "epsRevisions": {"upLast7days": {}, "upLast30days": {}, "downLast30days": {}, "downLast90days": {}}}, {"maxAge": 1, "period": "-5y", "endDate": null, "growth": -0.05345, "earningsEstimate": {"avg": {}, "low": {}, "high": {}, "yearAgoEps": {}, "numberOfAnalysts": {}, "growth": {}}, "revenueEstimate": {"avg": {}, "low": {}, "high": {}, "numberOfAnalysts": {}, "yearAgoRevenue": {}, "growth": {}}, "epsTrend": {"current": {}, "7daysAgo": {}, "30daysAgo": {}, "60daysAgo": {}, "90daysAgo": {}}, "epsRevisions": {"upLast7days": {}, "upLast30days": {}, "downLast30days": {}, "downLast90days": {}}}], "maxAge": 1}, "institutionOwnership": {"ownershipList": [], "maxAge": 1}, "majorHoldersBreakdown": {"maxAge": 1, "insidersPercentHeld": 0.62008, "institutionsPercentHeld": 0.21969, "institutionsFloatPercentHeld": 0.57827, "institutionsCount": 9}, "balanceSheetHistoryQuarterly": {"balanceSheetStatements": [{"maxAge": 1, "endDate": "2020-12-31"}, {"maxAge": 1, "endDate": "2020-06-30", "totalStockholderEquity": 17451600000, "netTangibleAssets": 14521900000}, {"maxAge": 1, "endDate": "2020-03-31", "cash": 1283400000, "shortTermInvestments": 3601100000, "netReceivables": 7393600000, "inventory": 4057700000, "otherCurrentAssets": 396800000, "totalCurrentAssets": 16797000000, "longTermInvestments": 745600000, "propertyPlantEquipment": 4075800000, "goodWill": 1845000000, "intangibleAssets": 1084700000, "otherAssets": 3070800000, "deferredLongTermAssetCharges": 30200000, "totalAssets": 27618900000, "accountsPayable": 3837900000, "shortLongTermDebt": 293100000, "otherCurrentLiab": 1980400000, "longTermDebt": 644400000, "otherLiab": 1967800000, "totalCurrentLiabilities": 7480000000, "totalLiab": 10167300000, "commonStock": 289200000, "retainedEarnings": 17110100000, "treasuryStock": 52300000, "otherStockholderEquity": 52300000, "totalStockholderEquity": 17451600000, "netTangibleAssets": 14521900000}, {"maxAge": 1, "endDate": "2019-12-31", "totalStockholderEquity": 17391100000, "netTangibleAssets": 14513700000}], "maxAge": 86400}, "earningsHistory": {"history": [{"maxAge": 1, "epsActual": {}, "epsEstimate": {}, "epsDifference": {}, "surprisePercent": {}, "quarter": {}, "period": "-4q"}, {"maxAge": 1, "epsActual": {}, "epsEstimate": {}, "epsDifference": {}, "surprisePercent": {}, "quarter": {}, "period": "-3q"}, {"maxAge": 1, "epsActual": {}, "epsEstimate": {}, "epsDifference": {}, "surprisePercent": {}, "quarter": {}, "period": "-2q"}, {"maxAge": 1, "epsActual": 3.06, "epsEstimate": 3.2, "epsDifference": -0.14, "surprisePercent": -0.044, "quarter": "2018-03-31", "period": "-1q"}], "maxAge": 86400}, "summaryProfile": {"address1": "Laxmanrao Kirloskar Road", "address2": "Khadki", "city": "Pune", "zip": "411003", "country": "India", "phone": "91 20 2581 0341", "fax": "91 20 2581 3208", "website": "http://koel.kirloskar.com", "industry": "Specialty Industrial Machinery", "sector": "Industrials", "longBusinessSummary": "Kirloskar Oil Engines Limited manufactures and distributes diesel engines, agricultural pump sets, electric pump sets, power tiller, generating sets, and spares in India. It offers air-cooled and liquid-cooled engines and diesel generating sets; and petrol generators, as well as engines operating on alternative fuels, such as bio-diesel, biogas, straight vegetable oil, and natural gas. The company also provides industrial engines for applications in the sectors, such as earth moving, construction, mining, material handling, fluid handling, marine, and off-shore; diesel engines and pump sets for agriculture applications; diesel generating sets for stationary power plants; and marine main propulsion engines and auxiliary generating sets. It serves service industries, such as telecom, IT/ITES, BPO, shopping malls, hotels, hospitals, and banks; educational and financial institutions; infrastructure projects, including airports, roads, bridges, residential and commercial complexes, townships, high-rise buildings, and others; other industries comprising engineering, manufacturing, FMCG, automobile and auto ancillaries, textile, pharmaceuticals, dairy, and food processing; and defense agencies, such as the air force, army, and navy, as well as the coast guard. The company also exports its products. The company was formerly known as Kirloskar Engines India Limited and changed its name to Kirloskar Oil Engines Limited in March 2010. Kirloskar Oil Engines Limited was founded in 1946 and is headquartered in Pune, India.", "fullTimeEmployees": 2342, "companyOfficers": [], "maxAge": 86400}, "netSharePurchaseActivity": {"maxAge": 1, "period": "6m", "buyInfoCount": 0, "buyInfoShares": 0, "sellInfoCount": 0, "netInfoCount": 0, "netInfoShares": 0, "netPercentInsiderShares": 0.0, "totalInsiderShares": 89499560}, "insiderTransactions": {"transactions": [{"maxAge": 1, "shares": 5753580, "filerUrl": "", "transactionText": "", "filerName": "Kirloskar (Gauri)", "filerRelation": "Promoter", "moneyText": "", "startDate": "2021-03-18", "ownership": "D"}, {"maxAge": 1, "shares": 3835720, "filerUrl": "", "transactionText": "", "filerName": "Kirloskar (Atul Chandrakant)", "filerRelation": "Executive Chairman", "moneyText": "", "startDate": "2021-03-18", "ownership": "D"}, {"maxAge": 1, "shares": 1917860, "filerUrl": "", "transactionText": "", "filerName": "Kirloskar (Aditi Atul)", "filerRelation": "Promoter", "moneyText": "", "startDate": "2021-03-18", "ownership": "D"}, {"maxAge": 1, "shares": 3835720, "filerUrl": "", "transactionText": "", "filerName": "Kirloskar (Arti Atul)", "filerRelation": "Promoter", "moneyText": "", "startDate": "2021-03-18", "ownership": "D"}, {"maxAge": 1, "shares": 5517353, "filerUrl": "", "transactionText": "", "filerName": "SBI Funds Management Pvt Ltd", "filerRelation": "Promoter", "moneyText": "", "startDate": "2021-01-20", "ownership": "D"}, {"maxAge": 1, "shares": 50000, "filerUrl": "", "transactionText": "", "filerName": "Achyut & Neeta Holding & Finance Pvt Ltd", "filerRelation": "Promoter", "moneyText": "", "startDate": "2019-09-06", "ownership": "D"}, {"maxAge": 1, "shares": 50000, "filerUrl": "", "transactionText": "", "filerName": "Kirloskar (Rahul Chandrakant)", "filerRelation": "Non Independent Director", "moneyText": "", "startDate": "2019-09-06", "ownership": "D"}, {"maxAge": 1, "shares": 15852391, "filerUrl": "", "transactionText": "", "filerName": "Kirloskar (Atul Chandrakant)", "filerRelation": "Executive Chairman", "moneyText": "", "startDate": "2019-09-06", "ownership": "D"}, {"maxAge": 1, "shares": 6492716, "filerUrl": "", "transactionText": "", "filerName": "Kulkarni (Ambar)", "filerRelation": "Promoter", "moneyText": "", "startDate": "2019-02-21", "ownership": "D"}, {"maxAge": 1, "shares": 12985432, "filerUrl": "", "transactionText": "", "filerName": "Kulkarni (Jyostna Gautam)", "filerRelation": "Promoter", "moneyText": "", "startDate": "2019-02-21", "ownership": "D"}, {"maxAge": 1, "shares": 6492716, "filerUrl": "", "transactionText": "", "filerName": "Kulkarni (Nihal G)", "filerRelation": "Managing Director", "moneyText": "", "startDate": "2019-02-21", "ownership": "D"}, {"maxAge": 1, "shares": 5694, "filerUrl": "", "transactionText": "", "filerName": "Kirloskar Chillers Pvt. Ltd.", "filerRelation": "Promoter", "moneyText": "", "startDate": "2018-10-09", "ownership": "D"}, {"maxAge": 1, "shares": 4306, "filerUrl": "", "transactionText": "", "filerName": "Kirloskar Chillers Pvt. Ltd.", "filerRelation": "Promoter", "moneyText": "", "startDate": "2018-10-08", "ownership": "D"}, {"maxAge": 1, "shares": 18398233, "filerUrl": "", "transactionText": "", "filerName": "Kulkarni (Jyostna Gautam)", "filerRelation": "Promoter", "moneyText": "", "startDate": "2017-12-20", "ownership": "D"}, {"maxAge": 1, "shares": 15837519, "filerUrl": "", "transactionText": "", "filerName": "Kulkarni (Gautam Achyut)", "filerRelation": "Executive Vice Chairman", "moneyText": "", "startDate": "2016-06-16", "ownership": "D"}, {"maxAge": 1, "shares": 750, "filerUrl": "", "transactionText": "", "filerName": "Chhabria (Rhea Mahesh)", "filerRelation": "UNREPORTED", "moneyText": "", "startDate": "2014-06-18", "ownership": "D"}, {"maxAge": 1, "shares": 300, "filerUrl": "", "transactionText": "", "filerName": "Chhabria (Aryan Mahesh)", "filerRelation": "UNREPORTED", "moneyText": "", "startDate": "2014-06-18", "ownership": "D"}, {"maxAge": 1, "shares": 12150, "filerUrl": "", "transactionText": "", "filerName": "Chhabria (Ramchand) HUF", "filerRelation": "UNREPORTED", "moneyText": "", "startDate": "2014-06-17", "ownership": "D"}, {"maxAge": 1, "shares": 8512, "filerUrl": "", "transactionText": "", "filerName": "Chhabria (Ramchand)", "filerRelation": "UNREPORTED", "moneyText": "", "startDate": "2014-06-17", "ownership": "D"}, {"maxAge": 1, "shares": 159756, "filerUrl": "", "transactionText": "", "filerName": "Kulkarni (Nihal G)", "filerRelation": "Managing Director", "moneyText": "", "startDate": "2013-11-21", "ownership": "D"}, {"maxAge": 1, "shares": 640244, "filerUrl": "", "transactionText": "", "filerName": "Kirloskar (Atul Chandrakant)", "filerRelation": "Executive Chairman", "moneyText": "", "startDate": "2013-11-21", "ownership": "D"}, {"maxAge": 1, "shares": 640244, "filerUrl": "", "transactionText": "", "filerName": "Kirloskar (Alpana Rahul)", "filerRelation": "Promoter", "moneyText": "", "startDate": "2013-11-21", "ownership": "D"}, {"maxAge": 1, "shares": 640244, "filerUrl": "", "transactionText": "", "filerName": "Kulkarni (Gautam Achyut)", "filerRelation": "Executive Vice Chairman", "moneyText": "", "startDate": "2013-11-21", "ownership": "D"}, {"maxAge": 1, "shares": 5000, "filerUrl": "", "transactionText": "", "filerName": "Swar (D R)", "filerRelation": "Non Executive Chairman", "moneyText": "", "startDate": "2011-11-15", "ownership": "D"}], "maxAge": 1}, "sectorTrend": {"maxAge": 1, "symbol": null, "estimates": []}, "incomeStatementHistoryQuarterly": {"incomeStatementHistory": [{"maxAge": 1, "endDate": "2020-12-31", "totalRevenue": 9586500000, "costOfRevenue": 6144100000, "grossProfit": 3442400000, "researchDevelopment": {}, "sellingGeneralAdministrative": 705200000, "nonRecurring": {}, "otherOperatingExpenses": 1533200000, "totalOperatingExpenses": 8591700000, "operatingIncome": 994800000, "totalOtherIncomeExpenseNet": -86000000, "ebit": 994800000, "interestExpense": -162400000, "incomeBeforeTax": 908800000, "incomeTaxExpense": 243800000, "minorityInterest": {}, "netIncomeFromContinuingOps": 665000000, "discontinuedOperations": {}, "extraordinaryItems": {}, "effectOfAccountingCharges": {}, "otherItems": {}, "netIncome": 662500000, "netIncomeApplicableToCommonShares": 662500000}, {"maxAge": 1, "endDate": "2020-06-30", "totalRevenue": 4223300000, "costOfRevenue": 2609800000, "grossProfit": 1613500000, "researchDevelopment": {}, "sellingGeneralAdministrative": 572600000, "nonRecurring": {}, "otherOperatingExpenses": 933600000, "totalOperatingExpenses": 4315100000, "operatingIncome": -91800000, "totalOtherIncomeExpenseNet": -600000, "ebit": -91800000, "interestExpense": -51700000, "incomeBeforeTax": -92400000, "incomeTaxExpense": -25100000, "minorityInterest": {}, "netIncomeFromContinuingOps": -67300000, "discontinuedOperations": {}, "extraordinaryItems": {}, "effectOfAccountingCharges": {}, "otherItems": {}, "netIncome": -68700000, "netIncomeApplicableToCommonShares": -68700000}, {"maxAge": 1, "endDate": "2020-03-31", "totalRevenue": 8232000000, "costOfRevenue": 5415000000, "grossProfit": 2817000000, "researchDevelopment": {}, "sellingGeneralAdministrative": 1214200000, "nonRecurring": {}, "otherOperatingExpenses": 793200000, "totalOperatingExpenses": 7640400000, "operatingIncome": 591600000, "totalOtherIncomeExpenseNet": 41700000, "ebit": 591600000, "interestExpense": -5500000, "incomeBeforeTax": 633300000, "incomeTaxExpense": 98300000, "minorityInterest": {}, "netIncomeFromContinuingOps": 535000000, "discontinuedOperations": {}, "extraordinaryItems": {}, "effectOfAccountingCharges": {}, "otherItems": {}, "netIncome": 526900000, "netIncomeApplicableToCommonShares": 526900000}, {"maxAge": 1, "endDate": "2019-12-31", "totalRevenue": 8356000000, "costOfRevenue": 5318300000, "grossProfit": 3037700000, "researchDevelopment": {}, "sellingGeneralAdministrative": 705600000, "nonRecurring": {}, "otherOperatingExpenses": 1638500000, "totalOperatingExpenses": 7883300000, "operatingIncome": 472700000, "totalOtherIncomeExpenseNet": 38900000, "ebit": 472700000, "interestExpense": -33100000, "incomeBeforeTax": 511600000, "incomeTaxExpense": 48000000, "minorityInterest": {}, "netIncomeFromContinuingOps": 463600000, "discontinuedOperations": {}, "extraordinaryItems": {}, "effectOfAccountingCharges": {}, "otherItems": {}, "netIncome": 459600000, "netIncomeApplicableToCommonShares": 459600000}], "maxAge": 86400}, "cashflowStatementHistoryQuarterly": {"cashflowStatements": [{"maxAge": 1, "endDate": "2020-12-31", "netIncome": 662500000, "changeToLiabilities": 0}, {"maxAge": 1, "endDate": "2020-06-30", "netIncome": -68700000, "changeToLiabilities": 0}, {"maxAge": 1, "endDate": "2020-03-31", "netIncome": 526900000, "changeToLiabilities": 0}, {"maxAge": 1, "endDate": "2019-12-31", "netIncome": 459600000, "changeToLiabilities": 0}], "maxAge": 86400}, "earnings": {"maxAge": 86400, "earningsChart": {"quarterly": [{"date": "1Q2018", "actual": 3.06, "estimate": 3.2}], "currentQuarterEstimate": 2.96, "currentQuarterEstimateDate": "2Q", "currentQuarterEstimateYear": 2018, "earningsDate": []}, "financialsChart": {"yearly": [{"date": 2017, "revenue": 26736100000, "earnings": 1738900000}, {"date": 2018, "revenue": 30554600000, "earnings": 1397200000}, {"date": 2019, "revenue": 36263900000, "earnings": 2191700000}, {"date": 2020, "revenue": 33794500000, "earnings": 1851800000}], "quarterly": [{"date": "4Q2019", "revenue": 8356000000, "earnings": 459600000}, {"date": "1Q2020", "revenue": 8232000000, "earnings": 526900000}, {"date": "2Q2020", "revenue": 4223300000, "earnings": -68700000}, {"date": "4Q2020", "revenue": 9586500000, "earnings": 662500000}]}, "financialCurrency": "INR"}, "financialData": {"maxAge": 86400, "currentPrice": 175.25, "targetHighPrice": 345.0, "targetLowPrice": 297.0, "targetMeanPrice": 320.5, "targetMedianPrice": 320.0, "recommendationMean": 3.2, "recommendationKey": "hold", "numberOfAnalystOpinions": 4, "ebitda": 3126099968, "totalRevenue": 30356400128, "revenuePerShare": 210.039, "grossProfits": 11971500000, "earningsGrowth": 0.443, "revenueGrowth": 0.147, "grossMargins": 0.36516997, "ebitdaMargins": 0.10298, "operatingMargins": 0.07874, "profitMargins": 0.05587, "financialCurrency": "INR"}}}