{"KISAN.BO": {"recommendationTrend": {"trend": [{"period": "0m", "strongBuy": 0, "buy": 0, "hold": 0, "sell": 0, "strongSell": 0}, {"period": "-1m", "strongBuy": 0, "buy": 0, "hold": 0, "sell": 0, "strongSell": 0}, {"period": "-2m", "strongBuy": 0, "buy": 0, "hold": 0, "sell": 0, "strongSell": 0}, {"period": "-3m", "strongBuy": 0, "buy": 0, "hold": 0, "sell": 0, "strongSell": 0}], "maxAge": 86400}, "cashflowStatementHistory": {"cashflowStatements": [{"maxAge": 1, "endDate": "2020-03-31", "netIncome": -420929000, "depreciation": 115152000, "changeToNetincome": 127576000, "changeToAccountReceivables": 527840000, "changeToLiabilities": 0, "changeToInventory": 153737000, "changeToOperatingActivities": -248022000, "totalCashFromOperatingActivities": 250618000, "capitalExpenditures": -29602000, "otherCashflowsFromInvestingActivities": 27537000, "totalCashflowsFromInvestingActivities": 252011000, "netBorrowings": -216887000, "otherCashflowsFromFinancingActivities": -317514000, "totalCashFromFinancingActivities": -534401000, "changeInCash": -31774000}, {"maxAge": 1, "endDate": "2019-03-31", "netIncome": -96849000, "depreciation": 139172000, "changeToNetincome": 277677000, "changeToAccountReceivables": 158104000, "changeToLiabilities": 0, "changeToInventory": 159745000, "changeToOperatingActivities": -183605000, "totalCashFromOperatingActivities": 450287000, "capitalExpenditures": -98686000, "otherCashflowsFromInvestingActivities": -725000, "totalCashflowsFromInvestingActivities": -47069000, "netBorrowings": -72014000, "otherCashflowsFromFinancingActivities": -326132000, "totalCashFromFinancingActivities": -398146000, "changeInCash": 5074000}, {"maxAge": 1, "endDate": "2018-03-31", "netIncome": 4271000, "depreciation": 141355000, "changeToNetincome": 301723000, "changeToAccountReceivables": -369433000, "changeToLiabilities": 0, "changeToInventory": -496967000, "changeToOperatingActivities": 490101000, "totalCashFromOperatingActivities": 67729000, "capitalExpenditures": -140808000, "otherCashflowsFromInvestingActivities": -9014000, "totalCashflowsFromInvestingActivities": -107259000, "netBorrowings": -174347000, "otherCashflowsFromFinancingActivities": -359256000, "totalCashFromFinancingActivities": 54985000, "changeInCash": 15455000, "issuanceOfStock": 588588000}, {"maxAge": 1, "endDate": "2017-03-31", "netIncome": -8607000, "depreciation": 120673000, "changeToNetincome": 276008000, "changeToAccountReceivables": -170531000, "changeToLiabilities": 0, "changeToInventory": -65169000, "changeToOperatingActivities": 223067000, "totalCashFromOperatingActivities": 375539000, "capitalExpenditures": -209419000, "investments": 35000, "otherCashflowsFromInvestingActivities": -10867000, "totalCashflowsFromInvestingActivities": -184287000, "netBorrowings": -164342000, "otherCashflowsFromFinancingActivities": -380588000, "totalCashFromFinancingActivities": -225031000, "changeInCash": -33779000, "issuanceOfStock": 319899000}], "maxAge": 86400}, "institutionOwnership": {"maxAge": 1, "ownershipList": []}, "balanceSheetHistoryQuarterly": {"balanceSheetStatements": [{"maxAge": 1, "endDate": "2020-03-31", "cash": 9968000, "netReceivables": 990593000, "inventory": 1653773000, "otherCurrentAssets": 345033000, "totalCurrentAssets": 3004941000, "longTermInvestments": 656000, "propertyPlantEquipment": 1263383000, "intangibleAssets": 287000, "otherAssets": 460131000, "deferredLongTermAssetCharges": 374118000, "totalAssets": 4729398000, "accountsPayable": 1150746000, "shortLongTermDebt": 153455000, "otherCurrentLiab": 104475000, "longTermDebt": 348389000, "otherLiab": 46710000, "totalCurrentLiabilities": 3104669000, "totalLiab": 3499768000, "commonStock": 338631000, "retainedEarnings": -145184000, "treasuryStock": 5194000, "capitalSurplus": 1030989000, "otherStockholderEquity": 5194000, "totalStockholderEquity": 1229630000, "netTangibleAssets": 1229343000}, {"maxAge": 1, "endDate": "2019-12-31", "totalStockholderEquity": 1503327000, "netTangibleAssets": 1502991000}, {"maxAge": 1, "endDate": "2019-09-30", "cash": 112396000, "shortTermInvestments": 92437000, "netReceivables": 1239318000, "inventory": 1833571000, "otherCurrentAssets": 424709000, "totalCurrentAssets": 3702431000, "longTermInvestments": 656000, "propertyPlantEquipment": 1315275000, "intangibleAssets": 336000, "otherAssets": 368684000, "deferredLongTermAssetCharges": 296255000, "totalAssets": 5387382000, "accountsPayable": 1310583000, "otherCurrentLiab": 653678000, "longTermDebt": 534919000, "otherLiab": 56478000, "totalCurrentLiabilities": 3292658000, "totalLiab": 3884055000, "commonStock": 338631000, "treasuryStock": 1164696000, "otherStockholderEquity": 1164696000, "totalStockholderEquity": 1503327000, "netTangibleAssets": 1502991000}, {"maxAge": 1, "endDate": "2019-06-30", "totalStockholderEquity": 1647469000, "netTangibleAssets": 1647084000}], "maxAge": 86400}, "earningsHistory": {"history": [{"maxAge": 1, "epsActual": {}, "epsEstimate": {}, "epsDifference": {}, "surprisePercent": {}, "quarter": {}, "period": "-4q"}, {"maxAge": 1, "epsActual": {}, "epsEstimate": {}, "epsDifference": {}, "surprisePercent": {}, "quarter": {}, "period": "-3q"}, {"maxAge": 1, "epsActual": {}, "epsEstimate": {}, "epsDifference": {}, "surprisePercent": {}, "quarter": {}, "period": "-2q"}, {"maxAge": 1, "epsActual": {}, "epsEstimate": {}, "epsDifference": {}, "surprisePercent": {}, "quarter": {}, "period": "-1q"}], "maxAge": 86400}, "indexTrend": {"maxAge": 1, "symbol": "SP5", "peRatio": 19.7411, "pegRatio": 1.34172, "estimates": [{"period": "0q", "growth": 0.549}, {"period": "+1q", "growth": 0.431}, {"period": "0y", "growth": 0.305}, {"period": "+1y", "growth": 0.109}, {"period": "+5y", "growth": 0.120859005}, {"period": "-5y"}]}, "industryTrend": {"maxAge": 1, "symbol": null, "estimates": []}, "insiderTransactions": {"transactions": [{"maxAge": 1, "shares": 300000, "filerUrl": "", "transactionText": "", "filerName": "Aggarwal (Vijay J)", "filerRelation": "Promoter", "moneyText": "", "startDate": "2019-07-12", "ownership": "D"}, {"maxAge": 1, "shares": 300000, "filerUrl": "", "transactionText": "", "filerName": "Aggarwal (Amit V)", "filerRelation": "Promoter", "moneyText": "", "startDate": "2019-07-12", "ownership": "D"}], "maxAge": 1}, "quoteType": {"exchange": "BSE", "quoteType": "EQUITY", "symbol": "KISAN.BO", "underlyingSymbol": "KISAN.BO", "shortName": "KISAN MOULDINGS LTD.", "longName": "Kisan Mouldings Limited", "firstTradeDateEpochUtc": "2000-11-03 09:15:00", "timeZoneFullName": "Asia/Kolkata", "timeZoneShortName": "IST", "uuid": "775c613b-546b-3ba9-bc7f-30999b3d796c", "messageBoardId": null, "gmtOffSetMilliseconds": 19800000, "maxAge": 1}, "incomeStatementHistory": {"incomeStatementHistory": [{"maxAge": 1, "endDate": "2020-03-31", "totalRevenue": 2476924000, "costOfRevenue": 1953890000, "grossProfit": 523034000, "researchDevelopment": {}, "sellingGeneralAdministrative": 161823000, "nonRecurring": {}, "otherOperatingExpenses": 561187000, "totalOperatingExpenses": 2791464000, "operatingIncome": -314540000, "totalOtherIncomeExpenseNet": -251956000, "ebit": -314540000, "interestExpense": -309926000, "incomeBeforeTax": -566496000, "incomeTaxExpense": -145567000, "minorityInterest": {}, "netIncomeFromContinuingOps": -420929000, "discontinuedOperations": {}, "extraordinaryItems": {}, "effectOfAccountingCharges": {}, "otherItems": {}, "netIncome": -420929000, "netIncomeApplicableToCommonShares": -420929000}, {"maxAge": 1, "endDate": "2019-03-31", "totalRevenue": 5339961000, "costOfRevenue": 3973662000, "grossProfit": 1366299000, "researchDevelopment": {}, "sellingGeneralAdministrative": 280827000, "nonRecurring": {}, "otherOperatingExpenses": 770559000, "totalOperatingExpenses": 5164220000, "operatingIncome": 175741000, "totalOtherIncomeExpenseNet": -332747000, "ebit": 175741000, "interestExpense": -314963000, "incomeBeforeTax": -157006000, "incomeTaxExpense": -60157000, "minorityInterest": {}, "netIncomeFromContinuingOps": -96849000, "discontinuedOperations": {}, "extraordinaryItems": {}, "effectOfAccountingCharges": {}, "otherItems": {}, "netIncome": -96849000, "netIncomeApplicableToCommonShares": -96849000}, {"maxAge": 1, "endDate": "2018-03-31", "totalRevenue": 5595337000, "costOfRevenue": 4175033000, "grossProfit": 1420304000, "researchDevelopment": {}, "sellingGeneralAdministrative": 260981000, "nonRecurring": {}, "otherOperatingExpenses": 723682000, "totalOperatingExpenses": 5301051000, "operatingIncome": 294286000, "totalOtherIncomeExpenseNet": -326315000, "ebit": 294286000, "interestExpense": -350968000, "incomeBeforeTax": -32029000, "incomeTaxExpense": -36300000, "minorityInterest": {}, "netIncomeFromContinuingOps": 4271000, "discontinuedOperations": {}, "extraordinaryItems": {}, "effectOfAccountingCharges": {}, "otherItems": {}, "netIncome": 4271000, "netIncomeApplicableToCommonShares": 4271000}, {"maxAge": 1, "endDate": "2017-03-31", "totalRevenue": 4798393000, "costOfRevenue": 3459580000, "grossProfit": 1338813000, "researchDevelopment": {}, "sellingGeneralAdministrative": 204025000, "nonRecurring": {}, "otherOperatingExpenses": 771798000, "totalOperatingExpenses": 4556174000, "operatingIncome": 242219000, "totalOtherIncomeExpenseNet": -371821000, "ebit": 242219000, "interestExpense": -375298000, "incomeBeforeTax": -129602000, "incomeTaxExpense": -120995000, "minorityInterest": {}, "netIncomeFromContinuingOps": -8607000, "discontinuedOperations": {}, "extraordinaryItems": {}, "effectOfAccountingCharges": {}, "otherItems": {}, "netIncome": -8607000, "netIncomeApplicableToCommonShares": -8607000}], "maxAge": 86400}, "fundOwnership": {"maxAge": 1, "ownershipList": []}, "summaryDetail": {"maxAge": 1, "priceHint": 2, "previousClose": 14.4, "open": 14.05, "dayLow": 14.05, "dayHigh": 14.75, "regularMarketPreviousClose": 14.4, "regularMarketOpen": 14.05, "regularMarketDayLow": 14.05, "regularMarketDayHigh": 14.75, "volume": 7331, "regularMarketVolume": 7331, "averageVolume": 38449, "averageVolume10days": 42191, "averageDailyVolume10Day": 42191, "bid": 14.25, "ask": 14.45, "bidSize": 0, "askSize": 0, "marketCap": 487628640, "fiftyTwoWeekLow": 6.51, "fiftyTwoWeekHigh": 16.18, "fiftyDayAverage": 12.282059, "twoHundredDayAverage": 10.054044, "currency": "INR", "fromCurrency": null, "toCurrency": null, "lastMarket": null, "algorithm": null, "tradeable": false}, "sectorTrend": {"maxAge": 1, "symbol": null, "estimates": []}, "incomeStatementHistoryQuarterly": {"incomeStatementHistory": [{"maxAge": 1, "endDate": "2020-03-31", "totalRevenue": 330017000, "costOfRevenue": 77332000, "grossProfit": 252685000, "researchDevelopment": {}, "sellingGeneralAdministrative": -120311000, "nonRecurring": {}, "otherOperatingExpenses": 561187000, "totalOperatingExpenses": 542591000, "operatingIncome": -212574000, "totalOtherIncomeExpenseNet": -70374000, "ebit": -212574000, "interestExpense": -61408000, "incomeBeforeTax": -282948000, "incomeTaxExpense": -80920000, "minorityInterest": {}, "netIncomeFromContinuingOps": -202028000, "discontinuedOperations": {}, "extraordinaryItems": {}, "effectOfAccountingCharges": {}, "otherItems": {}, "netIncome": -202028000, "netIncomeApplicableToCommonShares": -202028000}, {"maxAge": 1, "endDate": "2019-12-31", "totalRevenue": 726773000, "costOfRevenue": 652476000, "grossProfit": 74297000, "researchDevelopment": {}, "sellingGeneralAdministrative": 97417000, "nonRecurring": {}, "otherOperatingExpenses": 561187000, "totalOperatingExpenses": 774230000, "operatingIncome": -47457000, "totalOtherIncomeExpenseNet": -26534000, "ebit": -47457000, "interestExpense": -90363000, "incomeBeforeTax": -73991000, "incomeTaxExpense": 1691000, "minorityInterest": {}, "netIncomeFromContinuingOps": -75682000, "discontinuedOperations": {}, "extraordinaryItems": {}, "effectOfAccountingCharges": {}, "otherItems": {}, "netIncome": -75682000, "netIncomeApplicableToCommonShares": -75682000}, {"maxAge": 1, "endDate": "2019-09-30", "totalRevenue": 659283000, "costOfRevenue": 576785000, "grossProfit": 82498000, "researchDevelopment": {}, "sellingGeneralAdministrative": 84304000, "nonRecurring": {}, "otherOperatingExpenses": 561187000, "totalOperatingExpenses": 692795000, "operatingIncome": -33512000, "totalOtherIncomeExpenseNet": -78318000, "ebit": -33512000, "interestExpense": -80104000, "incomeBeforeTax": -111830000, "incomeTaxExpense": -27855000, "minorityInterest": {}, "netIncomeFromContinuingOps": -83975000, "discontinuedOperations": {}, "extraordinaryItems": {}, "effectOfAccountingCharges": {}, "otherItems": {}, "netIncome": -83975000, "netIncomeApplicableToCommonShares": -83975000}, {"maxAge": 1, "endDate": "2019-06-30", "totalRevenue": 760852000, "costOfRevenue": 647290000, "grossProfit": 113562000, "researchDevelopment": {}, "sellingGeneralAdministrative": 100382000, "nonRecurring": {}, "otherOperatingExpenses": 561187000, "totalOperatingExpenses": 781810000, "operatingIncome": -20958000, "totalOtherIncomeExpenseNet": -76731000, "ebit": -20958000, "interestExpense": -78051000, "incomeBeforeTax": -97689000, "incomeTaxExpense": -38483000, "minorityInterest": {}, "netIncomeFromContinuingOps": -59206000, "discontinuedOperations": {}, "extraordinaryItems": {}, "effectOfAccountingCharges": {}, "otherItems": {}, "netIncome": -59206000, "netIncomeApplicableToCommonShares": -59206000}], "maxAge": 86400}, "cashflowStatementHistoryQuarterly": {"cashflowStatements": [{"maxAge": 1, "endDate": "2020-03-31", "netIncome": -202028000, "changeToLiabilities": 0}, {"maxAge": 1, "endDate": "2019-12-31", "netIncome": -75682000, "changeToLiabilities": 0}, {"maxAge": 1, "endDate": "2019-09-30", "netIncome": -83975000, "changeToLiabilities": 0}, {"maxAge": 1, "endDate": "2019-06-30", "netIncome": -59206000, "changeToLiabilities": 0}], "maxAge": 86400}, "insiderHolders": {"holders": [{"maxAge": 1, "name": "Aggarwal (Amit V)", "relation": "Promoter", "url": "", "transactionDescription": "Gift", "latestTransDate": "2019-07-12", "positionDirect": 849171, "positionDirectDate": "2019-07-12"}, {"maxAge": 1, "name": "Aggarwal (Vijay J)", "relation": "Promoter", "url": "", "transactionDescription": "Gift", "latestTransDate": "2019-07-12", "positionDirect": 1217336, "positionDirectDate": "2019-07-12"}], "maxAge": 1}, "earnings": {"maxAge": 86400, "earningsChart": {"quarterly": [], "earningsDate": ["2020-11-09 05:30:S", "2020-11-14 05:30:S"]}, "financialsChart": {"yearly": [{"date": 2017, "revenue": 4798393000, "earnings": -8607000}, {"date": 2018, "revenue": 5595337000, "earnings": 4271000}, {"date": 2019, "revenue": 5339961000, "earnings": -96849000}, {"date": 2020, "revenue": 2476924000, "earnings": -420929000}], "quarterly": [{"date": "2Q2019", "revenue": 760852000, "earnings": -59206000}, {"date": "3Q2019", "revenue": 659283000, "earnings": -83975000}, {"date": "4Q2019", "revenue": 726773000, "earnings": -75682000}, {"date": "1Q2020", "revenue": 330017000, "earnings": -202028000}]}, "financialCurrency": "INR"}, "calendarEvents": {"maxAge": 1, "earnings": {"earningsDate": ["2020-11-09 05:30:S", "2020-11-14 05:30:S"]}}, "price": {"maxAge": 1, "regularMarketChangePercent": 0.0, "regularMarketChange": 0.0, "regularMarketTime": "2021-04-30 15:28:12", "priceHint": 2, "regularMarketPrice": 14.4, "regularMarketDayHigh": 14.75, "regularMarketDayLow": 14.05, "regularMarketVolume": 7331, "averageDailyVolume10Day": 42191, "averageDailyVolume3Month": 38449, "regularMarketPreviousClose": 14.4, "regularMarketSource": "FREE_REALTIME", "regularMarketOpen": 14.05, "exchange": "BSE", "exchangeName": "BSE", "exchangeDataDelayedBy": 0, "marketState": "CLOSED", "quoteType": "EQUITY", "symbol": "KISAN.BO", "underlyingSymbol": null, "shortName": "KISAN MOULDINGS LTD.", "longName": "Kisan Mouldings Limited", "currency": "INR", "quoteSourceName": "Delayed Quote", "currencySymbol": "\u20b9", "fromCurrency": null, "toCurrency": null, "lastMarket": null, "marketCap": 487628640}, "balanceSheetHistory": {"balanceSheetStatements": [{"maxAge": 1, "endDate": "2020-03-31", "cash": 9968000, "netReceivables": 990593000, "inventory": 1653773000, "otherCurrentAssets": 345033000, "totalCurrentAssets": 3004941000, "longTermInvestments": 656000, "propertyPlantEquipment": 1263383000, "intangibleAssets": 287000, "otherAssets": 460131000, "deferredLongTermAssetCharges": 374118000, "totalAssets": 4729398000, "accountsPayable": 1150746000, "shortLongTermDebt": 153455000, "otherCurrentLiab": 104475000, "longTermDebt": 348389000, "otherLiab": 46710000, "totalCurrentLiabilities": 3104669000, "totalLiab": 3499768000, "commonStock": 338631000, "retainedEarnings": -145184000, "treasuryStock": 5194000, "capitalSurplus": 1030989000, "otherStockholderEquity": 5194000, "totalStockholderEquity": 1229630000, "netTangibleAssets": 1229343000}, {"maxAge": 1, "endDate": "2019-03-31", "cash": 41741000, "netReceivables": 1518761000, "inventory": 1807509000, "otherCurrentAssets": 417322000, "totalCurrentAssets": 3817954000, "longTermInvestments": 656000, "propertyPlantEquipment": 1529641000, "intangibleAssets": 385000, "otherAssets": 282386000, "deferredLongTermAssetCharges": 229976000, "totalAssets": 5631022000, "accountsPayable": 1334403000, "shortLongTermDebt": 216287000, "otherCurrentLiab": 152325000, "longTermDebt": 641558000, "otherLiab": 57404000, "totalCurrentLiabilities": 3284588000, "totalLiab": 3983550000, "commonStock": 338631000, "retainedEarnings": 275744000, "treasuryStock": 2108000, "capitalSurplus": 1030989000, "otherStockholderEquity": 2108000, "totalStockholderEquity": 1647472000, "netTangibleAssets": 1647087000}, {"maxAge": 1, "endDate": "2018-03-31", "cash": 36664000, "netReceivables": 1684332000, "inventory": 1967254000, "otherCurrentAssets": 366752000, "totalCurrentAssets": 4077491000, "longTermInvestments": 656000, "propertyPlantEquipment": 1707583000, "intangibleAssets": 483000, "otherAssets": 258449000, "deferredLongTermAssetCharges": 170159000, "totalAssets": 6044662000, "accountsPayable": 1613896000, "shortLongTermDebt": 239055000, "otherCurrentLiab": 163137000, "longTermDebt": 773859000, "otherLiab": 49504000, "totalCurrentLiabilities": 3478033000, "totalLiab": 4301396000, "commonStock": 338631000, "retainedEarnings": 372591000, "treasuryStock": 1055000, "capitalSurplus": 1030989000, "otherStockholderEquity": 1055000, "totalStockholderEquity": 1743266000, "netTangibleAssets": 1742783000}, {"maxAge": 1, "endDate": "2017-03-31", "cash": 21209000, "netReceivables": 1328497000, "inventory": 1470287000, "otherCurrentAssets": 356916000, "totalCurrentAssets": 3189950000, "longTermInvestments": 656000, "propertyPlantEquipment": 1724841000, "intangibleAssets": 722000, "otherAssets": 188898000, "deferredLongTermAssetCharges": 132706000, "totalAssets": 5105067000, "accountsPayable": 1046039000, "shortLongTermDebt": 214543000, "otherCurrentLiab": 140775000, "longTermDebt": 951714000, "otherLiab": 51217000, "totalCurrentLiabilities": 2952184000, "totalLiab": 3955115000, "commonStock": 288631000, "retainedEarnings": 368322000, "treasuryStock": 597000, "capitalSurplus": 492402000, "otherStockholderEquity": 597000, "totalStockholderEquity": 1149952000, "netTangibleAssets": 1149230000}], "maxAge": 86400}, "earningsTrend": {"trend": [{"maxAge": 1, "period": "0q", "endDate": null, "growth": {}, "earningsEstimate": {"avg": 0.0, "low": 0.0, "high": 0.0, "yearAgoEps": {}, "numberOfAnalysts": 0, "growth": {}}, "revenueEstimate": {"avg": 0, "low": 0, "high": 0, "numberOfAnalysts": 0, "yearAgoRevenue": {}, "growth": {}}, "epsTrend": {"current": 0.0, "7daysAgo": 0.0, "30daysAgo": 0.0, "60daysAgo": 0.0, "90daysAgo": 0.0}, "epsRevisions": {"upLast7days": 0, "upLast30days": 0, "downLast30days": 0, "downLast90days": {}}}, {"maxAge": 1, "period": "+1q", "endDate": null, "growth": {}, "earningsEstimate": {"avg": 0.0, "low": 0.0, "high": 0.0, "yearAgoEps": {}, "numberOfAnalysts": 0, "growth": {}}, "revenueEstimate": {"avg": 0, "low": 0, "high": 0, "numberOfAnalysts": 0, "yearAgoRevenue": {}, "growth": {}}, "epsTrend": {"current": 0.0, "7daysAgo": 0.0, "30daysAgo": 0.0, "60daysAgo": 0.0, "90daysAgo": 0.0}, "epsRevisions": {"upLast7days": 0, "upLast30days": 0, "downLast30days": 0, "downLast90days": {}}}, {"maxAge": 1, "period": "0y", "endDate": null, "growth": {}, "earningsEstimate": {"avg": 0.0, "low": 0.0, "high": 0.0, "yearAgoEps": {}, "numberOfAnalysts": 0, "growth": {}}, "revenueEstimate": {"avg": 0, "low": 0, "high": 0, "numberOfAnalysts": 0, "yearAgoRevenue": {}, "growth": {}}, "epsTrend": {"current": 0.0, "7daysAgo": 0.0, "30daysAgo": 0.0, "60daysAgo": 0.0, "90daysAgo": 0.0}, "epsRevisions": {"upLast7days": 0, "upLast30days": 0, "downLast30days": 0, "downLast90days": {}}}, {"maxAge": 1, "period": "+1y", "endDate": null, "growth": {}, "earningsEstimate": {"avg": 0.0, "low": 0.0, "high": 0.0, "yearAgoEps": {}, "numberOfAnalysts": 0, "growth": {}}, "revenueEstimate": {"avg": 0, "low": 0, "high": 0, "numberOfAnalysts": 0, "yearAgoRevenue": {}, "growth": {}}, "epsTrend": {"current": 0.0, "7daysAgo": 0.0, "30daysAgo": 0.0, "60daysAgo": 0.0, "90daysAgo": 0.0}, "epsRevisions": {"upLast7days": 0, "upLast30days": 0, "downLast30days": 0, "downLast90days": {}}}, {"maxAge": 1, "period": "+5y", "endDate": null, "growth": {}, "earningsEstimate": {"avg": {}, "low": {}, "high": {}, "yearAgoEps": {}, "numberOfAnalysts": {}, "growth": {}}, "revenueEstimate": {"avg": {}, "low": {}, "high": {}, "numberOfAnalysts": {}, "yearAgoRevenue": {}, "growth": {}}, "epsTrend": {"current": {}, "7daysAgo": {}, "30daysAgo": {}, "60daysAgo": {}, "90daysAgo": {}}, "epsRevisions": {"upLast7days": {}, "upLast30days": {}, "downLast30days": {}, "downLast90days": {}}}, {"maxAge": 1, "period": "-5y", "endDate": null, "growth": {}, "earningsEstimate": {"avg": {}, "low": {}, "high": {}, "yearAgoEps": {}, "numberOfAnalysts": {}, "growth": {}}, "revenueEstimate": {"avg": {}, "low": {}, "high": {}, "numberOfAnalysts": {}, "yearAgoRevenue": {}, "growth": {}}, "epsTrend": {"current": {}, "7daysAgo": {}, "30daysAgo": {}, "60daysAgo": {}, "90daysAgo": {}}, "epsRevisions": {"upLast7days": {}, "upLast30days": {}, "downLast30days": {}, "downLast90days": {}}}], "maxAge": 1}, "financialData": {"maxAge": 86400, "currentPrice": 14.4, "targetHighPrice": 75.0, "targetLowPrice": 75.0, "targetMeanPrice": 75.0, "targetMedianPrice": 75.0, "recommendationKey": "none", "numberOfAnalystOpinions": 1, "grossProfits": 523034000, "financialCurrency": "INR"}}}