{"KITEX.NS": {"assetProfile": {"address1": "P. B. No. 5, Kizhakkambalam", "address2": "Alwaye", "city": "Kochi", "zip": "683562", "country": "India", "phone": "91 48 4414 2000", "fax": "91 48 4268 0604", "website": "http://www.kitexgarments.com", "industry": "Apparel Manufacturing", "sector": "Consumer Cyclical", "longBusinessSummary": "Kitex Garments Limited manufactures and sells fabric and readymade garments in India. It primarily offers infant wear comprising body suits, rompters, bibs, burps, sleepwear, and training pants. The company also exports its products to the United States and Europe. Kitex Garments Limited was founded in 1992 and is based in Kochi, India.", "fullTimeEmployees": 5535, "companyOfficers": [{"maxAge": 1, "name": "Mr. Sabu Meckamkunnel Jacob", "age": 58, "title": "Chairman & MD", "yearBorn": 1962, "fiscalYear": 2020, "totalPay": 50000000, "exercisedValue": 0, "unexercisedValue": 0}, {"maxAge": 1, "name": "Mr. Boby  Michael", "title": "Chief Financial Officer", "fiscalYear": 2020, "totalPay": 3492252, "exercisedValue": 0, "unexercisedValue": 0}, {"maxAge": 1, "name": "Mr. Mithun B. Shenoy", "title": "Company Sec. & Compliance Officer", "fiscalYear": 2020, "totalPay": 1536595, "exercisedValue": 0, "unexercisedValue": 0}, {"maxAge": 1, "name": "Ms. Sindhu  Chandrasekharan", "age": 51, "title": "Woman Whole-Time Director", "yearBorn": 1969, "fiscalYear": 2020, "totalPay": 1879725, "exercisedValue": 0, "unexercisedValue": 0}, {"maxAge": 1, "name": "Mr. Harkishan Singh Sodhi", "title": "VP of Bus. Operations", "exercisedValue": 0, "unexercisedValue": 0}, {"maxAge": 1, "name": "Mr. Donnie  Hodge", "title": "Pres & COO of Kitex USA LLC", "exercisedValue": 0, "unexercisedValue": 0}, {"maxAge": 1, "name": "Mr. Dan   De Yoe", "age": 70, "title": "VP and Director of Operations - USA", "yearBorn": 1950, "fiscalYear": 2016, "exercisedValue": 0, "unexercisedValue": 0}], "compensationAsOfEpochDate": "2020-12-31 05:30:00", "maxAge": 86400}, "recommendationTrend": {"trend": [{"period": "0m", "strongBuy": 0, "buy": 0, "hold": 0, "sell": 0, "strongSell": 0}, {"period": "-1m", "strongBuy": 1, "buy": 1, "hold": 0, "sell": 0, "strongSell": 0}, {"period": "-2m", "strongBuy": 1, "buy": 1, "hold": 0, "sell": 0, "strongSell": 0}, {"period": "-3m", "strongBuy": 1, "buy": 1, "hold": 0, "sell": 0, "strongSell": 0}], "maxAge": 86400}, "cashflowStatementHistory": {"cashflowStatements": [{"maxAge": 1, "endDate": "2020-03-31", "netIncome": 1033709000, "depreciation": 261504000, "changeToNetincome": -267800000, "changeToAccountReceivables": -567337000, "changeToLiabilities": 63303000, "changeToInventory": -14485000, "totalCashFromOperatingActivities": 511913000, "capitalExpenditures": -292101000, "otherCashflowsFromInvestingActivities": 4342000, "totalCashflowsFromInvestingActivities": -286240000, "dividendsPaid": -238852000, "netBorrowings": 61157000, "otherCashflowsFromFinancingActivities": -70548000, "totalCashFromFinancingActivities": -248243000, "effectOfExchangeRate": 27373000, "changeInCash": 4803000}, {"maxAge": 1, "endDate": "2019-03-31", "netIncome": 714455000, "depreciation": 268600000, "changeToNetincome": 221848000, "changeToAccountReceivables": -736834000, "changeToLiabilities": 24026000, "changeToInventory": -410558000, "totalCashFromOperatingActivities": 85562000, "capitalExpenditures": -775662000, "investments": -12997000, "otherCashflowsFromInvestingActivities": 3625000, "totalCashflowsFromInvestingActivities": -779945000, "dividendsPaid": -59967000, "netBorrowings": 819892000, "otherCashflowsFromFinancingActivities": -39178000, "totalCashFromFinancingActivities": 720747000, "effectOfExchangeRate": -12540000, "changeInCash": 13824000}, {"maxAge": 1, "endDate": "2018-03-31", "netIncome": 635494000, "depreciation": 231424000, "changeToNetincome": 42041000, "changeToAccountReceivables": -153498000, "changeToLiabilities": 1436000, "changeToInventory": -473273000, "totalCashFromOperatingActivities": 286214000, "capitalExpenditures": -394428000, "investments": -147617000, "otherCashflowsFromInvestingActivities": 3653000, "totalCashflowsFromInvestingActivities": -520232000, "dividendsPaid": -101930000, "netBorrowings": -2721000, "otherCashflowsFromFinancingActivities": -46691000, "totalCashFromFinancingActivities": -151342000, "effectOfExchangeRate": 7364000, "changeInCash": -377996000}, {"maxAge": 1, "endDate": "2017-03-31", "netIncome": 834584000, "depreciation": 216196000, "changeToNetincome": 143448000, "changeToAccountReceivables": -538668000, "changeToLiabilities": 63635000, "changeToInventory": -274740000, "totalCashFromOperatingActivities": 446551000, "capitalExpenditures": -280835000, "investments": -70900000, "otherCashflowsFromInvestingActivities": 3311000, "totalCashflowsFromInvestingActivities": -344524000, "dividendsPaid": -86513000, "netBorrowings": -1017954000, "otherCashflowsFromFinancingActivities": -94667000, "totalCashFromFinancingActivities": -1199134000, "effectOfExchangeRate": -60533000, "changeInCash": -1157640000}], "maxAge": 86400}, "indexTrend": {"maxAge": 1, "symbol": "SP5", "peRatio": 19.7411, "pegRatio": 1.34172, "estimates": [{"period": "0q", "growth": 0.549}, {"period": "+1q", "growth": 0.431}, {"period": "0y", "growth": 0.305}, {"period": "+1y", "growth": 0.109}, {"period": "+5y", "growth": 0.120865}, {"period": "-5y"}]}, "defaultKeyStatistics": {"maxAge": 1, "priceHint": 2, "enterpriseValue": 5691184128, "forwardPE": 5.168865, "profitMargins": 0.12984, "floatShares": 17907817, "sharesOutstanding": 66500000, "heldPercentInsiders": 0.73165, "heldPercentInstitutions": 0.01069, "beta": 0.586112, "category": null, "bookValue": 101.114, "priceToBook": 0.9687086, "fundFamily": null, "legalType": null, "lastFiscalYearEnd": "2020-03-31 05:30:00", "nextFiscalYearEnd": "2022-03-31 05:30:00", "mostRecentQuarter": "2020-12-31 05:30:00", "earningsQuarterlyGrowth": -0.556, "netIncomeToCommon": 636222016, "trailingEps": 9.567, "forwardEps": 18.95, "lastSplitFactor": "7:5", "lastSplitDate": "2017-06-22 05:30:00", "enterpriseToRevenue": 1.161, "enterpriseToEbitda": 5.941}, "industryTrend": {"maxAge": 1, "symbol": null, "estimates": []}, "quoteType": {"exchange": "NSI", "quoteType": "EQUITY", "symbol": "KITEX.NS", "underlyingSymbol": "KITEX.NS", "shortName": "KITEX GARMENTS LTD", "longName": "Kitex Garments Limited", "firstTradeDateEpochUtc": "2012-09-25 09:15:00", "timeZoneFullName": "Asia/Kolkata", "timeZoneShortName": "IST", "uuid": "d7e9bceb-cb21-3abd-9455-bf66da8b11ce", "gmtOffSetMilliseconds": 19800000, "maxAge": 1}, "incomeStatementHistory": {"incomeStatementHistory": [{"maxAge": 1, "endDate": "2020-03-31", "totalRevenue": 7392098000, "costOfRevenue": 3284924000, "grossProfit": 4107174000, "researchDevelopment": {}, "sellingGeneralAdministrative": 1245632000, "nonRecurring": {}, "otherOperatingExpenses": 1480454000, "totalOperatingExpenses": 6275533000, "operatingIncome": 1116565000, "totalOtherIncomeExpenseNet": 262117000, "ebit": 1116565000, "interestExpense": -66835000, "incomeBeforeTax": 1378682000, "incomeTaxExpense": 344973000, "minorityInterest": {}, "netIncomeFromContinuingOps": 1033709000, "discontinuedOperations": {}, "extraordinaryItems": {}, "effectOfAccountingCharges": {}, "otherItems": {}, "netIncome": 1033709000, "netIncomeApplicableToCommonShares": 1033709000}, {"maxAge": 1, "endDate": "2019-03-31", "totalRevenue": 6068046000, "costOfRevenue": 2525025000, "grossProfit": 3543021000, "researchDevelopment": {}, "sellingGeneralAdministrative": 1077557000, "nonRecurring": {}, "otherOperatingExpenses": 1025106000, "totalOperatingExpenses": 4900313000, "operatingIncome": 1167733000, "totalOtherIncomeExpenseNet": 34068000, "ebit": 1167733000, "interestExpense": -32254000, "incomeBeforeTax": 1201801000, "incomeTaxExpense": 487346000, "minorityInterest": {}, "netIncomeFromContinuingOps": 714455000, "discontinuedOperations": {}, "extraordinaryItems": {}, "effectOfAccountingCharges": {}, "otherItems": {}, "netIncome": 714455000, "netIncomeApplicableToCommonShares": 714455000}, {"maxAge": 1, "endDate": "2018-03-31", "totalRevenue": 5572542000, "costOfRevenue": 2246162000, "grossProfit": 3326380000, "researchDevelopment": {}, "sellingGeneralAdministrative": 999365000, "nonRecurring": {}, "otherOperatingExpenses": 966894000, "totalOperatingExpenses": 4446435000, "operatingIncome": 1126107000, "totalOtherIncomeExpenseNet": -115944000, "ebit": 1126107000, "interestExpense": -52558000, "incomeBeforeTax": 1010163000, "incomeTaxExpense": 374669000, "minorityInterest": {}, "netIncomeFromContinuingOps": 635494000, "discontinuedOperations": {}, "extraordinaryItems": {}, "effectOfAccountingCharges": {}, "otherItems": {}, "netIncome": 635494000, "netIncomeApplicableToCommonShares": 635494000}, {"maxAge": 1, "endDate": "2017-03-31", "totalRevenue": 5459013000, "costOfRevenue": 2031178000, "grossProfit": 3427835000, "researchDevelopment": {}, "sellingGeneralAdministrative": 934503000, "nonRecurring": {}, "otherOperatingExpenses": 728380000, "totalOperatingExpenses": 3912353000, "operatingIncome": 1546660000, "totalOtherIncomeExpenseNet": -212182000, "ebit": 1546660000, "interestExpense": -84127000, "incomeBeforeTax": 1334478000, "incomeTaxExpense": 499894000, "minorityInterest": {}, "netIncomeFromContinuingOps": 834584000, "discontinuedOperations": {}, "extraordinaryItems": {}, "effectOfAccountingCharges": {}, "otherItems": {}, "netIncome": 834584000, "netIncomeApplicableToCommonShares": 834584000}], "maxAge": 86400}, "fundOwnership": {"ownershipList": [], "maxAge": 1}, "summaryDetail": {"maxAge": 1, "priceHint": 2, "previousClose": 97.7, "open": 98.5, "dayLow": 96.6, "dayHigh": 98.5, "regularMarketPreviousClose": 97.7, "regularMarketOpen": 98.5, "regularMarketDayLow": 96.6, "regularMarketDayHigh": 98.5, "exDividendDate": "2020-02-18 05:30:00", "payoutRatio": 0.15689999, "beta": 0.586112, "trailingPE": 10.238318, "forwardPE": 5.168865, "volume": 37950, "regularMarketVolume": 37950, "averageVolume": 160194, "averageVolume10days": 67479, "averageDailyVolume10Day": 67479, "bid": 0.0, "ask": 0.0, "bidSize": 0, "askSize": 0, "marketCap": 6513674752, "fiftyTwoWeekLow": 87.15, "fiftyTwoWeekHigh": 123.8, "priceToSalesTrailing12Months": 1.3293195, "fiftyDayAverage": 105.225, "twoHundredDayAverage": 105.7727, "trailingAnnualDividendRate": 0.0, "trailingAnnualDividendYield": 0.0, "currency": "INR", "fromCurrency": null, "lastMarket": null, "algorithm": null, "tradeable": false}, "insiderHolders": {"holders": [{"maxAge": 1, "name": "Jacob (Bobby M)", "relation": "Chief Financial Officer", "url": "", "transactionDescription": "Acquisition", "latestTransDate": "2018-07-05", "positionDirect": 26086, "positionDirectDate": "2018-07-05"}, {"maxAge": 1, "name": "Jacob (Sabu Meckamkunnel)", "relation": "Executive Chairman", "url": "", "transactionDescription": "Acquisition", "latestTransDate": "2019-01-30", "positionDirect": 22015606, "positionDirectDate": "2019-01-30"}, {"maxAge": 1, "name": "Kitex Childrenswear Ltd", "relation": "Retired", "url": "", "transactionDescription": "Acquisition", "latestTransDate": "2019-10-03", "positionDirect": 10585822, "positionDirectDate": "2019-10-03"}], "maxAge": 1}, "calendarEvents": {"maxAge": 1, "earnings": {"earningsDate": [], "earningsAverage": 4.39, "earningsLow": 4.28, "earningsHigh": 4.5, "revenueAverage": 1675690000, "revenueLow": 1664390000, "revenueHigh": 1687000000}, "exDividendDate": "2020-02-18 05:30:00"}, "upgradeDowngradeHistory": {"history": [], "maxAge": 86400}, "price": {"maxAge": 1, "regularMarketChangePercent": 0.0025588537, "regularMarketChange": 0.25, "regularMarketTime": "2021-04-30 15:29:59", "priceHint": 2, "regularMarketPrice": 97.95, "regularMarketDayHigh": 98.5, "regularMarketDayLow": 96.6, "regularMarketVolume": 37950, "averageDailyVolume10Day": 67479, "averageDailyVolume3Month": 160194, "regularMarketPreviousClose": 97.7, "regularMarketSource": "FREE_REALTIME", "regularMarketOpen": 98.5, "exchange": "NSI", "exchangeName": "NSE", "exchangeDataDelayedBy": 15, "marketState": "CLOSED", "quoteType": "EQUITY", "symbol": "KITEX.NS", "underlyingSymbol": null, "shortName": "KITEX GARMENTS LTD", "longName": "Kitex Garments Limited", "currency": "INR", "quoteSourceName": "Delayed Quote", "currencySymbol": "\u20b9", "fromCurrency": null, "lastMarket": null, "marketCap": 6513674752}, "balanceSheetHistory": {"balanceSheetStatements": [{"maxAge": 1, "endDate": "2020-03-31", "cash": 945430000, "netReceivables": 2929545000, "inventory": 1303287000, "otherCurrentAssets": 363388000, "totalCurrentAssets": 5555112000, "longTermInvestments": 225000, "propertyPlantEquipment": 2537184000, "intangibleAssets": 5213000, "otherAssets": 253198000, "totalAssets": 8350932000, "accountsPayable": 473170000, "otherCurrentLiab": 214775000, "otherLiab": 227100000, "totalCurrentLiabilities": 1710070000, "totalLiab": 1937170000, "commonStock": 66500000, "retainedEarnings": 6347794000, "treasuryStock": -532000, "otherStockholderEquity": -532000, "totalStockholderEquity": 6413762000, "netTangibleAssets": 6408549000}, {"maxAge": 1, "endDate": "2019-03-31", "cash": 940627000, "netReceivables": 2126837000, "inventory": 1288802000, "otherCurrentAssets": 547760000, "totalCurrentAssets": 4911699000, "longTermInvestments": 6037000, "propertyPlantEquipment": 2515271000, "intangibleAssets": 27318000, "otherAssets": 116427000, "totalAssets": 7576752000, "accountsPayable": 421059000, "shortLongTermDebt": 33270000, "otherCurrentLiab": 298635000, "otherLiab": 278645000, "totalCurrentLiabilities": 1663205000, "totalLiab": 1941850000, "commonStock": 66500000, "retainedEarnings": 5568604000, "treasuryStock": -202000, "otherStockholderEquity": -202000, "totalStockholderEquity": 5634902000, "netTangibleAssets": 5607584000}, {"maxAge": 1, "endDate": "2018-03-31", "cash": 926803000, "netReceivables": 1616221000, "inventory": 878244000, "otherCurrentAssets": 339226000, "totalCurrentAssets": 3768044000, "longTermInvestments": 90201000, "propertyPlantEquipment": 2033114000, "intangibleAssets": 23479000, "otherAssets": 84605000, "totalAssets": 5999443000, "accountsPayable": 425228000, "shortLongTermDebt": 71029000, "otherCurrentLiab": 146846000, "longTermDebt": 6258000, "otherLiab": 307330000, "totalCurrentLiabilities": 698850000, "totalLiab": 1012438000, "commonStock": 66500000, "retainedEarnings": 4916437000, "treasuryStock": 4068000, "otherStockholderEquity": 4068000, "totalStockholderEquity": 4987005000, "netTangibleAssets": 4963526000}, {"maxAge": 1, "endDate": "2017-03-31", "cash": 1304798000, "shortTermInvestments": 40460000, "netReceivables": 1664241000, "inventory": 404972000, "otherCurrentAssets": 126921000, "totalCurrentAssets": 3549459000, "longTermInvestments": 6466000, "propertyPlantEquipment": 1859748000, "intangibleAssets": 25157000, "otherAssets": 106589000, "totalAssets": 5547419000, "accountsPayable": 453502000, "shortLongTermDebt": 51500000, "otherCurrentLiab": 186178000, "longTermDebt": 31429000, "otherLiab": 348511000, "totalCurrentLiabilities": 721586000, "totalLiab": 1101526000, "commonStock": 47500000, "retainedEarnings": 4395171000, "treasuryStock": 3222000, "otherStockholderEquity": 3222000, "totalStockholderEquity": 4445893000, "netTangibleAssets": 4420736000}], "maxAge": 86400}, "earningsTrend": {"trend": [{"maxAge": 1, "period": "0q", "endDate": "2017-12-31", "growth": 0.398, "earningsEstimate": {"avg": 4.39, "low": 4.28, "high": 4.5, "yearAgoEps": 3.14, "numberOfAnalysts": 2, "growth": 0.398}, "revenueEstimate": {"avg": 1675690000, "low": 1664390000, "high": 1687000000, "numberOfAnalysts": 2, "yearAgoRevenue": 1274680000, "growth": 0.315}, "epsTrend": {"current": 4.39, "7daysAgo": 4.39, "30daysAgo": 4.28, "60daysAgo": 4.28, "90daysAgo": 4.33}, "epsRevisions": {"upLast7days": 0, "upLast30days": 0, "downLast30days": 0, "downLast90days": {}}}, {"maxAge": 1, "period": "+1q", "endDate": "2018-03-31", "growth": 1.3610001, "earningsEstimate": {"avg": 4.58, "low": 4.58, "high": 4.58, "yearAgoEps": 1.94, "numberOfAnalysts": 1, "growth": 1.3610001}, "revenueEstimate": {"avg": 1650000000, "low": 1650000000, "high": 1650000000, "numberOfAnalysts": 1, "yearAgoRevenue": 1696660000, "growth": -0.027999999}, "epsTrend": {"current": 4.58, "7daysAgo": 4.58, "30daysAgo": 4.58, "60daysAgo": 4.58, "90daysAgo": 4.58}, "epsRevisions": {"upLast7days": 0, "upLast30days": 0, "downLast30days": 0, "downLast90days": {}}}, {"maxAge": 1, "period": "0y", "endDate": "2018-03-31", "growth": -0.062, "earningsEstimate": {"avg": 15.82, "low": 15.82, "high": 15.82, "yearAgoEps": 16.86, "numberOfAnalysts": 1, "growth": -0.062}, "revenueEstimate": {"avg": 6277860000, "low": 6277860000, "high": 6277860000, "numberOfAnalysts": 1, "yearAgoRevenue": 4848110000, "growth": 0.295}, "epsTrend": {"current": 15.82, "7daysAgo": 15.82, "30daysAgo": 15.82, "60daysAgo": 15.82, "90daysAgo": 17.43}, "epsRevisions": {"upLast7days": 0, "upLast30days": 0, "downLast30days": 0, "downLast90days": {}}}, {"maxAge": 1, "period": "+1y", "endDate": "2019-03-31", "growth": 0.198, "earningsEstimate": {"avg": 18.95, "low": 18.95, "high": 18.95, "yearAgoEps": 15.82, "numberOfAnalysts": 1, "growth": 0.198}, "revenueEstimate": {"avg": 6905650000, "low": 6905650000, "high": 6905650000, "numberOfAnalysts": 1, "yearAgoRevenue": 6277860000, "growth": 0.1}, "epsTrend": {"current": 18.95, "7daysAgo": 18.95, "30daysAgo": 18.95, "60daysAgo": 18.95, "90daysAgo": 18.2}, "epsRevisions": {"upLast7days": 0, "upLast30days": 0, "downLast30days": 0, "downLast90days": {}}}, {"maxAge": 1, "period": "+5y", "endDate": null, "growth": {}, "earningsEstimate": {"avg": {}, "low": {}, "high": {}, "yearAgoEps": {}, "numberOfAnalysts": {}, "growth": {}}, "revenueEstimate": {"avg": {}, "low": {}, "high": {}, "numberOfAnalysts": {}, "yearAgoRevenue": {}, "growth": {}}, "epsTrend": {"current": {}, "7daysAgo": {}, "30daysAgo": {}, "60daysAgo": {}, "90daysAgo": {}}, "epsRevisions": {"upLast7days": {}, "upLast30days": {}, "downLast30days": {}, "downLast90days": {}}}, {"maxAge": 1, "period": "-5y", "endDate": null, "growth": -0.07776, "earningsEstimate": {"avg": {}, "low": {}, "high": {}, "yearAgoEps": {}, "numberOfAnalysts": {}, "growth": {}}, "revenueEstimate": {"avg": {}, "low": {}, "high": {}, "numberOfAnalysts": {}, "yearAgoRevenue": {}, "growth": {}}, "epsTrend": {"current": {}, "7daysAgo": {}, "30daysAgo": {}, "60daysAgo": {}, "90daysAgo": {}}, "epsRevisions": {"upLast7days": {}, "upLast30days": {}, "downLast30days": {}, "downLast90days": {}}}], "maxAge": 1}, "institutionOwnership": {"ownershipList": [], "maxAge": 1}, "majorHoldersBreakdown": {"maxAge": 1, "insidersPercentHeld": 0.73165, "institutionsPercentHeld": 0.01069, "institutionsFloatPercentHeld": 0.03985, "institutionsCount": 1}, "balanceSheetHistoryQuarterly": {"balanceSheetStatements": [{"maxAge": 1, "endDate": "2020-12-31", "totalStockholderEquity": 6718384000, "netTangibleAssets": 6714064000}, {"maxAge": 1, "endDate": "2020-09-30", "cash": 415857000, "shortTermInvestments": 449533000, "netReceivables": 2901403000, "inventory": 878769000, "otherCurrentAssets": 297752000, "totalCurrentAssets": 4943314000, "longTermInvestments": 200000, "propertyPlantEquipment": 2446087000, "intangibleAssets": 4320000, "otherAssets": 282023000, "totalAssets": 7675944000, "accountsPayable": 378245000, "otherCurrentLiab": 249843000, "otherLiab": 223639000, "totalCurrentLiabilities": 733921000, "totalLiab": 957560000, "commonStock": 66500000, "treasuryStock": 6651884000, "otherStockholderEquity": 6651884000, "totalStockholderEquity": 6718384000, "netTangibleAssets": 6714064000}, {"maxAge": 1, "endDate": "2020-06-30", "totalStockholderEquity": 6413762000, "netTangibleAssets": 6408549000}, {"maxAge": 1, "endDate": "2020-03-31", "cash": 945430000, "netReceivables": 2929545000, "inventory": 1303287000, "otherCurrentAssets": 363388000, "totalCurrentAssets": 5555112000, "longTermInvestments": 225000, "propertyPlantEquipment": 2537184000, "intangibleAssets": 5213000, "otherAssets": 253198000, "totalAssets": 8350932000, "accountsPayable": 473170000, "otherCurrentLiab": 214775000, "otherLiab": 227100000, "totalCurrentLiabilities": 1710070000, "totalLiab": 1937170000, "commonStock": 66500000, "retainedEarnings": 6347794000, "treasuryStock": -532000, "otherStockholderEquity": -532000, "totalStockholderEquity": 6413762000, "netTangibleAssets": 6408549000}], "maxAge": 86400}, "earningsHistory": {"history": [{"maxAge": 1, "epsActual": 3.14, "epsEstimate": 4.1, "epsDifference": -0.96, "surprisePercent": -0.234, "quarter": "2016-06-30", "period": "-4q"}, {"maxAge": 1, "epsActual": 1.94, "epsEstimate": 4.85, "epsDifference": -2.91, "surprisePercent": -0.6, "quarter": "2016-09-30", "period": "-3q"}, {"maxAge": 1, "epsActual": 4.77, "epsEstimate": 4.24, "epsDifference": 0.53, "surprisePercent": 0.125, "quarter": "2016-12-31", "period": "-2q"}, {"maxAge": 1, "epsActual": 3.63, "epsEstimate": 2.82, "epsDifference": 0.81, "surprisePercent": 0.287, "quarter": "2017-09-30", "period": "-1q"}], "maxAge": 86400}, "summaryProfile": {"address1": "P. B. No. 5, Kizhakkambalam", "address2": "Alwaye", "city": "Kochi", "zip": "683562", "country": "India", "phone": "91 48 4414 2000", "fax": "91 48 4268 0604", "website": "http://www.kitexgarments.com", "industry": "Apparel Manufacturing", "sector": "Consumer Cyclical", "longBusinessSummary": "Kitex Garments Limited manufactures and sells fabric and readymade garments in India. It primarily offers infant wear comprising body suits, rompters, bibs, burps, sleepwear, and training pants. The company also exports its products to the United States and Europe. Kitex Garments Limited was founded in 1992 and is based in Kochi, India.", "fullTimeEmployees": 5535, "companyOfficers": [], "maxAge": 86400}, "netSharePurchaseActivity": {"maxAge": 1, "period": "6m", "buyInfoCount": 0, "buyInfoShares": 0, "sellInfoCount": 0, "netInfoCount": 0, "netInfoShares": 0, "netPercentInsiderShares": 0.0, "totalInsiderShares": 48586248}, "insiderTransactions": {"transactions": [{"maxAge": 1, "shares": 57199, "filerUrl": "", "transactionText": "", "filerName": "Kitex Childrenswear Ltd", "filerRelation": "Retired", "moneyText": "", "startDate": "2019-10-03", "ownership": "D"}, {"maxAge": 1, "shares": 17894, "filerUrl": "", "transactionText": "", "filerName": "Kitex Childrenswear Ltd", "filerRelation": "Promoter", "moneyText": "", "startDate": "2019-09-27", "ownership": "D"}, {"maxAge": 1, "shares": 55451, "filerUrl": "", "transactionText": "", "filerName": "Kitex Childrenswear Ltd", "filerRelation": "Promoter", "moneyText": "", "startDate": "2019-09-20", "ownership": "D"}, {"maxAge": 1, "shares": 24225, "filerUrl": "", "transactionText": "", "filerName": "Kitex Childrenswear Ltd", "filerRelation": "Promoter", "moneyText": "", "startDate": "2019-09-18", "ownership": "D"}, {"maxAge": 1, "shares": 501, "filerUrl": "", "transactionText": "", "filerName": "Kitex Childrenswear Ltd", "filerRelation": "Promoter", "moneyText": "", "startDate": "2019-09-09", "ownership": "D"}, {"maxAge": 1, "shares": 22125, "filerUrl": "", "transactionText": "", "filerName": "Kitex Childrenswear Ltd", "filerRelation": "Promoter", "moneyText": "", "startDate": "2019-09-06", "ownership": "D"}, {"maxAge": 1, "shares": 22920, "filerUrl": "", "transactionText": "", "filerName": "Kitex Childrenswear Ltd", "filerRelation": "Promoter", "moneyText": "", "startDate": "2019-09-06", "ownership": "D"}, {"maxAge": 1, "shares": 27229, "filerUrl": "", "transactionText": "", "filerName": "Kitex Childrenswear Ltd", "filerRelation": "Promoter", "moneyText": "", "startDate": "2019-02-01", "ownership": "D"}, {"maxAge": 1, "shares": 33214, "filerUrl": "", "transactionText": "", "filerName": "Kitex Childrenswear Ltd", "filerRelation": "Promoter", "moneyText": "", "startDate": "2019-01-30", "ownership": "D"}, {"maxAge": 1, "shares": 2626, "filerUrl": "", "transactionText": "", "filerName": "Jacob (Sabu Meckamkunnel)", "filerRelation": "Executive Chairman", "moneyText": "", "startDate": "2019-01-30", "ownership": "D"}, {"maxAge": 1, "shares": 34604, "filerUrl": "", "transactionText": "", "filerName": "Kitex Childrenswear Ltd", "filerRelation": "Promoter", "moneyText": "", "startDate": "2019-01-29", "ownership": "D"}, {"maxAge": 1, "shares": 112781, "filerUrl": "", "transactionText": "", "filerName": "Jacob (Sabu Meckamkunnel)", "filerRelation": "Executive Chairman", "moneyText": "", "startDate": "2019-01-28", "ownership": "D"}, {"maxAge": 1, "shares": 415, "filerUrl": "", "transactionText": "", "filerName": "Jacob (Sabu Meckamkunnel)", "filerRelation": "Executive Chairman", "moneyText": "", "startDate": "2018-10-15", "ownership": "D"}, {"maxAge": 1, "shares": 54939, "filerUrl": "", "transactionText": "", "filerName": "Jacob (Sabu Meckamkunnel)", "filerRelation": "Executive Chairman", "moneyText": "", "startDate": "2018-10-11", "ownership": "D"}, {"maxAge": 1, "shares": 16800, "filerUrl": "", "transactionText": "", "filerName": "Jacob (Sabu Meckamkunnel)", "filerRelation": "Executive Chairman", "moneyText": "", "startDate": "2018-09-05", "ownership": "D"}, {"maxAge": 1, "shares": 16800, "filerUrl": "", "transactionText": "", "filerName": "Jacob (Sabu Meckamkunnel)", "filerRelation": "Executive Chairman", "moneyText": "", "startDate": "2018-08-31", "ownership": "D"}, {"maxAge": 1, "shares": 25045, "filerUrl": "", "transactionText": "", "filerName": "Jacob (Sabu Meckamkunnel)", "filerRelation": "Executive Chairman", "moneyText": "", "startDate": "2018-08-29", "ownership": "D"}, {"maxAge": 1, "shares": 19805, "filerUrl": "", "transactionText": "", "filerName": "Jacob (Bobby M)", "filerRelation": "Chief Financial Officer", "moneyText": "", "startDate": "2018-07-05", "ownership": "D"}, {"maxAge": 1, "shares": 82754, "filerUrl": "", "transactionText": "", "filerName": "Jacob (Sabu Meckamkunnel)", "filerRelation": "Executive Chairman", "moneyText": "", "startDate": "2018-03-01", "ownership": "D"}, {"maxAge": 1, "shares": 121221, "filerUrl": "", "transactionText": "", "filerName": "Jacob (Sabu Meckamkunnel)", "filerRelation": "Executive Chairman", "moneyText": "", "startDate": "2018-02-28", "ownership": "D"}, {"maxAge": 1, "shares": 10143494, "filerUrl": "", "transactionText": "", "filerName": "Jacob (Sabu Meckamkunnel)", "filerRelation": "Executive Chairman", "moneyText": "", "startDate": "2018-02-27", "ownership": "D"}, {"maxAge": 1, "shares": 10757700, "filerUrl": "", "transactionText": "", "filerName": "Jacob (Sabu Meckamkunnel)", "filerRelation": "Executive Chairman", "moneyText": "", "startDate": "2016-12-09", "ownership": "D"}, {"maxAge": 1, "shares": 3846950, "filerUrl": "", "transactionText": "", "filerName": "Jacob (Sabu Meckamkunnel)", "filerRelation": "Executive Chairman", "moneyText": "", "startDate": "2016-12-09", "ownership": "D"}, {"maxAge": 1, "shares": 1096950, "filerUrl": "", "transactionText": "", "filerName": "Jacob (Sabu Meckamkunnel)", "filerRelation": "Executive Chairman", "moneyText": "", "startDate": "2016-10-04", "ownership": "D"}], "maxAge": 1}, "sectorTrend": {"maxAge": 1, "symbol": null, "estimates": []}, "incomeStatementHistoryQuarterly": {"incomeStatementHistory": [{"maxAge": 1, "endDate": "2020-12-31", "totalRevenue": 1209002000, "costOfRevenue": 469620000, "grossProfit": 739382000, "researchDevelopment": {}, "sellingGeneralAdministrative": 215259000, "nonRecurring": {}, "otherOperatingExpenses": 243553000, "totalOperatingExpenses": 983173000, "operatingIncome": 225829000, "totalOtherIncomeExpenseNet": 5101000, "ebit": 225829000, "interestExpense": -2580000, "incomeBeforeTax": 230930000, "incomeTaxExpense": 75539000, "minorityInterest": {}, "netIncomeFromContinuingOps": 155391000, "discontinuedOperations": {}, "extraordinaryItems": {}, "effectOfAccountingCharges": {}, "otherItems": {}, "netIncome": 155391000, "netIncomeApplicableToCommonShares": 155391000}, {"maxAge": 1, "endDate": "2020-09-30", "totalRevenue": 1331784000, "costOfRevenue": 582356000, "grossProfit": 749428000, "researchDevelopment": {}, "sellingGeneralAdministrative": 211062000, "nonRecurring": {}, "otherOperatingExpenses": 258035000, "totalOperatingExpenses": 1109632000, "operatingIncome": 222152000, "totalOtherIncomeExpenseNet": 17472000, "ebit": 222152000, "interestExpense": -6979000, "incomeBeforeTax": 239624000, "incomeTaxExpense": 61555000, "minorityInterest": {}, "netIncomeFromContinuingOps": 178069000, "discontinuedOperations": {}, "extraordinaryItems": {}, "effectOfAccountingCharges": {}, "otherItems": {}, "netIncome": 178069000, "netIncomeApplicableToCommonShares": 178069000}, {"maxAge": 1, "endDate": "2020-06-30", "totalRevenue": 895975000, "costOfRevenue": 404669000, "grossProfit": 491306000, "researchDevelopment": {}, "sellingGeneralAdministrative": 155349000, "nonRecurring": {}, "otherOperatingExpenses": 117322000, "totalOperatingExpenses": 742741000, "operatingIncome": 153234000, "totalOtherIncomeExpenseNet": 21733000, "ebit": 153234000, "interestExpense": -7397000, "incomeBeforeTax": 174967000, "incomeTaxExpense": 48387000, "minorityInterest": {}, "netIncomeFromContinuingOps": 126580000, "discontinuedOperations": {}, "extraordinaryItems": {}, "effectOfAccountingCharges": {}, "otherItems": {}, "netIncome": 126580000, "netIncomeApplicableToCommonShares": 126580000}, {"maxAge": 1, "endDate": "2020-03-31", "totalRevenue": 1463246000, "costOfRevenue": 755858000, "grossProfit": 707388000, "researchDevelopment": {}, "sellingGeneralAdministrative": 315008000, "nonRecurring": {}, "otherOperatingExpenses": 226851000, "totalOperatingExpenses": 1362696000, "operatingIncome": 100550000, "totalOtherIncomeExpenseNet": 125690000, "ebit": 100550000, "interestExpense": -20455000, "incomeBeforeTax": 226240000, "incomeTaxExpense": 50058000, "minorityInterest": {}, "netIncomeFromContinuingOps": 176182000, "discontinuedOperations": {}, "extraordinaryItems": {}, "effectOfAccountingCharges": {}, "otherItems": {}, "netIncome": 176182000, "netIncomeApplicableToCommonShares": 176182000}], "maxAge": 86400}, "cashflowStatementHistoryQuarterly": {"cashflowStatements": [{"maxAge": 1, "endDate": "2020-12-31", "netIncome": 155391000, "changeToLiabilities": 0}, {"maxAge": 1, "endDate": "2020-09-30", "netIncome": 178069000, "changeToLiabilities": 0}, {"maxAge": 1, "endDate": "2020-06-30", "netIncome": 126580000, "changeToLiabilities": 0}, {"maxAge": 1, "endDate": "2020-03-31", "netIncome": 176182000, "changeToLiabilities": 0}], "maxAge": 86400}, "earnings": {"maxAge": 86400, "earningsChart": {"quarterly": [{"date": "2Q2016", "actual": 3.14, "estimate": 4.1}, {"date": "3Q2016", "actual": 1.94, "estimate": 4.85}, {"date": "4Q2016", "actual": 4.77, "estimate": 4.24}, {"date": "3Q2017", "actual": 3.63, "estimate": 2.82}], "currentQuarterEstimate": 4.39, "currentQuarterEstimateDate": "4Q", "currentQuarterEstimateYear": 2017, "earningsDate": []}, "financialsChart": {"yearly": [{"date": 2017, "revenue": 5459013000, "earnings": 834584000}, {"date": 2018, "revenue": 5572542000, "earnings": 635494000}, {"date": 2019, "revenue": 6068046000, "earnings": 714455000}, {"date": 2020, "revenue": 7392098000, "earnings": 1033709000}], "quarterly": [{"date": "1Q2020", "revenue": 1463246000, "earnings": 176182000}, {"date": "2Q2020", "revenue": 895975000, "earnings": 126580000}, {"date": "3Q2020", "revenue": 1331784000, "earnings": 178069000}, {"date": "4Q2020", "revenue": 1209002000, "earnings": 155391000}]}, "financialCurrency": "INR"}, "financialData": {"maxAge": 86400, "currentPrice": 97.95, "targetHighPrice": 304.0, "targetLowPrice": 304.0, "targetMeanPrice": 304.0, "targetMedianPrice": 304.0, "recommendationMean": 1.5, "recommendationKey": "strong_buy", "numberOfAnalystOpinions": 1, "totalCash": 865390016, "totalCashPerShare": 13.032, "ebitda": 957947008, "totalDebt": 68668000, "totalRevenue": 4900006912, "debtToEquity": 1.022, "revenuePerShare": 73.68, "grossProfits": 4107174000, "earningsGrowth": -0.555, "revenueGrowth": -0.518, "grossMargins": 0.54847, "ebitdaMargins": 0.19549999, "operatingMargins": 0.14321999, "profitMargins": 0.12984, "financialCurrency": "INR"}}}