{"KITEX.BO": {"recommendationTrend": {"trend": [{"period": "0m", "strongBuy": 0, "buy": 0, "hold": 0, "sell": 0, "strongSell": 0}, {"period": "-1m", "strongBuy": 0, "buy": 0, "hold": 0, "sell": 0, "strongSell": 0}, {"period": "-2m", "strongBuy": 0, "buy": 0, "hold": 0, "sell": 0, "strongSell": 0}, {"period": "-3m", "strongBuy": 0, "buy": 0, "hold": 0, "sell": 0, "strongSell": 0}], "maxAge": 86400}, "cashflowStatementHistory": {"cashflowStatements": [{"maxAge": 1, "endDate": "2020-03-31", "netIncome": 1033709000, "depreciation": 261504000, "changeToNetincome": -267800000, "changeToAccountReceivables": -567337000, "changeToLiabilities": 63303000, "changeToInventory": -14485000, "totalCashFromOperatingActivities": 511913000, "capitalExpenditures": -292101000, "otherCashflowsFromInvestingActivities": 4342000, "totalCashflowsFromInvestingActivities": -286240000, "dividendsPaid": -238852000, "netBorrowings": 61157000, "otherCashflowsFromFinancingActivities": -70548000, "totalCashFromFinancingActivities": -248243000, "effectOfExchangeRate": 27373000, "changeInCash": 4803000}, {"maxAge": 1, "endDate": "2019-03-31", "netIncome": 714455000, "depreciation": 268600000, "changeToNetincome": 221848000, "changeToAccountReceivables": -736834000, "changeToLiabilities": 24026000, "changeToInventory": -410558000, "totalCashFromOperatingActivities": 85562000, "capitalExpenditures": -775662000, "investments": -12997000, "otherCashflowsFromInvestingActivities": 3625000, "totalCashflowsFromInvestingActivities": -779945000, "dividendsPaid": -59967000, "netBorrowings": 819892000, "otherCashflowsFromFinancingActivities": -39178000, "totalCashFromFinancingActivities": 720747000, "effectOfExchangeRate": -12540000, "changeInCash": 13824000}, {"maxAge": 1, "endDate": "2018-03-31", "netIncome": 635494000, "depreciation": 231424000, "changeToNetincome": 42041000, "changeToAccountReceivables": -153498000, "changeToLiabilities": 1436000, "changeToInventory": -473273000, "totalCashFromOperatingActivities": 286214000, "capitalExpenditures": -394428000, "investments": -147617000, "otherCashflowsFromInvestingActivities": 3653000, "totalCashflowsFromInvestingActivities": -520232000, "dividendsPaid": -101930000, "netBorrowings": -2721000, "otherCashflowsFromFinancingActivities": -46691000, "totalCashFromFinancingActivities": -151342000, "effectOfExchangeRate": 7364000, "changeInCash": -377996000}, {"maxAge": 1, "endDate": "2017-03-31", "netIncome": 834584000, "depreciation": 216196000, "changeToNetincome": 143448000, "changeToAccountReceivables": -538668000, "changeToLiabilities": 63635000, "changeToInventory": -274740000, "totalCashFromOperatingActivities": 446551000, "capitalExpenditures": -280835000, "investments": -70900000, "otherCashflowsFromInvestingActivities": 3311000, "totalCashflowsFromInvestingActivities": -344524000, "dividendsPaid": -86513000, "netBorrowings": -1017954000, "otherCashflowsFromFinancingActivities": -94667000, "totalCashFromFinancingActivities": -1199134000, "effectOfExchangeRate": -60533000, "changeInCash": -1157640000}], "maxAge": 86400}, "institutionOwnership": {"ownershipList": [], "maxAge": 1}, "balanceSheetHistoryQuarterly": {"balanceSheetStatements": [{"maxAge": 1, "endDate": "2020-06-30", "totalStockholderEquity": 6413762000, "netTangibleAssets": 6408549000}, {"maxAge": 1, "endDate": "2020-03-31", "cash": 945430000, "netReceivables": 2929545000, "inventory": 1303287000, "otherCurrentAssets": 363388000, "totalCurrentAssets": 5555112000, "longTermInvestments": 225000, "propertyPlantEquipment": 2537184000, "intangibleAssets": 5213000, "otherAssets": 253198000, "totalAssets": 8350932000, "accountsPayable": 473170000, "otherCurrentLiab": 214775000, "otherLiab": 227100000, "totalCurrentLiabilities": 1710070000, "totalLiab": 1937170000, "commonStock": 66500000, "retainedEarnings": 6347794000, "treasuryStock": -532000, "otherStockholderEquity": -532000, "totalStockholderEquity": 6413762000, "netTangibleAssets": 6408549000}, {"maxAge": 1, "endDate": "2019-12-31", "totalStockholderEquity": 6016528000, "netTangibleAssets": 5990805000}, {"maxAge": 1, "endDate": "2019-09-30", "cash": 984512000, "shortTermInvestments": 258891000, "netReceivables": 1919243000, "inventory": 1795776000, "otherCurrentAssets": 725292000, "totalCurrentAssets": 5683714000, "longTermInvestments": 19206000, "propertyPlantEquipment": 2470438000, "intangibleAssets": 25723000, "otherAssets": 83924000, "totalAssets": 8283005000, "accountsPayable": 721109000, "otherCurrentLiab": 372136000, "otherLiab": 226186000, "totalCurrentLiabilities": 2040291000, "totalLiab": 2266477000, "commonStock": 66500000, "treasuryStock": 5950028000, "otherStockholderEquity": 5950028000, "totalStockholderEquity": 6016528000, "netTangibleAssets": 5990805000}], "maxAge": 86400}, "earningsHistory": {"history": [{"maxAge": 1, "epsActual": 1.94, "epsEstimate": 4.85, "epsDifference": -2.91, "surprisePercent": -0.6, "quarter": "2016-09-30", "period": "-4q"}, {"maxAge": 1, "epsActual": 4.77, "epsEstimate": 4.24, "epsDifference": 0.53, "surprisePercent": 0.125, "quarter": "2016-12-31", "period": "-3q"}, {"maxAge": 1, "epsActual": 3.63, "epsEstimate": 2.82, "epsDifference": 0.81, "surprisePercent": 0.287, "quarter": "2017-09-30", "period": "-2q"}, {"maxAge": 1, "epsActual": 2.65, "epsEstimate": 4.39, "epsDifference": -1.74, "surprisePercent": -0.396, "quarter": "2017-12-31", "period": "-1q"}], "maxAge": 86400}, "indexTrend": {"maxAge": 1, "symbol": "SP5", "peRatio": 19.7411, "pegRatio": 1.34172, "estimates": [{"period": "0q", "growth": 0.549}, {"period": "+1q", "growth": 0.431}, {"period": "0y", "growth": 0.305}, {"period": "+1y", "growth": 0.109}, {"period": "+5y", "growth": 0.120865}, {"period": "-5y"}]}, "industryTrend": {"maxAge": 1, "symbol": null, "estimates": []}, "insiderTransactions": {"transactions": [{"maxAge": 1, "shares": 57199, "filerUrl": "", "transactionText": "", "filerName": "Kitex Childrenswear Ltd", "filerRelation": "Retired", "moneyText": "", "startDate": "2019-10-03", "ownership": "D"}, {"maxAge": 1, "shares": 17894, "filerUrl": "", "transactionText": "", "filerName": "Kitex Childrenswear Ltd", "filerRelation": "Promoter", "moneyText": "", "startDate": "2019-09-27", "ownership": "D"}, {"maxAge": 1, "shares": 55451, "filerUrl": "", "transactionText": "", "filerName": "Kitex Childrenswear Ltd", "filerRelation": "Promoter", "moneyText": "", "startDate": "2019-09-20", "ownership": "D"}, {"maxAge": 1, "shares": 24225, "filerUrl": "", "transactionText": "", "filerName": "Kitex Childrenswear Ltd", "filerRelation": "Promoter", "moneyText": "", "startDate": "2019-09-18", "ownership": "D"}, {"maxAge": 1, "shares": 501, "filerUrl": "", "transactionText": "", "filerName": "Kitex Childrenswear Ltd", "filerRelation": "Promoter", "moneyText": "", "startDate": "2019-09-09", "ownership": "D"}, {"maxAge": 1, "shares": 22125, "filerUrl": "", "transactionText": "", "filerName": "Kitex Childrenswear Ltd", "filerRelation": "Promoter", "moneyText": "", "startDate": "2019-09-06", "ownership": "D"}, {"maxAge": 1, "shares": 22920, "filerUrl": "", "transactionText": "", "filerName": "Kitex Childrenswear Ltd", "filerRelation": "Promoter", "moneyText": "", "startDate": "2019-09-06", "ownership": "D"}, {"maxAge": 1, "shares": 27229, "filerUrl": "", "transactionText": "", "filerName": "Kitex Childrenswear Ltd", "filerRelation": "Promoter", "moneyText": "", "startDate": "2019-02-01", "ownership": "D"}, {"maxAge": 1, "shares": 33214, "filerUrl": "", "transactionText": "", "filerName": "Kitex Childrenswear Ltd", "filerRelation": "Promoter", "moneyText": "", "startDate": "2019-01-30", "ownership": "D"}, {"maxAge": 1, "shares": 2626, "filerUrl": "", "transactionText": "", "filerName": "Jacob (Sabu Meckamkunnel)", "filerRelation": "Executive Chairman", "moneyText": "", "startDate": "2019-01-30", "ownership": "D"}, {"maxAge": 1, "shares": 34604, "filerUrl": "", "transactionText": "", "filerName": "Kitex Childrenswear Ltd", "filerRelation": "Promoter", "moneyText": "", "startDate": "2019-01-29", "ownership": "D"}, {"maxAge": 1, "shares": 112781, "filerUrl": "", "transactionText": "", "filerName": "Jacob (Sabu Meckamkunnel)", "filerRelation": "Executive Chairman", "moneyText": "", "startDate": "2019-01-28", "ownership": "D"}, {"maxAge": 1, "shares": 415, "filerUrl": "", "transactionText": "", "filerName": "Jacob (Sabu Meckamkunnel)", "filerRelation": "Executive Chairman", "moneyText": "", "startDate": "2018-10-15", "ownership": "D"}, {"maxAge": 1, "shares": 54939, "filerUrl": "", "transactionText": "", "filerName": "Jacob (Sabu Meckamkunnel)", "filerRelation": "Executive Chairman", "moneyText": "", "startDate": "2018-10-11", "ownership": "D"}, {"maxAge": 1, "shares": 16800, "filerUrl": "", "transactionText": "", "filerName": "Jacob (Sabu Meckamkunnel)", "filerRelation": "Executive Chairman", "moneyText": "", "startDate": "2018-09-05", "ownership": "D"}, {"maxAge": 1, "shares": 16800, "filerUrl": "", "transactionText": "", "filerName": "Jacob (Sabu Meckamkunnel)", "filerRelation": "Executive Chairman", "moneyText": "", "startDate": "2018-08-31", "ownership": "D"}, {"maxAge": 1, "shares": 25045, "filerUrl": "", "transactionText": "", "filerName": "Jacob (Sabu Meckamkunnel)", "filerRelation": "Executive Chairman", "moneyText": "", "startDate": "2018-08-29", "ownership": "D"}, {"maxAge": 1, "shares": 19805, "filerUrl": "", "transactionText": "", "filerName": "Jacob (Bobby M)", "filerRelation": "Chief Financial Officer", "moneyText": "", "startDate": "2018-07-05", "ownership": "D"}, {"maxAge": 1, "shares": 82754, "filerUrl": "", "transactionText": "", "filerName": "Jacob (Sabu Meckamkunnel)", "filerRelation": "Executive Chairman", "moneyText": "", "startDate": "2018-03-01", "ownership": "D"}, {"maxAge": 1, "shares": 121221, "filerUrl": "", "transactionText": "", "filerName": "Jacob (Sabu Meckamkunnel)", "filerRelation": "Executive Chairman", "moneyText": "", "startDate": "2018-02-28", "ownership": "D"}, {"maxAge": 1, "shares": 10143494, "filerUrl": "", "transactionText": "", "filerName": "Jacob (Sabu Meckamkunnel)", "filerRelation": "Executive Chairman", "moneyText": "", "startDate": "2018-02-27", "ownership": "D"}, {"maxAge": 1, "shares": 10757700, "filerUrl": "", "transactionText": "", "filerName": "Jacob (Sabu Meckamkunnel)", "filerRelation": "Executive Chairman", "moneyText": "", "startDate": "2016-12-09", "ownership": "D"}, {"maxAge": 1, "shares": 3846950, "filerUrl": "", "transactionText": "", "filerName": "Jacob (Sabu Meckamkunnel)", "filerRelation": "Executive Chairman", "moneyText": "", "startDate": "2016-12-09", "ownership": "D"}, {"maxAge": 1, "shares": 1096950, "filerUrl": "", "transactionText": "", "filerName": "Jacob (Sabu Meckamkunnel)", "filerRelation": "Executive Chairman", "moneyText": "", "startDate": "2016-10-04", "ownership": "D"}], "maxAge": 1}, "quoteType": {"exchange": "BSE", "quoteType": "EQUITY", "symbol": "KITEX.BO", "underlyingSymbol": "KITEX.BO", "shortName": "KITEX GARMENTS LTD.", "longName": "Kitex Garments Limited", "firstTradeDateEpochUtc": "2002-08-16 09:15:00", "timeZoneFullName": "Asia/Kolkata", "timeZoneShortName": "IST", "uuid": "90d44ed2-8107-3b89-9c3e-ecc772baf594", "gmtOffSetMilliseconds": 19800000, "maxAge": 1}, "incomeStatementHistory": {"incomeStatementHistory": [{"maxAge": 1, "endDate": "2020-03-31", "totalRevenue": 7392098000, "costOfRevenue": 3284924000, "grossProfit": 4107174000, "researchDevelopment": {}, "sellingGeneralAdministrative": 1245632000, "nonRecurring": {}, "otherOperatingExpenses": 1480454000, "totalOperatingExpenses": 6275533000, "operatingIncome": 1116565000, "totalOtherIncomeExpenseNet": 262117000, "ebit": 1116565000, "interestExpense": -66835000, "incomeBeforeTax": 1378682000, "incomeTaxExpense": 344973000, "minorityInterest": {}, "netIncomeFromContinuingOps": 1033709000, "discontinuedOperations": {}, "extraordinaryItems": {}, "effectOfAccountingCharges": {}, "otherItems": {}, "netIncome": 1033709000, "netIncomeApplicableToCommonShares": 1033709000}, {"maxAge": 1, "endDate": "2019-03-31", "totalRevenue": 6068046000, "costOfRevenue": 2525025000, "grossProfit": 3543021000, "researchDevelopment": {}, "sellingGeneralAdministrative": 1077557000, "nonRecurring": {}, "otherOperatingExpenses": 1025106000, "totalOperatingExpenses": 4900313000, "operatingIncome": 1167733000, "totalOtherIncomeExpenseNet": 34068000, "ebit": 1167733000, "interestExpense": -32254000, "incomeBeforeTax": 1201801000, "incomeTaxExpense": 487346000, "minorityInterest": {}, "netIncomeFromContinuingOps": 714455000, "discontinuedOperations": {}, "extraordinaryItems": {}, "effectOfAccountingCharges": {}, "otherItems": {}, "netIncome": 714455000, "netIncomeApplicableToCommonShares": 714455000}, {"maxAge": 1, "endDate": "2018-03-31", "totalRevenue": 5572542000, "costOfRevenue": 2246162000, "grossProfit": 3326380000, "researchDevelopment": {}, "sellingGeneralAdministrative": 999365000, "nonRecurring": {}, "otherOperatingExpenses": 966894000, "totalOperatingExpenses": 4446435000, "operatingIncome": 1126107000, "totalOtherIncomeExpenseNet": -115944000, "ebit": 1126107000, "interestExpense": -52558000, "incomeBeforeTax": 1010163000, "incomeTaxExpense": 374669000, "minorityInterest": {}, "netIncomeFromContinuingOps": 635494000, "discontinuedOperations": {}, "extraordinaryItems": {}, "effectOfAccountingCharges": {}, "otherItems": {}, "netIncome": 635494000, "netIncomeApplicableToCommonShares": 635494000}, {"maxAge": 1, "endDate": "2017-03-31", "totalRevenue": 5459013000, "costOfRevenue": 2031178000, "grossProfit": 3427835000, "researchDevelopment": {}, "sellingGeneralAdministrative": 934503000, "nonRecurring": {}, "otherOperatingExpenses": 728380000, "totalOperatingExpenses": 3912353000, "operatingIncome": 1546660000, "totalOtherIncomeExpenseNet": -212182000, "ebit": 1546660000, "interestExpense": -84127000, "incomeBeforeTax": 1334478000, "incomeTaxExpense": 499894000, "minorityInterest": {}, "netIncomeFromContinuingOps": 834584000, "discontinuedOperations": {}, "extraordinaryItems": {}, "effectOfAccountingCharges": {}, "otherItems": {}, "netIncome": 834584000, "netIncomeApplicableToCommonShares": 834584000}], "maxAge": 86400}, "fundOwnership": {"ownershipList": [], "maxAge": 1}, "summaryDetail": {"maxAge": 1, "priceHint": 2, "previousClose": 97.7, "open": 97.35, "dayLow": 97.05, "dayHigh": 98.3, "regularMarketPreviousClose": 97.7, "regularMarketOpen": 97.35, "regularMarketDayLow": 97.05, "regularMarketDayHigh": 98.3, "trailingPE": 6.3783326, "forwardPE": 2.9035606, "volume": 5349, "regularMarketVolume": 5349, "averageVolume": 19842, "averageVolume10days": 6425, "averageDailyVolume10Day": 6425, "bid": 97.45, "ask": 98.05, "bidSize": 0, "askSize": 0, "marketCap": 6507024896, "fiftyTwoWeekLow": 77.15, "fiftyTwoWeekHigh": 171.0, "fiftyDayAverage": 110.03636, "twoHundredDayAverage": 106.24669, "trailingAnnualDividendRate": 1.5, "trailingAnnualDividendYield": 0.015353123, "currency": "INR", "fromCurrency": null, "lastMarket": null, "algorithm": null, "tradeable": false}, "sectorTrend": {"maxAge": 1, "symbol": null, "estimates": []}, "incomeStatementHistoryQuarterly": {"incomeStatementHistory": [{"maxAge": 1, "endDate": "2020-06-30", "totalRevenue": 895975000, "costOfRevenue": 404669000, "grossProfit": 491306000, "researchDevelopment": {}, "sellingGeneralAdministrative": 155349000, "nonRecurring": {}, "otherOperatingExpenses": 117322000, "totalOperatingExpenses": 742741000, "operatingIncome": 153234000, "totalOtherIncomeExpenseNet": 21733000, "ebit": 153234000, "interestExpense": -7397000, "incomeBeforeTax": 174967000, "incomeTaxExpense": 48387000, "minorityInterest": {}, "netIncomeFromContinuingOps": 126580000, "discontinuedOperations": {}, "extraordinaryItems": {}, "effectOfAccountingCharges": {}, "otherItems": {}, "netIncome": 126580000, "netIncomeApplicableToCommonShares": 126580000}, {"maxAge": 1, "endDate": "2020-03-31", "totalRevenue": 1463246000, "costOfRevenue": 755858000, "grossProfit": 707388000, "researchDevelopment": {}, "sellingGeneralAdministrative": 315008000, "nonRecurring": {}, "otherOperatingExpenses": 226851000, "totalOperatingExpenses": 1362696000, "operatingIncome": 100550000, "totalOtherIncomeExpenseNet": 125690000, "ebit": 100550000, "interestExpense": -20455000, "incomeBeforeTax": 226240000, "incomeTaxExpense": 50058000, "minorityInterest": {}, "netIncomeFromContinuingOps": 176182000, "discontinuedOperations": {}, "extraordinaryItems": {}, "effectOfAccountingCharges": {}, "otherItems": {}, "netIncome": 176182000, "netIncomeApplicableToCommonShares": 176182000}, {"maxAge": 1, "endDate": "2019-12-31", "totalRevenue": 2508613000, "costOfRevenue": 1114294000, "grossProfit": 1394319000, "researchDevelopment": {}, "sellingGeneralAdministrative": 374354000, "nonRecurring": {}, "otherOperatingExpenses": 494296000, "totalOperatingExpenses": 2048559000, "operatingIncome": 460054000, "totalOtherIncomeExpenseNet": 43770000, "ebit": 460054000, "interestExpense": -21013000, "incomeBeforeTax": 503824000, "incomeTaxExpense": 153893000, "minorityInterest": {}, "netIncomeFromContinuingOps": 349931000, "discontinuedOperations": {}, "extraordinaryItems": {}, "effectOfAccountingCharges": {}, "otherItems": {}, "netIncome": 349931000, "netIncomeApplicableToCommonShares": 349931000}, {"maxAge": 1, "endDate": "2019-09-30", "totalRevenue": 1964659000, "costOfRevenue": 842130000, "grossProfit": 1122529000, "researchDevelopment": {}, "sellingGeneralAdministrative": 307485000, "nonRecurring": {}, "otherOperatingExpenses": 420491000, "totalOperatingExpenses": 1636459000, "operatingIncome": 328200000, "totalOtherIncomeExpenseNet": 93313000, "ebit": 328200000, "interestExpense": -13685000, "incomeBeforeTax": 421513000, "incomeTaxExpense": 53615000, "minorityInterest": {}, "netIncomeFromContinuingOps": 367898000, "discontinuedOperations": {}, "extraordinaryItems": {}, "effectOfAccountingCharges": {}, "otherItems": {}, "netIncome": 367898000, "netIncomeApplicableToCommonShares": 367898000}], "maxAge": 86400}, "cashflowStatementHistoryQuarterly": {"cashflowStatements": [{"maxAge": 1, "endDate": "2020-06-30", "netIncome": 126580000, "changeToLiabilities": 0}, {"maxAge": 1, "endDate": "2020-03-31", "netIncome": 176182000, "changeToLiabilities": 0}, {"maxAge": 1, "endDate": "2019-12-31", "netIncome": 349931000, "changeToLiabilities": 0}, {"maxAge": 1, "endDate": "2019-09-30", "netIncome": 367898000, "changeToLiabilities": 0}], "maxAge": 86400}, "insiderHolders": {"holders": [{"maxAge": 1, "name": "Jacob (Bobby M)", "relation": "Chief Financial Officer", "url": "", "transactionDescription": "Acquisition", "latestTransDate": "2018-07-05", "positionDirect": 26086, "positionDirectDate": "2018-07-05"}, {"maxAge": 1, "name": "Jacob (Sabu Meckamkunnel)", "relation": "Executive Chairman", "url": "", "transactionDescription": "Acquisition", "latestTransDate": "2019-01-30", "positionDirect": 22015606, "positionDirectDate": "2019-01-30"}, {"maxAge": 1, "name": "Kitex Childrenswear Ltd", "relation": "Retired", "url": "", "transactionDescription": "Acquisition", "latestTransDate": "2019-10-03", "positionDirect": 10585822, "positionDirectDate": "2019-10-03"}], "maxAge": 1}, "earnings": {"maxAge": 86400, "earningsChart": {"quarterly": [{"date": "3Q2016", "actual": 1.94, "estimate": 4.85}, {"date": "4Q2016", "actual": 4.77, "estimate": 4.24}, {"date": "3Q2017", "actual": 3.63, "estimate": 2.82}, {"date": "4Q2017", "actual": 2.65, "estimate": 4.39}], "currentQuarterEstimateDate": "1Q", "currentQuarterEstimateYear": 2018, "earningsDate": ["2020-09-14 05:30:S"]}, "financialsChart": {"yearly": [{"date": 2017, "revenue": 5459013000, "earnings": 834584000}, {"date": 2018, "revenue": 5572542000, "earnings": 635494000}, {"date": 2019, "revenue": 6068046000, "earnings": 714455000}, {"date": 2020, "revenue": 7392098000, "earnings": 1033709000}], "quarterly": [{"date": "3Q2019", "revenue": 1964659000, "earnings": 367898000}, {"date": "4Q2019", "revenue": 2508613000, "earnings": 349931000}, {"date": "1Q2020", "revenue": 1463246000, "earnings": 176182000}, {"date": "2Q2020", "revenue": 895975000, "earnings": 126580000}]}, "financialCurrency": "INR"}, "calendarEvents": {"maxAge": 1, "earnings": {"earningsDate": ["2020-09-14 05:30:S"], "revenueAverage": 1319370000, "revenueLow": 1650000000, "revenueHigh": 1650000000}}, "upgradeDowngradeHistory": {"history": [], "maxAge": 86400}, "price": {"maxAge": 1, "regularMarketChangePercent": 0.0015353279, "regularMarketChange": 0.15000153, "regularMarketTime": "2021-04-30 15:29:31", "priceHint": 2, "regularMarketPrice": 97.85, "regularMarketDayHigh": 98.3, "regularMarketDayLow": 97.05, "regularMarketVolume": 5349, "averageDailyVolume10Day": 6425, "averageDailyVolume3Month": 19842, "regularMarketPreviousClose": 97.7, "regularMarketSource": "FREE_REALTIME", "regularMarketOpen": 97.35, "exchange": "BSE", "exchangeName": "BSE", "exchangeDataDelayedBy": 0, "marketState": "CLOSED", "quoteType": "EQUITY", "symbol": "KITEX.BO", "underlyingSymbol": null, "shortName": "KITEX GARMENTS LTD.", "longName": "Kitex Garments Limited", "currency": "INR", "quoteSourceName": "Delayed Quote", "currencySymbol": "\u20b9", "fromCurrency": null, "lastMarket": null, "marketCap": 6507024896}, "balanceSheetHistory": {"balanceSheetStatements": [{"maxAge": 1, "endDate": "2020-03-31", "cash": 945430000, "netReceivables": 2929545000, "inventory": 1303287000, "otherCurrentAssets": 363388000, "totalCurrentAssets": 5555112000, "longTermInvestments": 225000, "propertyPlantEquipment": 2537184000, "intangibleAssets": 5213000, "otherAssets": 253198000, "totalAssets": 8350932000, "accountsPayable": 473170000, "otherCurrentLiab": 214775000, "otherLiab": 227100000, "totalCurrentLiabilities": 1710070000, "totalLiab": 1937170000, "commonStock": 66500000, "retainedEarnings": 6347794000, "treasuryStock": -532000, "otherStockholderEquity": -532000, "totalStockholderEquity": 6413762000, "netTangibleAssets": 6408549000}, {"maxAge": 1, "endDate": "2019-03-31", "cash": 940627000, "netReceivables": 2126837000, "inventory": 1288802000, "otherCurrentAssets": 547760000, "totalCurrentAssets": 4911699000, "longTermInvestments": 6037000, "propertyPlantEquipment": 2515271000, "intangibleAssets": 27318000, "otherAssets": 116427000, "totalAssets": 7576752000, "accountsPayable": 421059000, "shortLongTermDebt": 33270000, "otherCurrentLiab": 298635000, "otherLiab": 278645000, "totalCurrentLiabilities": 1663205000, "totalLiab": 1941850000, "commonStock": 66500000, "retainedEarnings": 5568604000, "treasuryStock": -202000, "otherStockholderEquity": -202000, "totalStockholderEquity": 5634902000, "netTangibleAssets": 5607584000}, {"maxAge": 1, "endDate": "2018-03-31", "cash": 926803000, "netReceivables": 1616221000, "inventory": 878244000, "otherCurrentAssets": 339226000, "totalCurrentAssets": 3768044000, "longTermInvestments": 90201000, "propertyPlantEquipment": 2033114000, "intangibleAssets": 23479000, "otherAssets": 84605000, "totalAssets": 5999443000, "accountsPayable": 425228000, "shortLongTermDebt": 71029000, "otherCurrentLiab": 146846000, "longTermDebt": 6258000, "otherLiab": 307330000, "totalCurrentLiabilities": 698850000, "totalLiab": 1012438000, "commonStock": 66500000, "retainedEarnings": 4916437000, "treasuryStock": 4068000, "otherStockholderEquity": 4068000, "totalStockholderEquity": 4987005000, "netTangibleAssets": 4963526000}, {"maxAge": 1, "endDate": "2017-03-31", "cash": 1304798000, "shortTermInvestments": 40460000, "netReceivables": 1664241000, "inventory": 404972000, "otherCurrentAssets": 126921000, "totalCurrentAssets": 3549459000, "longTermInvestments": 6466000, "propertyPlantEquipment": 1859748000, "intangibleAssets": 25157000, "otherAssets": 106589000, "totalAssets": 5547419000, "accountsPayable": 453502000, "shortLongTermDebt": 51500000, "otherCurrentLiab": 186178000, "longTermDebt": 31429000, "otherLiab": 348511000, "totalCurrentLiabilities": 721586000, "totalLiab": 1101526000, "commonStock": 47500000, "retainedEarnings": 4395171000, "treasuryStock": 3222000, "otherStockholderEquity": 3222000, "totalStockholderEquity": 4445893000, "netTangibleAssets": 4420736000}], "maxAge": 86400}, "earningsTrend": {"trend": [{"maxAge": 1, "period": "0q", "endDate": "2018-03-31", "growth": {}, "earningsEstimate": {"avg": 0.0, "low": 0.0, "high": 0.0, "yearAgoEps": 1.94, "numberOfAnalysts": 0, "growth": {}}, "revenueEstimate": {"avg": 1319370000, "low": 1650000000, "high": 1650000000, "numberOfAnalysts": 1, "yearAgoRevenue": 1696660000, "growth": -0.222}, "epsTrend": {"current": 0.0, "7daysAgo": 4.58, "30daysAgo": 4.58, "60daysAgo": 4.58, "90daysAgo": 4.58}, "epsRevisions": {"upLast7days": 0, "upLast30days": 0, "downLast30days": 0, "downLast90days": {}}}, {"maxAge": 1, "period": "+1q", "endDate": "2018-06-30", "growth": {}, "earningsEstimate": {"avg": 0.0, "low": 0.0, "high": 0.0, "yearAgoEps": 4.77, "numberOfAnalysts": 0, "growth": {}}, "revenueEstimate": {"avg": 1322620000, "low": 1491000000, "high": 1491000000, "numberOfAnalysts": 1, "yearAgoRevenue": 1307170000, "growth": 0.012}, "epsTrend": {"current": 0.0, "7daysAgo": 4.01, "30daysAgo": 4.01, "60daysAgo": 4.01, "90daysAgo": 4.01}, "epsRevisions": {"upLast7days": 0, "upLast30days": 0, "downLast30days": 0, "downLast90days": {}}}, {"maxAge": 1, "period": "0y", "endDate": "2018-03-31", "growth": {}, "earningsEstimate": {"avg": 0.0, "low": 0.0, "high": 0.0, "yearAgoEps": {}, "numberOfAnalysts": 0, "growth": {}}, "revenueEstimate": {"avg": 5599250000, "low": 6277860000, "high": 6277860000, "numberOfAnalysts": 1, "yearAgoRevenue": 4848110000, "growth": 0.155}, "epsTrend": {"current": 0.0, "7daysAgo": 15.82, "30daysAgo": 15.82, "60daysAgo": 15.82, "90daysAgo": 15.82}, "epsRevisions": {"upLast7days": 0, "upLast30days": 0, "downLast30days": 0, "downLast90days": {}}}, {"maxAge": 1, "period": "+1y", "endDate": "2019-03-31", "growth": {}, "earningsEstimate": {"avg": 0.0, "low": 0.0, "high": 0.0, "yearAgoEps": {}, "numberOfAnalysts": 0, "growth": {}}, "revenueEstimate": {"avg": 6905650000, "low": 6905650000, "high": 6905650000, "numberOfAnalysts": 1, "yearAgoRevenue": 5599250000, "growth": 0.233}, "epsTrend": {"current": 0.0, "7daysAgo": 18.95, "30daysAgo": 18.95, "60daysAgo": 18.95, "90daysAgo": 18.95}, "epsRevisions": {"upLast7days": 0, "upLast30days": 0, "downLast30days": 0, "downLast90days": {}}}, {"maxAge": 1, "period": "+5y", "endDate": null, "growth": {}, "earningsEstimate": {"avg": {}, "low": {}, "high": {}, "yearAgoEps": {}, "numberOfAnalysts": {}, "growth": {}}, "revenueEstimate": {"avg": {}, "low": {}, "high": {}, "numberOfAnalysts": {}, "yearAgoRevenue": {}, "growth": {}}, "epsTrend": {"current": {}, "7daysAgo": {}, "30daysAgo": {}, "60daysAgo": {}, "90daysAgo": {}}, "epsRevisions": {"upLast7days": {}, "upLast30days": {}, "downLast30days": {}, "downLast90days": {}}}, {"maxAge": 1, "period": "-5y", "endDate": null, "growth": {}, "earningsEstimate": {"avg": {}, "low": {}, "high": {}, "yearAgoEps": {}, "numberOfAnalysts": {}, "growth": {}}, "revenueEstimate": {"avg": {}, "low": {}, "high": {}, "numberOfAnalysts": {}, "yearAgoRevenue": {}, "growth": {}}, "epsTrend": {"current": {}, "7daysAgo": {}, "30daysAgo": {}, "60daysAgo": {}, "90daysAgo": {}}, "epsRevisions": {"upLast7days": {}, "upLast30days": {}, "downLast30days": {}, "downLast90days": {}}}], "maxAge": 1}, "financialData": {"maxAge": 86400, "currentPrice": 97.85, "targetHighPrice": 304.0, "targetLowPrice": 304.0, "targetMeanPrice": 304.0, "targetMedianPrice": 304.0, "recommendationKey": "none", "numberOfAnalystOpinions": 1, "grossProfits": 4107174000, "financialCurrency": "INR"}}}