{"KKALPANAIND.BO": {"recommendationTrend": {"trend": [{"period": "0m", "strongBuy": 0, "buy": 0, "hold": 0, "sell": 0, "strongSell": 0}, {"period": "-1m", "strongBuy": 0, "buy": 0, "hold": 0, "sell": 0, "strongSell": 0}, {"period": "-2m", "strongBuy": 0, "buy": 0, "hold": 0, "sell": 0, "strongSell": 0}, {"period": "-3m", "strongBuy": 0, "buy": 0, "hold": 0, "sell": 0, "strongSell": 0}], "maxAge": 86400}, "cashflowStatementHistory": {"cashflowStatements": [{"maxAge": 1, "endDate": "2020-03-31", "netIncome": 302248000, "depreciation": 121714000, "changeToNetincome": 367613000, "changeToAccountReceivables": 720952000, "changeToLiabilities": -837653000, "changeToInventory": 99669000, "changeToOperatingActivities": 17765000, "totalCashFromOperatingActivities": 792764000, "capitalExpenditures": -48690000, "investments": 28140000, "otherCashflowsFromInvestingActivities": 8964000, "totalCashflowsFromInvestingActivities": 20277000, "dividendsPaid": -22578000, "netBorrowings": -374903000, "otherCashflowsFromFinancingActivities": -451968000, "totalCashFromFinancingActivities": -849449000, "changeInCash": -36408000}, {"maxAge": 1, "endDate": "2019-03-31", "netIncome": 260303000, "depreciation": 146611000, "changeToNetincome": 648754000, "changeToAccountReceivables": 320991000, "changeToLiabilities": 218578000, "changeToInventory": -31460000, "changeToOperatingActivities": 191598000, "totalCashFromOperatingActivities": 1775478000, "capitalExpenditures": -260161000, "investments": -11808000, "otherCashflowsFromInvestingActivities": 7590000, "totalCashflowsFromInvestingActivities": -258954000, "dividendsPaid": -22578000, "netBorrowings": -891464000, "otherCashflowsFromFinancingActivities": -583846000, "totalCashFromFinancingActivities": -1497888000, "changeInCash": 18636000}, {"maxAge": 1, "endDate": "2018-03-31", "netIncome": 204438000, "depreciation": 172786000, "changeToNetincome": 547466000, "changeToAccountReceivables": 2382000, "changeToLiabilities": 1307082000, "changeToInventory": 144545000, "changeToOperatingActivities": -387011000, "totalCashFromOperatingActivities": 1992193000, "capitalExpenditures": -305479000, "investments": 50471000, "otherCashflowsFromInvestingActivities": 13778000, "totalCashflowsFromInvestingActivities": -230741000, "dividendsPaid": -22578000, "netBorrowings": -1218254000, "otherCashflowsFromFinancingActivities": -531625000, "totalCashFromFinancingActivities": -1749879000, "changeInCash": 11572000}, {"maxAge": 1, "endDate": "2017-03-31", "netIncome": 260551000, "depreciation": 131037000, "changeToNetincome": 638763000, "changeToAccountReceivables": 187276000, "changeToLiabilities": 133361000, "changeToInventory": -734843000, "changeToOperatingActivities": 216582000, "totalCashFromOperatingActivities": 833169000, "capitalExpenditures": -423537000, "investments": 19348000, "otherCashflowsFromInvestingActivities": 16353000, "totalCashflowsFromInvestingActivities": -368062000, "dividendsPaid": -22578000, "netBorrowings": 19611000, "otherCashflowsFromFinancingActivities": -515592000, "totalCashFromFinancingActivities": -495981000, "changeInCash": -30875000}], "maxAge": 86400}, "institutionOwnership": {"ownershipList": [], "maxAge": 1}, "balanceSheetHistoryQuarterly": {"balanceSheetStatements": [{"maxAge": 1, "endDate": "2020-06-30", "totalStockholderEquity": 3450636000, "netTangibleAssets": 3442083000}, {"maxAge": 1, "endDate": "2020-03-31", "cash": 151975000, "netReceivables": 2293304000, "inventory": 1522877000, "otherCurrentAssets": 502641000, "totalCurrentAssets": 4523729000, "longTermInvestments": 24175000, "propertyPlantEquipment": 2345142000, "goodWill": 7111000, "intangibleAssets": 1442000, "otherAssets": 145114000, "totalAssets": 7046713000, "accountsPayable": 1991165000, "shortLongTermDebt": 170435000, "otherCurrentLiab": 223756000, "longTermDebt": 358881000, "otherLiab": 263472000, "totalCurrentLiabilities": 2973724000, "totalLiab": 3596077000, "commonStock": 188146000, "retainedEarnings": 2650473000, "treasuryStock": 79772000, "capitalSurplus": 532245000, "otherStockholderEquity": 79772000, "totalStockholderEquity": 3450636000, "netTangibleAssets": 3442083000}, {"maxAge": 1, "endDate": "2019-12-31", "totalStockholderEquity": 3245675000, "netTangibleAssets": 3236894000}, {"maxAge": 1, "endDate": "2019-09-30", "cash": 140104000, "shortTermInvestments": 40408000, "netReceivables": 2376762000, "inventory": 1458351000, "otherCurrentAssets": 476667000, "totalCurrentAssets": 4492292000, "longTermInvestments": 47647000, "propertyPlantEquipment": 2405354000, "goodWill": 7111000, "intangibleAssets": 1670000, "otherAssets": 136117000, "totalAssets": 7090191000, "accountsPayable": 2245056000, "otherCurrentLiab": 250150000, "longTermDebt": 426990000, "otherLiab": 327873000, "totalCurrentLiabilities": 3089653000, "totalLiab": 3844516000, "commonStock": 188146000, "treasuryStock": 3057529000, "otherStockholderEquity": 3057529000, "totalStockholderEquity": 3245675000, "netTangibleAssets": 3236894000}], "maxAge": 86400}, "earningsHistory": {"history": [{"maxAge": 1, "epsActual": {}, "epsEstimate": {}, "epsDifference": {}, "surprisePercent": {}, "quarter": {}, "period": "-4q"}, {"maxAge": 1, "epsActual": {}, "epsEstimate": {}, "epsDifference": {}, "surprisePercent": {}, "quarter": {}, "period": "-3q"}, {"maxAge": 1, "epsActual": {}, "epsEstimate": {}, "epsDifference": {}, "surprisePercent": {}, "quarter": {}, "period": "-2q"}, {"maxAge": 1, "epsActual": {}, "epsEstimate": {}, "epsDifference": {}, "surprisePercent": {}, "quarter": {}, "period": "-1q"}], "maxAge": 86400}, "indexTrend": {"maxAge": 1, "symbol": "SP5", "peRatio": 19.7411, "pegRatio": 1.34172, "estimates": [{"period": "0q", "growth": 0.549}, {"period": "+1q", "growth": 0.431}, {"period": "0y", "growth": 0.305}, {"period": "+1y", "growth": 0.109}, {"period": "+5y", "growth": 0.120859005}, {"period": "-5y"}]}, "industryTrend": {"maxAge": 1, "symbol": null, "estimates": []}, "insiderTransactions": {"transactions": [{"maxAge": 1, "shares": 302550, "filerUrl": "", "transactionText": "", "filerName": "BBIGPLAS Poly Pvt Ltd", "filerRelation": "Institution- Corporation", "moneyText": "", "startDate": "2019-02-27", "ownership": "D"}, {"maxAge": 1, "shares": 200000, "filerUrl": "", "transactionText": "", "filerName": "BBIGPLAS Poly Pvt Ltd", "filerRelation": "Institution- Corporation", "moneyText": "", "startDate": "2019-02-18", "ownership": "D"}, {"maxAge": 1, "shares": 7275750, "filerUrl": "", "transactionText": "", "filerName": "Inbara Holdings Pvt Ltd", "filerRelation": "Promoter", "moneyText": "", "startDate": "2019-02-04", "ownership": "D"}, {"maxAge": 1, "shares": 917765, "filerUrl": "", "transactionText": "", "filerName": "Krishna Commodeals Pvt. Ltd.", "filerRelation": "Promoter", "moneyText": "", "startDate": "2019-02-04", "ownership": "D"}, {"maxAge": 1, "shares": 15602530, "filerUrl": "", "transactionText": "", "filerName": "Shyambaba Trexim Pvt Ltd", "filerRelation": "Promoter", "moneyText": "", "startDate": "2019-02-04", "ownership": "D"}, {"maxAge": 1, "shares": 45273090, "filerUrl": "", "transactionText": "", "filerName": "Sriram Financial Consultants Pvt Ltd", "filerRelation": "Promoter", "moneyText": "", "startDate": "2019-02-04", "ownership": "D"}, {"maxAge": 1, "shares": 775000, "filerUrl": "", "transactionText": "", "filerName": "Subh Labh Vintrade Pvt Ltd", "filerRelation": "Institution- Corporation", "moneyText": "", "startDate": "2010-09-17", "ownership": "D"}, {"maxAge": 1, "shares": 775000, "filerUrl": "", "transactionText": "", "filerName": "Subh Labh Vintrade Pvt Ltd", "filerRelation": "Institution- Corporation", "moneyText": "", "startDate": "2010-08-12", "ownership": "D"}], "maxAge": 1}, "quoteType": {"exchange": "BSE", "quoteType": "EQUITY", "symbol": "KKALPANAIND.BO", "underlyingSymbol": "KKALPANAIND.BO", "shortName": "KKALPANA INDUSTRIES (INDIA) LT", "longName": "Kkalpana Industries (India) Limited", "firstTradeDateEpochUtc": "2002-01-29 09:15:00", "timeZoneFullName": "Asia/Kolkata", "timeZoneShortName": "IST", "uuid": "942e7583-5065-33a4-91ae-68c60b97270e", "gmtOffSetMilliseconds": 19800000, "maxAge": 1}, "incomeStatementHistory": {"incomeStatementHistory": [{"maxAge": 1, "endDate": "2020-03-31", "totalRevenue": 17460936000, "costOfRevenue": 15166063000, "grossProfit": 2294873000, "researchDevelopment": {}, "sellingGeneralAdministrative": 474122000, "nonRecurring": {}, "otherOperatingExpenses": 1050188000, "totalOperatingExpenses": 16813708000, "operatingIncome": 647228000, "totalOtherIncomeExpenseNet": -349819000, "ebit": 647228000, "interestExpense": -364505000, "incomeBeforeTax": 297409000, "incomeTaxExpense": -4839000, "minorityInterest": {}, "netIncomeFromContinuingOps": 302248000, "discontinuedOperations": {}, "extraordinaryItems": {}, "effectOfAccountingCharges": {}, "otherItems": {}, "netIncome": 302248000, "netIncomeApplicableToCommonShares": 302248000}, {"maxAge": 1, "endDate": "2019-03-31", "totalRevenue": 19835171000, "costOfRevenue": 17280757000, "grossProfit": 2554414000, "researchDevelopment": {}, "sellingGeneralAdministrative": 528608000, "nonRecurring": {}, "otherOperatingExpenses": 959955000, "totalOperatingExpenses": 18936378000, "operatingIncome": 898793000, "totalOtherIncomeExpenseNet": -488555000, "ebit": 898793000, "interestExpense": -436550000, "incomeBeforeTax": 410238000, "incomeTaxExpense": 150104000, "minorityInterest": {}, "netIncomeFromContinuingOps": 260134000, "discontinuedOperations": {}, "extraordinaryItems": {}, "effectOfAccountingCharges": {}, "otherItems": {}, "netIncome": 260303000, "netIncomeApplicableToCommonShares": 260303000}, {"maxAge": 1, "endDate": "2018-03-31", "totalRevenue": 17182258000, "costOfRevenue": 15067683000, "grossProfit": 2114575000, "researchDevelopment": {}, "sellingGeneralAdministrative": 341340000, "nonRecurring": {}, "otherOperatingExpenses": 795905000, "totalOperatingExpenses": 16380976000, "operatingIncome": 801282000, "totalOtherIncomeExpenseNet": -473332000, "ebit": 801282000, "interestExpense": -439581000, "incomeBeforeTax": 327950000, "incomeTaxExpense": 125259000, "minorityInterest": -1932000, "netIncomeFromContinuingOps": 202691000, "discontinuedOperations": {}, "extraordinaryItems": {}, "effectOfAccountingCharges": {}, "otherItems": {}, "netIncome": 204438000, "netIncomeApplicableToCommonShares": 204438000}, {"maxAge": 1, "endDate": "2017-03-31", "totalRevenue": 19509235000, "costOfRevenue": 17370767000, "grossProfit": 2138468000, "researchDevelopment": {}, "sellingGeneralAdministrative": 251555000, "nonRecurring": {}, "otherOperatingExpenses": 888580000, "totalOperatingExpenses": 18696312000, "operatingIncome": 812923000, "totalOtherIncomeExpenseNet": -442005000, "ebit": 812923000, "interestExpense": -397363000, "incomeBeforeTax": 370918000, "incomeTaxExpense": 110402000, "minorityInterest": -186000, "netIncomeFromContinuingOps": 260516000, "discontinuedOperations": {}, "extraordinaryItems": {}, "effectOfAccountingCharges": {}, "otherItems": {}, "netIncome": 260551000, "netIncomeApplicableToCommonShares": 260550000}], "maxAge": 86400}, "fundOwnership": {"ownershipList": [], "maxAge": 1}, "summaryDetail": {"maxAge": 1, "priceHint": 2, "previousClose": 29.0, "open": 28.5, "dayLow": 26.95, "dayHigh": 29.0, "regularMarketPreviousClose": 29.0, "regularMarketOpen": 28.5, "regularMarketDayLow": 26.95, "regularMarketDayHigh": 29.0, "trailingPE": 10.527336, "volume": 23396, "regularMarketVolume": 23396, "averageVolume": 13166, "averageVolume10days": 5649, "averageDailyVolume10Day": 5649, "bid": 27.15, "ask": 0.0, "bidSize": 0, "askSize": 0, "marketCap": 2554078976, "fiftyTwoWeekLow": 11.95, "fiftyTwoWeekHigh": 29.0, "fiftyDayAverage": 23.113636, "twoHundredDayAverage": 20.388235, "trailingAnnualDividendRate": 0.12, "trailingAnnualDividendYield": 0.004137931, "currency": "INR", "fromCurrency": null, "lastMarket": null, "algorithm": null, "tradeable": false}, "sectorTrend": {"maxAge": 1, "symbol": null, "estimates": []}, "incomeStatementHistoryQuarterly": {"incomeStatementHistory": [{"maxAge": 1, "endDate": "2020-06-30", "totalRevenue": 2286811000, "costOfRevenue": 1989629000, "grossProfit": 297182000, "researchDevelopment": {}, "sellingGeneralAdministrative": 64250000, "nonRecurring": {}, "otherOperatingExpenses": 143597000, "totalOperatingExpenses": 2227780000, "operatingIncome": 59031000, "totalOtherIncomeExpenseNet": -57008000, "ebit": 59031000, "interestExpense": -77780000, "incomeBeforeTax": 2023000, "incomeTaxExpense": 1095000, "minorityInterest": {}, "netIncomeFromContinuingOps": 928000, "discontinuedOperations": {}, "extraordinaryItems": {}, "effectOfAccountingCharges": {}, "otherItems": {}, "netIncome": 928000, "netIncomeApplicableToCommonShares": 928000}, {"maxAge": 1, "endDate": "2020-03-31", "totalRevenue": 3891914000, "costOfRevenue": 3356652000, "grossProfit": 535262000, "researchDevelopment": {}, "sellingGeneralAdministrative": 151605000, "nonRecurring": {}, "otherOperatingExpenses": 174462000, "totalOperatingExpenses": 3714151000, "operatingIncome": 177763000, "totalOtherIncomeExpenseNet": -108449000, "ebit": 177763000, "interestExpense": -19900000, "incomeBeforeTax": 69314000, "incomeTaxExpense": -93313000, "minorityInterest": {}, "netIncomeFromContinuingOps": 162627000, "discontinuedOperations": {}, "extraordinaryItems": {}, "effectOfAccountingCharges": {}, "otherItems": {}, "netIncome": 162627000, "netIncomeApplicableToCommonShares": 162627000}, {"maxAge": 1, "endDate": "2019-12-31", "totalRevenue": 4623227000, "costOfRevenue": 4063558000, "grossProfit": 559669000, "researchDevelopment": {}, "sellingGeneralAdministrative": 94054000, "nonRecurring": {}, "otherOperatingExpenses": 295349000, "totalOperatingExpenses": 4483685000, "operatingIncome": 139542000, "totalOtherIncomeExpenseNet": -59866000, "ebit": 139542000, "interestExpense": -105206000, "incomeBeforeTax": 79676000, "incomeTaxExpense": 30995000, "minorityInterest": {}, "netIncomeFromContinuingOps": 48681000, "discontinuedOperations": {}, "extraordinaryItems": {}, "effectOfAccountingCharges": {}, "otherItems": {}, "netIncome": 48681000, "netIncomeApplicableToCommonShares": 48681000}, {"maxAge": 1, "endDate": "2019-09-30", "totalRevenue": 4128612000, "costOfRevenue": 3547744000, "grossProfit": 580868000, "researchDevelopment": {}, "sellingGeneralAdministrative": 110958000, "nonRecurring": {}, "otherOperatingExpenses": 288651000, "totalOperatingExpenses": 3977512000, "operatingIncome": 151100000, "totalOtherIncomeExpenseNet": -96602000, "ebit": 151100000, "interestExpense": -112815000, "incomeBeforeTax": 54498000, "incomeTaxExpense": 24710000, "minorityInterest": {}, "netIncomeFromContinuingOps": 29788000, "discontinuedOperations": {}, "extraordinaryItems": {}, "effectOfAccountingCharges": {}, "otherItems": {}, "netIncome": 29788000, "netIncomeApplicableToCommonShares": 29788000}], "maxAge": 86400}, "cashflowStatementHistoryQuarterly": {"cashflowStatements": [{"maxAge": 1, "endDate": "2020-06-30", "netIncome": 928000, "changeToLiabilities": 0}, {"maxAge": 1, "endDate": "2020-03-31", "netIncome": 162627000, "changeToLiabilities": 0}, {"maxAge": 1, "endDate": "2019-12-31", "netIncome": 48681000, "changeToLiabilities": 0}, {"maxAge": 1, "endDate": "2019-09-30", "netIncome": 29788000, "changeToLiabilities": 0}], "maxAge": 86400}, "insiderHolders": {"holders": [{"maxAge": 1, "name": "BBIGPLAS Poly Pvt Ltd", "relation": "Institution- Corporation", "url": "", "transactionDescription": "Acquisition", "latestTransDate": "2019-02-27", "positionDirect": 69571685, "positionDirectDate": "2019-02-27"}, {"maxAge": 1, "name": "Inbara Holdings Pvt Ltd", "relation": "Promoter", "url": "", "transactionDescription": "Other", "latestTransDate": "2019-02-04", "positionDirect": 0, "positionDirectDate": "2019-02-04"}, {"maxAge": 1, "name": "Krishna Commodeals Pvt. Ltd.", "relation": "Promoter", "url": "", "transactionDescription": "Other", "latestTransDate": "2019-02-04", "positionDirect": 0, "positionDirectDate": "2019-02-04"}, {"maxAge": 1, "name": "Shyambaba Trexim Pvt Ltd", "relation": "Promoter", "url": "", "transactionDescription": "Other", "latestTransDate": "2019-02-04", "positionDirect": 0, "positionDirectDate": "2019-02-04"}, {"maxAge": 1, "name": "Sriram Financial Consultants Pvt Ltd", "relation": "Promoter", "url": "", "transactionDescription": "Other", "latestTransDate": "2019-02-04", "positionDirect": 0, "positionDirectDate": "2019-02-04"}, {"maxAge": 1, "name": "Subh Labh Vintrade Pvt Ltd", "relation": "Institution- Corporation", "url": "", "transactionDescription": "Acquisition", "latestTransDate": "2010-09-17", "positionDirect": 1550000, "positionDirectDate": "2010-09-17"}], "maxAge": 1}, "earnings": {"maxAge": 86400, "earningsChart": {"quarterly": [], "earningsDate": []}, "financialsChart": {"yearly": [{"date": 2017, "revenue": 19509235000, "earnings": 260551000}, {"date": 2018, "revenue": 17182258000, "earnings": 204438000}, {"date": 2019, "revenue": 19835171000, "earnings": 260303000}, {"date": 2020, "revenue": 17460936000, "earnings": 302248000}], "quarterly": [{"date": "3Q2019", "revenue": 4128612000, "earnings": 29788000}, {"date": "4Q2019", "revenue": 4623227000, "earnings": 48681000}, {"date": "1Q2020", "revenue": 3891914000, "earnings": 162627000}, {"date": "2Q2020", "revenue": 2286811000, "earnings": 928000}]}, "financialCurrency": "INR"}, "calendarEvents": {"maxAge": 1, "earnings": {"earningsDate": []}}, "upgradeDowngradeHistory": {"history": [], "maxAge": 86400}, "price": {"maxAge": 1, "regularMarketChangePercent": -0.063793115, "regularMarketChange": -1.8500004, "regularMarketTime": "2021-04-30 15:40:49", "priceHint": 2, "regularMarketPrice": 27.15, "regularMarketDayHigh": 29.0, "regularMarketDayLow": 26.95, "regularMarketVolume": 23396, "averageDailyVolume10Day": 5649, "averageDailyVolume3Month": 13166, "regularMarketPreviousClose": 29.0, "regularMarketSource": "FREE_REALTIME", "regularMarketOpen": 28.5, "exchange": "BSE", "exchangeName": "BSE", "exchangeDataDelayedBy": 0, "marketState": "CLOSED", "quoteType": "EQUITY", "symbol": "KKALPANAIND.BO", "underlyingSymbol": null, "shortName": "KKALPANA INDUSTRIES (INDIA) LT", "longName": "Kkalpana Industries (India) Limited", "currency": "INR", "quoteSourceName": "Delayed Quote", "currencySymbol": "\u20b9", "fromCurrency": null, "lastMarket": null, "marketCap": 2554078976}, "balanceSheetHistory": {"balanceSheetStatements": [{"maxAge": 1, "endDate": "2020-03-31", "cash": 151975000, "netReceivables": 2293304000, "inventory": 1522877000, "otherCurrentAssets": 502641000, "totalCurrentAssets": 4523729000, "longTermInvestments": 24175000, "propertyPlantEquipment": 2345142000, "goodWill": 7111000, "intangibleAssets": 1442000, "otherAssets": 145114000, "totalAssets": 7046713000, "accountsPayable": 1991165000, "shortLongTermDebt": 170435000, "otherCurrentLiab": 223756000, "longTermDebt": 358881000, "otherLiab": 263472000, "totalCurrentLiabilities": 2973724000, "totalLiab": 3596077000, "commonStock": 188146000, "retainedEarnings": 2650473000, "treasuryStock": 79772000, "capitalSurplus": 532245000, "otherStockholderEquity": 79772000, "totalStockholderEquity": 3450636000, "netTangibleAssets": 3442083000}, {"maxAge": 1, "endDate": "2019-03-31", "cash": 188384000, "shortTermInvestments": 24640000, "netReceivables": 3013390000, "inventory": 1622547000, "otherCurrentAssets": 498619000, "totalCurrentAssets": 5371726000, "longTermInvestments": 52296000, "propertyPlantEquipment": 2458947000, "goodWill": 7111000, "intangibleAssets": 1898000, "otherAssets": 150406000, "totalAssets": 8042384000, "accountsPayable": 2807722000, "shortLongTermDebt": 165466000, "otherCurrentLiab": 233535000, "longTermDebt": 502986000, "otherLiab": 308123000, "totalCurrentLiabilities": 4053962000, "totalLiab": 4865071000, "commonStock": 188146000, "retainedEarnings": 2375399000, "treasuryStock": 81523000, "capitalSurplus": 532245000, "otherStockholderEquity": 81523000, "totalStockholderEquity": 3177313000, "netTangibleAssets": 3168304000}, {"maxAge": 1, "endDate": "2018-03-31", "cash": 169749000, "netReceivables": 3339123000, "inventory": 1591087000, "otherCurrentAssets": 615186000, "totalCurrentAssets": 5736377000, "longTermInvestments": 40285000, "propertyPlantEquipment": 2372591000, "goodWill": 4960000, "intangibleAssets": 2345000, "otherAssets": 196737000, "totalAssets": 8353295000, "accountsPayable": 2558510000, "shortLongTermDebt": 150158000, "otherCurrentLiab": 189945000, "longTermDebt": 648850000, "otherLiab": 251245000, "minorityInterest": -1932000, "totalCurrentLiabilities": 4509290000, "totalLiab": 5409385000, "commonStock": 188146000, "retainedEarnings": 2142270000, "treasuryStock": 83181000, "capitalSurplus": 532245000, "otherStockholderEquity": 83181000, "totalStockholderEquity": 2945842000, "netTangibleAssets": 2938537000}, {"maxAge": 1, "endDate": "2017-03-31", "cash": 158177000, "netReceivables": 3398741000, "inventory": 1735632000, "otherCurrentAssets": 414098000, "totalCurrentAssets": 5725383000, "longTermInvestments": 90324000, "propertyPlantEquipment": 2252261000, "goodWill": 4960000, "intangibleAssets": 2069000, "otherAssets": 148880000, "totalAssets": 8223877000, "accountsPayable": 1376838000, "shortLongTermDebt": 187036000, "otherCurrentLiab": 177433000, "longTermDebt": 665094000, "otherLiab": 250037000, "minorityInterest": -186000, "totalCurrentLiabilities": 4565709000, "totalLiab": 5480840000, "commonStock": 188146000, "retainedEarnings": 1937832000, "treasuryStock": 85000000, "capitalSurplus": 532245000, "otherStockholderEquity": 85000000, "totalStockholderEquity": 2743223000, "netTangibleAssets": 2736194000}], "maxAge": 86400}, "earningsTrend": {"trend": [{"maxAge": 1, "period": "0q", "endDate": null, "growth": {}, "earningsEstimate": {"avg": 0.0, "low": 0.0, "high": 0.0, "yearAgoEps": {}, "numberOfAnalysts": 0, "growth": {}}, "revenueEstimate": {"avg": 0, "low": 0, "high": 0, "numberOfAnalysts": 0, "yearAgoRevenue": {}, "growth": {}}, "epsTrend": {"current": 0.0, "7daysAgo": 0.0, "30daysAgo": 0.0, "60daysAgo": 0.0, "90daysAgo": 0.0}, "epsRevisions": {"upLast7days": 0, "upLast30days": 0, "downLast30days": 0, "downLast90days": {}}}, {"maxAge": 1, "period": "+1q", "endDate": null, "growth": {}, "earningsEstimate": {"avg": 0.0, "low": 0.0, "high": 0.0, "yearAgoEps": {}, "numberOfAnalysts": 0, "growth": {}}, "revenueEstimate": {"avg": 0, "low": 0, "high": 0, "numberOfAnalysts": 0, "yearAgoRevenue": {}, "growth": {}}, "epsTrend": {"current": 0.0, "7daysAgo": 0.0, "30daysAgo": 0.0, "60daysAgo": 0.0, "90daysAgo": 0.0}, "epsRevisions": {"upLast7days": 0, "upLast30days": 0, "downLast30days": 0, "downLast90days": {}}}, {"maxAge": 1, "period": "0y", "endDate": null, "growth": {}, "earningsEstimate": {"avg": 0.0, "low": 0.0, "high": 0.0, "yearAgoEps": {}, "numberOfAnalysts": 0, "growth": {}}, "revenueEstimate": {"avg": 0, "low": 0, "high": 0, "numberOfAnalysts": 0, "yearAgoRevenue": {}, "growth": {}}, "epsTrend": {"current": 0.0, "7daysAgo": 0.0, "30daysAgo": 0.0, "60daysAgo": 0.0, "90daysAgo": 0.0}, "epsRevisions": {"upLast7days": 0, "upLast30days": 0, "downLast30days": 0, "downLast90days": {}}}, {"maxAge": 1, "period": "+1y", "endDate": null, "growth": {}, "earningsEstimate": {"avg": 0.0, "low": 0.0, "high": 0.0, "yearAgoEps": {}, "numberOfAnalysts": 0, "growth": {}}, "revenueEstimate": {"avg": 0, "low": 0, "high": 0, "numberOfAnalysts": 0, "yearAgoRevenue": {}, "growth": {}}, "epsTrend": {"current": 0.0, "7daysAgo": 0.0, "30daysAgo": 0.0, "60daysAgo": 0.0, "90daysAgo": 0.0}, "epsRevisions": {"upLast7days": 0, "upLast30days": 0, "downLast30days": 0, "downLast90days": {}}}, {"maxAge": 1, "period": "+5y", "endDate": null, "growth": {}, "earningsEstimate": {"avg": {}, "low": {}, "high": {}, "yearAgoEps": {}, "numberOfAnalysts": {}, "growth": {}}, "revenueEstimate": {"avg": {}, "low": {}, "high": {}, "numberOfAnalysts": {}, "yearAgoRevenue": {}, "growth": {}}, "epsTrend": {"current": {}, "7daysAgo": {}, "30daysAgo": {}, "60daysAgo": {}, "90daysAgo": {}}, "epsRevisions": {"upLast7days": {}, "upLast30days": {}, "downLast30days": {}, "downLast90days": {}}}, {"maxAge": 1, "period": "-5y", "endDate": null, "growth": {}, "earningsEstimate": {"avg": {}, "low": {}, "high": {}, "yearAgoEps": {}, "numberOfAnalysts": {}, "growth": {}}, "revenueEstimate": {"avg": {}, "low": {}, "high": {}, "numberOfAnalysts": {}, "yearAgoRevenue": {}, "growth": {}}, "epsTrend": {"current": {}, "7daysAgo": {}, "30daysAgo": {}, "60daysAgo": {}, "90daysAgo": {}}, "epsRevisions": {"upLast7days": {}, "upLast30days": {}, "downLast30days": {}, "downLast90days": {}}}], "maxAge": 1}, "financialData": {"maxAge": 86400, "currentPrice": 27.15, "targetHighPrice": 19.6, "targetLowPrice": 19.6, "targetMeanPrice": 19.6, "targetMedianPrice": 19.6, "recommendationKey": "none", "numberOfAnalystOpinions": 1, "grossProfits": 2294873000, "financialCurrency": "INR"}}}