{"KKCL.NS": {"assetProfile": {"address1": "Kewal Kiran Estate", "address2": "460/7, I. B. Patel Road Near Western Express Highway Goregaon (East)", "city": "Mumbai", "zip": "400063", "country": "India", "phone": "91 22 2681 4400", "fax": "91 22 2681 4410", "website": "http://www.kewalkiran.com", "industry": "Apparel Manufacturing", "sector": "Consumer Cyclical", "longBusinessSummary": "Kewal Kiran Clothing Limited engages in manufacturing, marketing, and retailing branded readymade garments and finished accessories for men and women in Asia, in the Middle East, and the Commonwealth of Independent States. It offers casual, formal, semi-formal, and western wear for men, as well as fusion wear for women; jeans, trousers, shirts, T-shirts, jackets, pullovers, and fashion accessories; and branded accessories, such as deodorants, watches, wallets, belts, and inner wear. The company distributes its products primarily under the Killer, Easies, LawmanPg3, Integriti, and Desi Belle brand names through company owned and company operated, franchisee owned and franchisee operated, factory outlets, multi-brand outlets, and national chain stores, as well as e-commerce channels. It operates 205 K-Lounge, 116 exclusive brand outlets (EBOs), and 1 factory outlet. Kewal Kiran Clothing Limited was founded in 1980 and is headquartered in Mumbai, India.", "fullTimeEmployees": 2081, "companyOfficers": [{"maxAge": 1, "name": "Mr. Kewalchand Pukhraj Jain", "age": 58, "title": "Chairman & MD", "yearBorn": 1962, "fiscalYear": 2020, "totalPay": 7989600, "exercisedValue": 0, "unexercisedValue": 0}, {"maxAge": 1, "name": "Mr. Bhavin D. Sheth C.A.", "age": 44, "title": "CFO & Chief Investor Relations Officer", "yearBorn": 1976, "fiscalYear": 2020, "totalPay": 6555587, "exercisedValue": 0, "unexercisedValue": 0}, {"maxAge": 1, "name": "Mr. Vikas Pukhraj Jain", "age": 50, "title": "Head of Operations & Distribution and Whole Time Director", "yearBorn": 1970, "fiscalYear": 2020, "totalPay": 7989600, "exercisedValue": 0, "unexercisedValue": 0}, {"maxAge": 1, "name": "Mr. Abhijit B. Warange C.S.", "age": 42, "title": "VP of Legal, Company Sec. & Compliance Officer", "yearBorn": 1978, "fiscalYear": 2020, "totalPay": 4242959, "exercisedValue": 0, "unexercisedValue": 0}, {"maxAge": 1, "name": "Mr. Hemant Pukhraj Jain", "age": 55, "title": "Whole Time Director", "yearBorn": 1965, "fiscalYear": 2020, "totalPay": 7989600, "exercisedValue": 0, "unexercisedValue": 0}, {"maxAge": 1, "name": "Mr. Dinesh Pukhraj Jain", "age": 51, "title": "Head of Manufacturing Operations & Whole Time Director", "yearBorn": 1969, "fiscalYear": 2020, "totalPay": 7989600, "exercisedValue": 0, "unexercisedValue": 0}, {"maxAge": 1, "name": "Dr. Sanjeev Kumar Chauhan", "age": 53, "title": "Head of Human Resource", "yearBorn": 1967, "exercisedValue": 0, "unexercisedValue": 0}, {"maxAge": 1, "name": "Mr. Ashish  Barodia", "age": 47, "title": "Head Operations of Easies", "yearBorn": 1973, "exercisedValue": 0, "unexercisedValue": 0}, {"maxAge": 1, "name": "Mr. Pankaj K. Jain", "age": 35, "title": "Pres of Retail Division", "yearBorn": 1985, "fiscalYear": 2018, "exercisedValue": 0, "unexercisedValue": 0}, {"maxAge": 1, "name": "Mr. Lakhbir  Singh", "age": 40, "title": "Brand Head - Killer", "yearBorn": 1980, "exercisedValue": 0, "unexercisedValue": 0}], "compensationAsOfEpochDate": "2020-12-31 05:30:00", "maxAge": 86400}, "recommendationTrend": {"trend": [{"period": "0m", "strongBuy": 0, "buy": 0, "hold": 0, "sell": 0, "strongSell": 0}, {"period": "-1m", "strongBuy": 1, "buy": 2, "hold": 1, "sell": 1, "strongSell": 1}, {"period": "-2m", "strongBuy": 1, "buy": 1, "hold": 2, "sell": 1, "strongSell": 1}, {"period": "-3m", "strongBuy": 1, "buy": 1, "hold": 2, "sell": 1, "strongSell": 1}], "maxAge": 86400}, "cashflowStatementHistory": {"cashflowStatements": [{"maxAge": 1, "endDate": "2020-03-31", "netIncome": 730301000, "depreciation": 80679000, "changeToNetincome": -66101000, "changeToAccountReceivables": 57213000, "changeToLiabilities": -225064000, "changeToInventory": -69308000, "totalCashFromOperatingActivities": 509381000, "capitalExpenditures": -142481000, "investments": 569408000, "otherCashflowsFromInvestingActivities": 1437000, "totalCashflowsFromInvestingActivities": 459232000, "dividendsPaid": -564438000, "netBorrowings": -59081000, "otherCashflowsFromFinancingActivities": -80078000, "totalCashFromFinancingActivities": -703597000, "effectOfExchangeRate": 10000, "changeInCash": 265026000}, {"maxAge": 1, "endDate": "2019-03-31", "netIncome": 802883000, "depreciation": 78046000, "changeToNetincome": -105919000, "changeToAccountReceivables": -592647000, "changeToLiabilities": 113894000, "changeToInventory": -302527000, "totalCashFromOperatingActivities": -3701000, "capitalExpenditures": -124104000, "investments": 133210000, "otherCashflowsFromInvestingActivities": 10451000, "totalCashflowsFromInvestingActivities": 27845000, "dividendsPaid": -497540000, "netBorrowings": 451634000, "otherCashflowsFromFinancingActivities": -61603000, "totalCashFromFinancingActivities": -107509000, "effectOfExchangeRate": 3000, "changeInCash": -83362000}, {"maxAge": 1, "endDate": "2018-03-31", "netIncome": 731866000, "depreciation": 55080000, "changeToNetincome": -109279000, "changeToAccountReceivables": -318895000, "changeToLiabilities": 210354000, "changeToInventory": -15881000, "totalCashFromOperatingActivities": 554889000, "capitalExpenditures": -94981000, "investments": -53462000, "otherCashflowsFromInvestingActivities": 3902000, "totalCashflowsFromInvestingActivities": -139386000, "dividendsPaid": -406700000, "netBorrowings": 77900000, "otherCashflowsFromFinancingActivities": -126877000, "totalCashFromFinancingActivities": -455677000, "effectOfExchangeRate": 3000, "changeInCash": -40174000}, {"maxAge": 1, "endDate": "2017-03-31", "netIncome": 745466000, "depreciation": 43982000, "changeToNetincome": -84295000, "changeToAccountReceivables": 12370000, "changeToLiabilities": 29714000, "changeToInventory": 50273000, "totalCashFromOperatingActivities": 799482000, "capitalExpenditures": -148722000, "investments": 44079000, "otherCashflowsFromInvestingActivities": 7991000, "totalCashflowsFromInvestingActivities": -91368000, "dividendsPaid": -415356000, "netBorrowings": 178295000, "otherCashflowsFromFinancingActivities": -36676000, "totalCashFromFinancingActivities": -273737000, "effectOfExchangeRate": -262000, "changeInCash": 434115000}], "maxAge": 86400}, "indexTrend": {"maxAge": 1, "symbol": "SP5", "peRatio": 19.7411, "pegRatio": 1.34172, "estimates": [{"period": "0q", "growth": 0.549}, {"period": "+1q", "growth": 0.431}, {"period": "0y", "growth": 0.305}, {"period": "+1y", "growth": 0.109}, {"period": "+5y", "growth": 0.120865}, {"period": "-5y"}]}, "defaultKeyStatistics": {"maxAge": 1, "priceHint": 2, "enterpriseValue": 8184223232, "profitMargins": 0.08451, "floatShares": 2177126, "sharesOutstanding": 12325000, "heldPercentInsiders": 0.74254, "heldPercentInstitutions": 0.21437, "beta": 0.819552, "category": null, "bookValue": 351.008, "priceToBook": 2.3466702, "fundFamily": null, "legalType": null, "lastFiscalYearEnd": "2020-03-31 05:30:00", "nextFiscalYearEnd": "2022-03-31 05:30:00", "mostRecentQuarter": "2020-12-31 05:30:00", "earningsQuarterlyGrowth": -0.061, "netIncomeToCommon": 269300992, "trailingEps": 21.837, "forwardEps": 70.24, "lastSplitFactor": null, "enterpriseToRevenue": 2.568, "enterpriseToEbitda": 25.655}, "industryTrend": {"maxAge": 1, "symbol": null, "estimates": []}, "quoteType": {"exchange": "NSI", "quoteType": "EQUITY", "symbol": "KKCL.NS", "underlyingSymbol": "KKCL.NS", "shortName": "KEWEL KIRAN CLOTHI", "longName": "Kewal Kiran Clothing Limited", "firstTradeDateEpochUtc": "2006-04-13 09:15:00", "timeZoneFullName": "Asia/Kolkata", "timeZoneShortName": "IST", "uuid": "fcbde8b7-3e28-3237-9762-c6362552fe5e", "gmtOffSetMilliseconds": 19800000, "maxAge": 1}, "incomeStatementHistory": {"incomeStatementHistory": [{"maxAge": 1, "endDate": "2020-03-31", "totalRevenue": 5296701000, "costOfRevenue": 2647973000, "grossProfit": 2648728000, "researchDevelopment": {}, "sellingGeneralAdministrative": 1697723000, "nonRecurring": {}, "otherOperatingExpenses": -9516000, "totalOperatingExpenses": 4418520000, "operatingIncome": 878181000, "totalOtherIncomeExpenseNet": 77572000, "ebit": 878181000, "interestExpense": -76583000, "incomeBeforeTax": 955753000, "incomeTaxExpense": 225452000, "minorityInterest": {}, "netIncomeFromContinuingOps": 730301000, "discontinuedOperations": {}, "extraordinaryItems": {}, "effectOfAccountingCharges": {}, "otherItems": {}, "netIncome": 730301000, "netIncomeApplicableToCommonShares": 730301000}, {"maxAge": 1, "endDate": "2019-03-31", "totalRevenue": 5028858000, "costOfRevenue": 2444907000, "grossProfit": 2583951000, "researchDevelopment": {}, "sellingGeneralAdministrative": 1460565000, "nonRecurring": {}, "otherOperatingExpenses": -9234000, "totalOperatingExpenses": 3976853000, "operatingIncome": 1052005000, "totalOtherIncomeExpenseNet": 141332000, "ebit": 1052005000, "interestExpense": -60969000, "incomeBeforeTax": 1193337000, "incomeTaxExpense": 390454000, "minorityInterest": {}, "netIncomeFromContinuingOps": 802883000, "discontinuedOperations": {}, "extraordinaryItems": {}, "effectOfAccountingCharges": {}, "otherItems": {}, "netIncome": 802883000, "netIncomeApplicableToCommonShares": 802883000}, {"maxAge": 1, "endDate": "2018-03-31", "totalRevenue": 4604680000, "costOfRevenue": 2424259000, "grossProfit": 2180421000, "researchDevelopment": {}, "sellingGeneralAdministrative": 1198236000, "nonRecurring": {}, "otherOperatingExpenses": -8951000, "totalOperatingExpenses": 3671279000, "operatingIncome": 933401000, "totalOtherIncomeExpenseNet": 151465000, "ebit": 933401000, "interestExpense": -44196000, "incomeBeforeTax": 1084866000, "incomeTaxExpense": 353000000, "minorityInterest": {}, "netIncomeFromContinuingOps": 731866000, "discontinuedOperations": {}, "extraordinaryItems": {}, "effectOfAccountingCharges": {}, "otherItems": {}, "netIncome": 731866000, "netIncomeApplicableToCommonShares": 731866000}, {"maxAge": 1, "endDate": "2017-03-31", "totalRevenue": 4664999000, "costOfRevenue": 2531859000, "grossProfit": 2133140000, "researchDevelopment": {}, "sellingGeneralAdministrative": 1144663000, "nonRecurring": {}, "otherOperatingExpenses": -546000, "totalOperatingExpenses": 3723543000, "operatingIncome": 941456000, "totalOtherIncomeExpenseNet": 140978000, "ebit": 941456000, "interestExpense": -28838000, "incomeBeforeTax": 1082434000, "incomeTaxExpense": 336968000, "minorityInterest": {}, "netIncomeFromContinuingOps": 745466000, "discontinuedOperations": {}, "extraordinaryItems": {}, "effectOfAccountingCharges": {}, "otherItems": {}, "netIncome": 745466000, "netIncomeApplicableToCommonShares": 745466000}], "maxAge": 86400}, "fundOwnership": {"ownershipList": [], "maxAge": 1}, "summaryDetail": {"maxAge": 1, "priceHint": 2, "previousClose": 843.55, "open": 843.05, "dayLow": 818.05, "dayHigh": 843.05, "regularMarketPreviousClose": 843.55, "regularMarketOpen": 843.05, "regularMarketDayLow": 818.05, "regularMarketDayHigh": 843.05, "dividendRate": 32.0, "dividendYield": 0.0379, "exDividendDate": "2021-02-03 05:30:00", "payoutRatio": 1.6949, "fiveYearAvgDividendYield": 2.57, "beta": 0.819552, "trailingPE": 37.720383, "forwardPE": 11.726936, "volume": 814, "regularMarketVolume": 814, "averageVolume": 1802, "averageVolume10days": 2231, "averageDailyVolume10Day": 2231, "bid": 0.0, "ask": 0.0, "bidSize": 0, "askSize": 0, "marketCap": 10109434880, "fiftyTwoWeekLow": 630.0, "fiftyTwoWeekHigh": 1032.5, "priceToSalesTrailing12Months": 3.1723826, "fiftyDayAverage": 906.5515, "twoHundredDayAverage": 831.34644, "trailingAnnualDividendRate": 30.0, "trailingAnnualDividendYield": 0.035563987, "currency": "INR", "fromCurrency": null, "lastMarket": null, "algorithm": null, "tradeable": false}, "insiderHolders": {"holders": [{"maxAge": 1, "name": "Jain (Dinesh P)", "relation": "Director", "url": "", "transactionDescription": "Acquisition", "latestTransDate": "2018-02-05", "positionDirectDate": "2018-02-05"}, {"maxAge": 1, "name": "Jain (Hemant P.)", "relation": "Promoter", "url": "", "transactionDescription": "Acquisition", "latestTransDate": "2018-02-05", "positionDirectDate": "2018-02-05"}, {"maxAge": 1, "name": "Jain (Kewalchand P)", "relation": "Chairman of the Board", "url": "", "transactionDescription": "Acquisition", "latestTransDate": "2009-10-21", "positionDirect": 685411, "positionDirectDate": "2009-10-21"}, {"maxAge": 1, "name": "Jain (Vikas P)", "relation": "Wholetime Director", "url": "", "transactionDescription": "Acquisition", "latestTransDate": "2013-07-29", "positionDirect": 628600, "positionDirectDate": "2013-07-29"}, {"maxAge": 1, "name": "Kewal Kiran Finance Pvt Ltd", "relation": "Institution- Corporation", "url": "", "transactionDescription": "Acquisition", "latestTransDate": "2018-03-16", "positionDirect": 3795, "positionDirectDate": "2018-03-16"}], "maxAge": 1}, "calendarEvents": {"maxAge": 1, "earnings": {"earningsDate": []}, "exDividendDate": "2021-02-03 05:30:00"}, "upgradeDowngradeHistory": {"history": [], "maxAge": 86400}, "price": {"maxAge": 1, "regularMarketChangePercent": -0.023531474, "regularMarketChange": -19.849976, "regularMarketTime": "2021-04-30 15:29:54", "priceHint": 2, "regularMarketPrice": 823.7, "regularMarketDayHigh": 843.05, "regularMarketDayLow": 818.05, "regularMarketVolume": 814, "averageDailyVolume10Day": 2231, "averageDailyVolume3Month": 1802, "regularMarketPreviousClose": 843.55, "regularMarketSource": "FREE_REALTIME", "regularMarketOpen": 843.05, "exchange": "NSI", "exchangeName": "NSE", "exchangeDataDelayedBy": 15, "marketState": "CLOSED", "quoteType": "EQUITY", "symbol": "KKCL.NS", "underlyingSymbol": null, "shortName": "KEWEL KIRAN CLOTHI", "longName": "Kewal Kiran Clothing Limited", "currency": "INR", "quoteSourceName": "Delayed Quote", "currencySymbol": "\u20b9", "fromCurrency": null, "lastMarket": null, "marketCap": 10109434880}, "balanceSheetHistory": {"balanceSheetStatements": [{"maxAge": 1, "endDate": "2020-03-31", "cash": 797087000, "shortTermInvestments": 1367421000, "netReceivables": 1723489000, "inventory": 900334000, "otherCurrentAssets": 66553000, "totalCurrentAssets": 4861866000, "longTermInvestments": 579421000, "propertyPlantEquipment": 838033000, "intangibleAssets": 2983000, "otherAssets": 81934000, "totalAssets": 6364237000, "accountsPayable": 342152000, "otherCurrentLiab": 312908000, "otherLiab": 66190000, "totalCurrentLiabilities": 1804681000, "totalLiab": 1905072000, "commonStock": 123250000, "retainedEarnings": 3490773000, "treasuryStock": 2465000, "capitalSurplus": 842677000, "otherStockholderEquity": 2465000, "totalStockholderEquity": 4459165000, "netTangibleAssets": 4456182000}, {"maxAge": 1, "endDate": "2019-03-31", "cash": 532061000, "shortTermInvestments": 908110000, "netReceivables": 1786383000, "inventory": 831025000, "otherCurrentAssets": 53705000, "totalCurrentAssets": 4119925000, "longTermInvestments": 1444141000, "propertyPlantEquipment": 812212000, "intangibleAssets": 19418000, "otherAssets": 56508000, "totalAssets": 6452204000, "accountsPayable": 313462000, "otherCurrentLiab": 530189000, "otherLiab": 68842000, "totalCurrentLiabilities": 2083372000, "totalLiab": 2152214000, "commonStock": 123250000, "retainedEarnings": 3324662000, "treasuryStock": 9401000, "capitalSurplus": 842677000, "otherStockholderEquity": 9401000, "totalStockholderEquity": 4299990000, "netTangibleAssets": 4280572000}, {"maxAge": 1, "endDate": "2018-03-31", "cash": 615429000, "shortTermInvestments": 932968000, "netReceivables": 1221835000, "inventory": 528501000, "otherCurrentAssets": 56732000, "totalCurrentAssets": 3360877000, "longTermInvestments": 1366624000, "propertyPlantEquipment": 766413000, "intangibleAssets": 6541000, "otherAssets": 63534000, "totalAssets": 5563989000, "accountsPayable": 302973000, "otherCurrentLiab": 451042000, "otherLiab": 62595000, "totalCurrentLiabilities": 1509489000, "totalLiab": 1572084000, "commonStock": 123250000, "retainedEarnings": 3020801000, "treasuryStock": 5177000, "capitalSurplus": 842677000, "otherStockholderEquity": 5177000, "totalStockholderEquity": 3991905000, "netTangibleAssets": 3985364000}, {"maxAge": 1, "endDate": "2017-03-31", "cash": 655603000, "shortTermInvestments": 758284000, "netReceivables": 1071458000, "inventory": 512620000, "otherCurrentAssets": 44531000, "totalCurrentAssets": 3047857000, "longTermInvestments": 1288952000, "propertyPlantEquipment": 697421000, "intangibleAssets": 4800000, "otherAssets": 88382000, "totalAssets": 5127412000, "accountsPayable": 257989000, "otherCurrentLiab": 434670000, "otherLiab": 12030000, "totalCurrentLiabilities": 1374243000, "totalLiab": 1386273000, "commonStock": 123250000, "retainedEarnings": 2775212000, "capitalSurplus": 842677000, "totalStockholderEquity": 3741139000, "netTangibleAssets": 3736339000}], "maxAge": 86400}, "earningsTrend": {"trend": [{"maxAge": 1, "period": "0q", "endDate": null, "growth": {}, "earningsEstimate": {"avg": 0.0, "low": 0.0, "high": 0.0, "yearAgoEps": {}, "numberOfAnalysts": 0, "growth": {}}, "revenueEstimate": {"avg": 0, "low": 0, "high": 0, "numberOfAnalysts": 0, "yearAgoRevenue": {}, "growth": {}}, "epsTrend": {"current": 0.0, "7daysAgo": 0.0, "30daysAgo": 0.0, "60daysAgo": 0.0, "90daysAgo": 0.0}, "epsRevisions": {"upLast7days": 0, "upLast30days": 0, "downLast30days": 0, "downLast90days": {}}}, {"maxAge": 1, "period": "+1q", "endDate": null, "growth": {}, "earningsEstimate": {"avg": 0.0, "low": 0.0, "high": 0.0, "yearAgoEps": {}, "numberOfAnalysts": 0, "growth": {}}, "revenueEstimate": {"avg": 0, "low": 0, "high": 0, "numberOfAnalysts": 0, "yearAgoRevenue": {}, "growth": {}}, "epsTrend": {"current": 0.0, "7daysAgo": 0.0, "30daysAgo": 0.0, "60daysAgo": 0.0, "90daysAgo": 0.0}, "epsRevisions": {"upLast7days": 0, "upLast30days": 0, "downLast30days": 0, "downLast90days": {}}}, {"maxAge": 1, "period": "0y", "endDate": null, "growth": {}, "earningsEstimate": {"avg": 0.0, "low": 0.0, "high": 0.0, "yearAgoEps": {}, "numberOfAnalysts": 0, "growth": {}}, "revenueEstimate": {"avg": 0, "low": 0, "high": 0, "numberOfAnalysts": 0, "yearAgoRevenue": {}, "growth": {}}, "epsTrend": {"current": 0.0, "7daysAgo": 0.0, "30daysAgo": 0.0, "60daysAgo": 0.0, "90daysAgo": 0.0}, "epsRevisions": {"upLast7days": 0, "upLast30days": 0, "downLast30days": 0, "downLast90days": {}}}, {"maxAge": 1, "period": "+1y", "endDate": null, "growth": {}, "earningsEstimate": {"avg": 0.0, "low": 0.0, "high": 0.0, "yearAgoEps": {}, "numberOfAnalysts": 0, "growth": {}}, "revenueEstimate": {"avg": 0, "low": 0, "high": 0, "numberOfAnalysts": 0, "yearAgoRevenue": {}, "growth": {}}, "epsTrend": {"current": 0.0, "7daysAgo": 0.0, "30daysAgo": 0.0, "60daysAgo": 0.0, "90daysAgo": 0.0}, "epsRevisions": {"upLast7days": 0, "upLast30days": 0, "downLast30days": 0, "downLast90days": {}}}, {"maxAge": 1, "period": "+5y", "endDate": null, "growth": -0.469, "earningsEstimate": {"avg": {}, "low": {}, "high": {}, "yearAgoEps": {}, "numberOfAnalysts": {}, "growth": {}}, "revenueEstimate": {"avg": {}, "low": {}, "high": {}, "numberOfAnalysts": {}, "yearAgoRevenue": {}, "growth": {}}, "epsTrend": {"current": {}, "7daysAgo": {}, "30daysAgo": {}, "60daysAgo": {}, "90daysAgo": {}}, "epsRevisions": {"upLast7days": {}, "upLast30days": {}, "downLast30days": {}, "downLast90days": {}}}, {"maxAge": 1, "period": "-5y", "endDate": null, "growth": -0.01967, "earningsEstimate": {"avg": {}, "low": {}, "high": {}, "yearAgoEps": {}, "numberOfAnalysts": {}, "growth": {}}, "revenueEstimate": {"avg": {}, "low": {}, "high": {}, "numberOfAnalysts": {}, "yearAgoRevenue": {}, "growth": {}}, "epsTrend": {"current": {}, "7daysAgo": {}, "30daysAgo": {}, "60daysAgo": {}, "90daysAgo": {}}, "epsRevisions": {"upLast7days": {}, "upLast30days": {}, "downLast30days": {}, "downLast90days": {}}}], "maxAge": 1}, "institutionOwnership": {"ownershipList": [], "maxAge": 1}, "majorHoldersBreakdown": {"maxAge": 1, "insidersPercentHeld": 0.74254, "institutionsPercentHeld": 0.21437, "institutionsFloatPercentHeld": 0.83263, "institutionsCount": 6}, "balanceSheetHistoryQuarterly": {"balanceSheetStatements": [{"maxAge": 1, "endDate": "2020-12-31", "cash": 1334500000, "shortTermInvestments": 1266000000, "netReceivables": 1250400000, "inventory": 562900000, "otherCurrentAssets": 30600000, "totalCurrentAssets": 4444400000, "longTermInvestments": 257800000, "propertyPlantEquipment": 808200000, "intangibleAssets": 1800000, "otherAssets": 21600000, "totalAssets": 5533800000, "accountsPayable": 272400000, "otherCurrentLiab": 524500000, "otherLiab": 26300000, "totalCurrentLiabilities": 1146900000, "totalLiab": 1205100000, "commonStock": 123300000, "treasuryStock": 4205400000, "otherStockholderEquity": 4205400000, "totalStockholderEquity": 4328700000, "netTangibleAssets": 4326900000}, {"maxAge": 1, "endDate": "2020-09-30", "cash": 1674900000, "shortTermInvestments": 825300000, "netReceivables": 1304400000, "inventory": 981600000, "otherCurrentAssets": 32900000, "totalCurrentAssets": 4819100000, "longTermInvestments": 248500000, "propertyPlantEquipment": 831900000, "intangibleAssets": 2000000, "otherAssets": 39100000, "totalAssets": 5940600000, "accountsPayable": 333900000, "otherCurrentLiab": 353100000, "otherLiab": 33600000, "totalCurrentLiabilities": 1478500000, "totalLiab": 1544700000, "commonStock": 123300000, "treasuryStock": 4272600000, "otherStockholderEquity": 4272600000, "totalStockholderEquity": 4395900000, "netTangibleAssets": 4393900000}, {"maxAge": 1, "endDate": "2020-06-30", "cash": 1548900000, "shortTermInvestments": 769400000, "netReceivables": 1303100000, "inventory": 954500000, "otherCurrentAssets": 20300000, "totalCurrentAssets": 4596200000, "longTermInvestments": 352700000, "propertyPlantEquipment": 841200000, "intangibleAssets": 2500000, "otherAssets": 60300000, "totalAssets": 5852900000, "accountsPayable": 360300000, "otherCurrentLiab": 299000000, "otherLiab": 28500000, "totalCurrentLiabilities": 1490600000, "totalLiab": 1552400000, "commonStock": 123300000, "treasuryStock": 4177200000, "otherStockholderEquity": 4177200000, "totalStockholderEquity": 4300500000, "netTangibleAssets": 4298000000}, {"maxAge": 1, "endDate": "2020-03-31", "cash": 797087000, "shortTermInvestments": 1367421000, "netReceivables": 1723489000, "inventory": 900334000, "otherCurrentAssets": 66553000, "totalCurrentAssets": 4861866000, "longTermInvestments": 579421000, "propertyPlantEquipment": 838033000, "intangibleAssets": 2983000, "otherAssets": 81934000, "totalAssets": 6364237000, "accountsPayable": 342152000, "otherCurrentLiab": 312908000, "otherLiab": 66190000, "totalCurrentLiabilities": 1804681000, "totalLiab": 1905072000, "commonStock": 123250000, "retainedEarnings": 3490773000, "treasuryStock": 2465000, "capitalSurplus": 842677000, "otherStockholderEquity": 2465000, "totalStockholderEquity": 4459165000, "netTangibleAssets": 4456182000}], "maxAge": 86400}, "earningsHistory": {"history": [{"maxAge": 1, "epsActual": {}, "epsEstimate": {}, "epsDifference": {}, "surprisePercent": {}, "quarter": {}, "period": "-4q"}, {"maxAge": 1, "epsActual": {}, "epsEstimate": {}, "epsDifference": {}, "surprisePercent": {}, "quarter": {}, "period": "-3q"}, {"maxAge": 1, "epsActual": {}, "epsEstimate": {}, "epsDifference": {}, "surprisePercent": {}, "quarter": {}, "period": "-2q"}, {"maxAge": 1, "epsActual": {}, "epsEstimate": {}, "epsDifference": {}, "surprisePercent": {}, "quarter": {}, "period": "-1q"}], "maxAge": 86400}, "summaryProfile": {"address1": "Kewal Kiran Estate", "address2": "460/7, I. B. Patel Road Near Western Express Highway Goregaon (East)", "city": "Mumbai", "zip": "400063", "country": "India", "phone": "91 22 2681 4400", "fax": "91 22 2681 4410", "website": "http://www.kewalkiran.com", "industry": "Apparel Manufacturing", "sector": "Consumer Cyclical", "longBusinessSummary": "Kewal Kiran Clothing Limited engages in manufacturing, marketing, and retailing branded readymade garments and finished accessories for men and women in Asia, in the Middle East, and the Commonwealth of Independent States. It offers casual, formal, semi-formal, and western wear for men, as well as fusion wear for women; jeans, trousers, shirts, T-shirts, jackets, pullovers, and fashion accessories; and branded accessories, such as deodorants, watches, wallets, belts, and inner wear. The company distributes its products primarily under the Killer, Easies, LawmanPg3, Integriti, and Desi Belle brand names through company owned and company operated, franchisee owned and franchisee operated, factory outlets, multi-brand outlets, and national chain stores, as well as e-commerce channels. It operates 205 K-Lounge, 116 exclusive brand outlets (EBOs), and 1 factory outlet. Kewal Kiran Clothing Limited was founded in 1980 and is headquartered in Mumbai, India.", "fullTimeEmployees": 2081, "companyOfficers": [], "maxAge": 86400}, "netSharePurchaseActivity": {"maxAge": 1, "period": "6m", "buyInfoCount": 0, "buyInfoShares": 0, "sellInfoCount": 0, "netInfoCount": 0, "netInfoShares": 0, "netPercentInsiderShares": 0.0, "totalInsiderShares": 9157148}, "insiderTransactions": {"transactions": [{"maxAge": 1, "shares": 1500, "filerUrl": "", "transactionText": "", "filerName": "Kewal Kiran Finance Pvt Ltd", "filerRelation": "Institution- Corporation", "moneyText": "", "startDate": "2018-03-16", "ownership": "D"}, {"maxAge": 1, "shares": 1000, "filerUrl": "", "transactionText": "", "filerName": "Jain (Dinesh P)", "filerRelation": "Director", "moneyText": "", "startDate": "2018-02-05", "ownership": "D"}, {"maxAge": 1, "shares": 1000, "filerUrl": "", "transactionText": "", "filerName": "Jain (Hemant P.)", "filerRelation": "Promoter", "moneyText": "", "startDate": "2018-02-05", "ownership": "D"}, {"maxAge": 1, "shares": 88486, "filerUrl": "", "transactionText": "", "filerName": "Jain (Vikas P)", "filerRelation": "Wholetime Director", "moneyText": "", "startDate": "2013-07-29", "ownership": "D"}, {"maxAge": 1, "shares": 1950, "filerUrl": "", "transactionText": "", "filerName": "Kewal Kiran Finance Pvt Ltd", "filerRelation": "Institution- Corporation", "moneyText": "", "startDate": "2013-06-27", "ownership": "D"}, {"maxAge": 1, "shares": 5000, "filerUrl": "", "transactionText": "", "filerName": "Jain (Dinesh P)", "filerRelation": "Director", "moneyText": "", "startDate": "2009-10-21", "ownership": "D"}, {"maxAge": 1, "shares": 5000, "filerUrl": "", "transactionText": "", "filerName": "Jain (Kewalchand P)", "filerRelation": "Chairman of the Board", "moneyText": "", "startDate": "2009-10-21", "ownership": "D"}, {"maxAge": 1, "shares": 6800, "filerUrl": "", "transactionText": "", "filerName": "Jain (Vikas P)", "filerRelation": "Wholetime Director", "moneyText": "", "startDate": "2009-09-01", "ownership": "D"}], "maxAge": 1}, "sectorTrend": {"maxAge": 1, "symbol": null, "estimates": []}, "incomeStatementHistoryQuarterly": {"incomeStatementHistory": [{"maxAge": 1, "endDate": "2020-12-31", "totalRevenue": 1180400000, "costOfRevenue": 746500000, "grossProfit": 433900000, "researchDevelopment": {}, "sellingGeneralAdministrative": 299300000, "nonRecurring": {}, "otherOperatingExpenses": {}, "totalOperatingExpenses": 1062700000, "operatingIncome": 117700000, "totalOtherIncomeExpenseNet": 30200000, "ebit": 117700000, "interestExpense": -14600000, "incomeBeforeTax": 147900000, "incomeTaxExpense": 39500000, "minorityInterest": {}, "netIncomeFromContinuingOps": 108400000, "discontinuedOperations": {}, "extraordinaryItems": {}, "effectOfAccountingCharges": {}, "otherItems": {}, "netIncome": 108400000, "netIncomeApplicableToCommonShares": 108400000}, {"maxAge": 1, "endDate": "2020-09-30", "totalRevenue": 674800000, "costOfRevenue": 352100000, "grossProfit": 322700000, "researchDevelopment": {}, "sellingGeneralAdministrative": 210500000, "nonRecurring": {}, "otherOperatingExpenses": {}, "totalOperatingExpenses": 579100000, "operatingIncome": 95700000, "totalOtherIncomeExpenseNet": 19300000, "ebit": 95700000, "interestExpense": -22900000, "incomeBeforeTax": 115000000, "incomeTaxExpense": 23400000, "minorityInterest": {}, "netIncomeFromContinuingOps": 91600000, "discontinuedOperations": {}, "extraordinaryItems": {}, "effectOfAccountingCharges": {}, "otherItems": {}, "netIncome": 91600000, "netIncomeApplicableToCommonShares": 91600000}, {"maxAge": 1, "endDate": "2020-06-30", "totalRevenue": 70100000, "costOfRevenue": 40900000, "grossProfit": 29200000, "researchDevelopment": {}, "sellingGeneralAdministrative": 190800000, "nonRecurring": {}, "otherOperatingExpenses": {}, "totalOperatingExpenses": 249300000, "operatingIncome": -179200000, "totalOtherIncomeExpenseNet": 36900000, "ebit": -179200000, "interestExpense": -19800000, "incomeBeforeTax": -142300000, "incomeTaxExpense": -54100000, "minorityInterest": {}, "netIncomeFromContinuingOps": -88200000, "discontinuedOperations": {}, "extraordinaryItems": {}, "effectOfAccountingCharges": {}, "otherItems": {}, "netIncome": -88200000, "netIncomeApplicableToCommonShares": -88200000}, {"maxAge": 1, "endDate": "2020-03-31", "totalRevenue": 1266401000, "costOfRevenue": 692873000, "grossProfit": 573528000, "researchDevelopment": {}, "sellingGeneralAdministrative": 358623000, "nonRecurring": {}, "otherOperatingExpenses": -9516000, "totalOperatingExpenses": 1058320000, "operatingIncome": 208081000, "totalOtherIncomeExpenseNet": 8972000, "ebit": 208081000, "interestExpense": -8383000, "incomeBeforeTax": 217053000, "incomeTaxExpense": 59352000, "minorityInterest": {}, "netIncomeFromContinuingOps": 157701000, "discontinuedOperations": {}, "extraordinaryItems": {}, "effectOfAccountingCharges": {}, "otherItems": {}, "netIncome": 157701000, "netIncomeApplicableToCommonShares": 157701000}], "maxAge": 86400}, "cashflowStatementHistoryQuarterly": {"cashflowStatements": [{"maxAge": 1, "endDate": "2020-12-31", "netIncome": 108400000, "changeToLiabilities": 0}, {"maxAge": 1, "endDate": "2020-09-30", "netIncome": 91600000, "changeToLiabilities": 0}, {"maxAge": 1, "endDate": "2020-06-30", "netIncome": -88200000, "changeToLiabilities": 0}, {"maxAge": 1, "endDate": "2020-03-31", "netIncome": 157701000, "changeToLiabilities": 0}], "maxAge": 86400}, "earnings": {"maxAge": 86400, "earningsChart": {"quarterly": [], "earningsDate": []}, "financialsChart": {"yearly": [{"date": 2017, "revenue": 4664999000, "earnings": 745466000}, {"date": 2018, "revenue": 4604680000, "earnings": 731866000}, {"date": 2019, "revenue": 5028858000, "earnings": 802883000}, {"date": 2020, "revenue": 5296701000, "earnings": 730301000}], "quarterly": [{"date": "1Q2020", "revenue": 1266401000, "earnings": 157701000}, {"date": "2Q2020", "revenue": 70100000, "earnings": -88200000}, {"date": "3Q2020", "revenue": 674800000, "earnings": 91600000}, {"date": "4Q2020", "revenue": 1180400000, "earnings": 108400000}]}, "financialCurrency": "INR"}, "financialData": {"maxAge": 86400, "currentPrice": 823.7, "targetHighPrice": 2210.0, "targetLowPrice": 1547.0, "targetMeanPrice": 1784.83, "targetMedianPrice": 1743.0, "recommendationMean": 2.8, "recommendationKey": "hold", "numberOfAnalystOpinions": 6, "totalCash": 2600499968, "totalCashPerShare": 210.871, "ebitda": 319008736, "totalDebt": 381900000, "quickRatio": 3.358, "currentRatio": 3.875, "totalRevenue": 3186701056, "debtToEquity": 8.822, "revenuePerShare": 258.405, "returnOnAssets": 0.02478, "returnOnEquity": 0.06081, "grossProfits": 2648728000, "earningsGrowth": -0.062, "revenueGrowth": -0.065, "grossMargins": 0.42496, "ebitdaMargins": 0.100109994, "operatingMargins": 0.07597, "profitMargins": 0.08451, "financialCurrency": "INR"}}}