{"KLBRENG-B.BO": {"cashflowStatementHistory": {"cashflowStatements": [{"maxAge": 1, "endDate": "2020-03-31", "netIncome": 51679000, "depreciation": 40378000, "changeToNetincome": -3807000, "changeToAccountReceivables": 73003000, "changeToLiabilities": -113899000, "changeToInventory": 51508000, "changeToOperatingActivities": -1975000, "totalCashFromOperatingActivities": 97941000, "capitalExpenditures": -1750000, "otherCashflowsFromInvestingActivities": 30897000, "totalCashflowsFromInvestingActivities": 41375000, "dividendsPaid": -13088000, "netBorrowings": 85579000, "otherCashflowsFromFinancingActivities": -199947000, "totalCashFromFinancingActivities": -127456000, "changeInCash": 11860000}, {"maxAge": 1, "endDate": "2019-03-31", "netIncome": 59187000, "depreciation": 40868000, "changeToNetincome": 9002000, "changeToAccountReceivables": -181987000, "changeToLiabilities": 135127000, "changeToInventory": -25123000, "changeToOperatingActivities": -4762000, "totalCashFromOperatingActivities": 33667000, "capitalExpenditures": -1977000, "otherCashflowsFromInvestingActivities": 110393000, "totalCashflowsFromInvestingActivities": 108420000, "dividendsPaid": -13256000, "netBorrowings": 31465000, "otherCashflowsFromFinancingActivities": -173656000, "totalCashFromFinancingActivities": -155447000, "changeInCash": -13361000}, {"maxAge": 1, "endDate": "2018-03-31", "netIncome": 33567000, "depreciation": 42165000, "changeToNetincome": -19221000, "changeToAccountReceivables": 271541000, "changeToLiabilities": -118690000, "changeToInventory": -33298000, "changeToOperatingActivities": -26840000, "totalCashFromOperatingActivities": 150304000, "capitalExpenditures": -22147000, "otherCashflowsFromInvestingActivities": 253346000, "totalCashflowsFromInvestingActivities": 231499000, "dividendsPaid": -26290000, "netBorrowings": -202012000, "otherCashflowsFromFinancingActivities": -137896000, "totalCashFromFinancingActivities": -366198000, "changeInCash": 15605000}, {"maxAge": 1, "endDate": "2017-03-31", "netIncome": 93349000, "depreciation": 42466000, "changeToNetincome": 134882000, "changeToAccountReceivables": -6111000, "changeToLiabilities": -80990000, "changeToInventory": 40675000, "changeToOperatingActivities": -221948000, "totalCashFromOperatingActivities": 3363000, "capitalExpenditures": -12646000, "otherCashflowsFromInvestingActivities": -994265000, "totalCashflowsFromInvestingActivities": -1006911000, "dividendsPaid": -26399000, "netBorrowings": 1185155000, "otherCashflowsFromFinancingActivities": -125440000, "totalCashFromFinancingActivities": 1033316000, "changeInCash": 29768000}], "maxAge": 86400}, "institutionOwnership": {"maxAge": 1, "ownershipList": []}, "balanceSheetHistoryQuarterly": {"balanceSheetStatements": [{"maxAge": 1, "endDate": "2020-06-30", "totalStockholderEquity": 1034174000, "netTangibleAssets": 1032277000}, {"maxAge": 1, "endDate": "2020-03-31", "cash": 39892000, "netReceivables": 1974102000, "inventory": 99829000, "otherCurrentAssets": 103667000, "totalCurrentAssets": 2223020000, "longTermInvestments": 15831000, "propertyPlantEquipment": 483926000, "intangibleAssets": 1897000, "otherAssets": 40271000, "deferredLongTermAssetCharges": 1577000, "totalAssets": 2764945000, "accountsPayable": 230080000, "shortLongTermDebt": 3686000, "otherCurrentLiab": 258795000, "totalCurrentLiabilities": 1730771000, "totalLiab": 1730771000, "commonStock": 132558000, "retainedEarnings": 842345000, "treasuryStock": -121847000, "capitalSurplus": 181118000, "otherStockholderEquity": -121847000, "totalStockholderEquity": 1034174000, "netTangibleAssets": 1032277000}, {"maxAge": 1, "endDate": "2019-12-31", "totalStockholderEquity": 979200000, "netTangibleAssets": 977100000}, {"maxAge": 1, "endDate": "2019-09-30", "cash": 127000000, "shortTermInvestments": 134000000, "netReceivables": 1953500000, "inventory": 120800000, "otherCurrentAssets": 87900000, "totalCurrentAssets": 2423200000, "longTermInvestments": 17200000, "propertyPlantEquipment": 503600000, "intangibleAssets": 2100000, "otherAssets": 56400000, "deferredLongTermAssetCharges": 22200000, "totalAssets": 3002500000, "accountsPayable": 266500000, "otherCurrentLiab": 463400000, "longTermDebt": 1600000, "totalCurrentLiabilities": 2021700000, "totalLiab": 2023300000, "commonStock": 132600000, "treasuryStock": 846600000, "otherStockholderEquity": 846600000, "totalStockholderEquity": 979200000, "netTangibleAssets": 977100000}], "maxAge": 86400}, "indexTrend": {"maxAge": 1, "symbol": "SP5", "peRatio": 19.7411, "pegRatio": 1.34172, "estimates": [{"period": "0q", "growth": 0.549}, {"period": "+1q", "growth": 0.431}, {"period": "0y", "growth": 0.305}, {"period": "+1y", "growth": 0.109}, {"period": "+5y", "growth": 0.120859005}, {"period": "-5y"}]}, "insiderTransactions": {"transactions": [{"maxAge": 1, "shares": 400, "filerUrl": "", "transactionText": "", "filerName": "Khaitan (B M)", "filerRelation": "Promoter", "moneyText": "", "startDate": "2017-09-25", "ownership": "D"}, {"maxAge": 1, "shares": 70000, "filerUrl": "", "transactionText": "", "filerName": "Khaitan (Amritanshu)", "filerRelation": "Director (Executive)", "moneyText": "", "startDate": "2017-08-22", "ownership": "D"}, {"maxAge": 1, "shares": 100000, "filerUrl": "", "transactionText": "", "filerName": "Khaitan (Aditya)", "filerRelation": "Non Executive Chairman", "moneyText": "", "startDate": "2017-08-21", "ownership": "D"}, {"maxAge": 1, "shares": 50000, "filerUrl": "", "transactionText": "", "filerName": "Khaitan (Aditya) HUF", "filerRelation": "UNREPORTED", "moneyText": "", "startDate": "2017-08-21", "ownership": "D"}, {"maxAge": 1, "shares": 9690, "filerUrl": "", "transactionText": "", "filerName": "Khaitan (Amritanshu)", "filerRelation": "Director (Non-Executive)", "moneyText": "", "startDate": "2017-08-18", "ownership": "D"}, {"maxAge": 1, "shares": 2574, "filerUrl": "", "transactionText": "", "filerName": "Khaitan (Aditya)", "filerRelation": "Non Executive Chairman", "moneyText": "", "startDate": "2017-08-17", "ownership": "D"}, {"maxAge": 1, "shares": 16692, "filerUrl": "", "transactionText": "", "filerName": "Khaitan (Amritanshu)", "filerRelation": "Director (Non-Executive)", "moneyText": "", "startDate": "2017-08-17", "ownership": "D"}, {"maxAge": 1, "shares": 36701, "filerUrl": "", "transactionText": "", "filerName": "Khaitan (Yashodhara)", "filerRelation": "Promoter", "moneyText": "", "startDate": "2017-08-16", "ownership": "D"}, {"maxAge": 1, "shares": 10000, "filerUrl": "", "transactionText": "", "filerName": "Khaitan (Vanya)", "filerRelation": "Promoter", "moneyText": "", "startDate": "2017-08-16", "ownership": "D"}, {"maxAge": 1, "shares": 13618, "filerUrl": "", "transactionText": "", "filerName": "Khaitan (Amritanshu)", "filerRelation": "Director (Non-Executive)", "moneyText": "", "startDate": "2017-08-16", "ownership": "D"}, {"maxAge": 1, "shares": 27426, "filerUrl": "", "transactionText": "", "filerName": "Khaitan (Aditya)", "filerRelation": "Non Executive Chairman", "moneyText": "", "startDate": "2017-08-16", "ownership": "D"}, {"maxAge": 1, "shares": 20000, "filerUrl": "", "transactionText": "", "filerName": "Khaitan (Amritanshu)", "filerRelation": "Director (Non-Executive)", "moneyText": "", "startDate": "2017-08-14", "ownership": "D"}, {"maxAge": 1, "shares": 10000, "filerUrl": "", "transactionText": "", "filerName": "Khaitan (Vanya)", "filerRelation": "Promoter", "moneyText": "", "startDate": "2017-08-14", "ownership": "D"}, {"maxAge": 1, "shares": 20000, "filerUrl": "", "transactionText": "", "filerName": "Khaitan (Aditya)", "filerRelation": "Non Executive Chairman", "moneyText": "", "startDate": "2017-08-14", "ownership": "D"}, {"maxAge": 1, "shares": 20599, "filerUrl": "", "transactionText": "", "filerName": "Khaitan (Yashodhara)", "filerRelation": "Promoter", "moneyText": "", "startDate": "2017-08-14", "ownership": "D"}, {"maxAge": 1, "shares": 1, "filerUrl": "", "transactionText": "", "filerName": "Khaitan (Yashodhara)", "filerRelation": "Promoter", "moneyText": "", "startDate": "2017-03-22", "ownership": "D"}, {"maxAge": 1, "shares": 1200, "filerUrl": "", "transactionText": "", "filerName": "Estate (Deepak Khaitan D K)", "filerRelation": "Promoter", "moneyText": "", "startDate": "2016-10-31", "ownership": "D"}, {"maxAge": 1, "shares": 400, "filerUrl": "", "transactionText": "", "filerName": "Khaitan (Shanti)", "filerRelation": "Promoter", "moneyText": "", "startDate": "2015-03-31", "ownership": "D"}], "maxAge": 1}, "quoteType": {"exchange": "BSE", "quoteType": "EQUITY", "symbol": "KLBRENG-B.BO", "underlyingSymbol": "KLBRENG-B.BO", "shortName": "KILBURN ENGINEERING LTD.", "longName": "Kilburn Engineering Limited", "firstTradeDateEpochUtc": "2000-01-03 09:15:00", "timeZoneFullName": "Asia/Kolkata", "timeZoneShortName": "IST", "uuid": "1a1adac8-155b-35c9-aef7-9258649cb233", "messageBoardId": null, "gmtOffSetMilliseconds": 19800000, "maxAge": 1}, "incomeStatementHistory": {"incomeStatementHistory": [{"maxAge": 1, "endDate": "2020-03-31", "totalRevenue": 1311416000, "costOfRevenue": 860262000, "grossProfit": 451154000, "researchDevelopment": {}, "sellingGeneralAdministrative": 177328000, "nonRecurring": {}, "otherOperatingExpenses": 161323000, "totalOperatingExpenses": 1240345000, "operatingIncome": 71071000, "totalOtherIncomeExpenseNet": -2202000, "ebit": 71071000, "interestExpense": -163275000, "incomeBeforeTax": 68869000, "incomeTaxExpense": 17190000, "minorityInterest": {}, "netIncomeFromContinuingOps": 51679000, "discontinuedOperations": {}, "extraordinaryItems": {}, "effectOfAccountingCharges": {}, "otherItems": {}, "netIncome": 51679000, "netIncomeApplicableToCommonShares": 51679000}, {"maxAge": 1, "endDate": "2019-03-31", "totalRevenue": 1438560000, "costOfRevenue": 933917000, "grossProfit": 504643000, "researchDevelopment": {}, "sellingGeneralAdministrative": 197157000, "nonRecurring": {}, "otherOperatingExpenses": 182479000, "totalOperatingExpenses": 1353590000, "operatingIncome": 84970000, "totalOtherIncomeExpenseNet": 20000, "ebit": 84970000, "interestExpense": -162312000, "incomeBeforeTax": 84990000, "incomeTaxExpense": 25803000, "minorityInterest": {}, "netIncomeFromContinuingOps": 59187000, "discontinuedOperations": {}, "extraordinaryItems": {}, "effectOfAccountingCharges": {}, "otherItems": {}, "netIncome": 59187000, "netIncomeApplicableToCommonShares": 59187000}, {"maxAge": 1, "endDate": "2018-03-31", "totalRevenue": 1051003000, "costOfRevenue": 630112000, "grossProfit": 420891000, "researchDevelopment": {}, "sellingGeneralAdministrative": 199224000, "nonRecurring": {}, "otherOperatingExpenses": 184606000, "totalOperatingExpenses": 1055001000, "operatingIncome": -3998000, "totalOtherIncomeExpenseNet": 52409000, "ebit": -3998000, "interestExpense": -146168000, "incomeBeforeTax": 48411000, "incomeTaxExpense": 14844000, "minorityInterest": {}, "netIncomeFromContinuingOps": 33567000, "discontinuedOperations": {}, "extraordinaryItems": {}, "effectOfAccountingCharges": {}, "otherItems": {}, "netIncome": 33567000, "netIncomeApplicableToCommonShares": 33567000}, {"maxAge": 1, "endDate": "2017-03-31", "totalRevenue": 1359804000, "costOfRevenue": 666192000, "grossProfit": 693612000, "researchDevelopment": {}, "sellingGeneralAdministrative": 199055000, "nonRecurring": {}, "otherOperatingExpenses": 285839000, "totalOperatingExpenses": 1192406000, "operatingIncome": 167398000, "totalOtherIncomeExpenseNet": -32293000, "ebit": 167398000, "interestExpense": -82824000, "incomeBeforeTax": 135105000, "incomeTaxExpense": 41756000, "minorityInterest": {}, "netIncomeFromContinuingOps": 93349000, "discontinuedOperations": {}, "extraordinaryItems": {}, "effectOfAccountingCharges": {}, "otherItems": {}, "netIncome": 93349000, "netIncomeApplicableToCommonShares": 93349000}], "maxAge": 86400}, "fundOwnership": {"maxAge": 1, "ownershipList": []}, "summaryDetail": {"maxAge": 1, "priceHint": 2, "previousClose": 22.45, "open": 20.35, "dayLow": 20.35, "dayHigh": 23.0, "regularMarketPreviousClose": 22.45, "regularMarketOpen": 20.35, "regularMarketDayLow": 20.35, "regularMarketDayHigh": 23.0, "trailingPE": 8.6103325, "volume": 5891, "regularMarketVolume": 5891, "averageVolume": 16452, "averageVolume10days": 11763, "averageDailyVolume10Day": 11763, "bid": 21.4, "ask": 21.5, "bidSize": 0, "askSize": 0, "marketCap": 284999712, "fiftyTwoWeekLow": 10.25, "fiftyTwoWeekHigh": 26.0, "fiftyDayAverage": 20.864706, "twoHundredDayAverage": 18.717648, "trailingAnnualDividendRate": 1.0, "trailingAnnualDividendYield": 0.044543426, "currency": "INR", "fromCurrency": null, "toCurrency": null, "lastMarket": null, "algorithm": null, "tradeable": false}, "incomeStatementHistoryQuarterly": {"incomeStatementHistory": [{"maxAge": 1, "endDate": "2020-06-30", "totalRevenue": 106900000, "costOfRevenue": 36200000, "grossProfit": 70700000, "researchDevelopment": {}, "sellingGeneralAdministrative": 38800000, "nonRecurring": {}, "otherOperatingExpenses": 20800000, "totalOperatingExpenses": 105800000, "operatingIncome": 1100000, "totalOtherIncomeExpenseNet": -3900000, "ebit": 1100000, "interestExpense": -33300000, "incomeBeforeTax": -2800000, "incomeTaxExpense": -300000, "minorityInterest": {}, "netIncomeFromContinuingOps": -2500000, "discontinuedOperations": {}, "extraordinaryItems": {}, "effectOfAccountingCharges": {}, "otherItems": {}, "netIncome": -2500000, "netIncomeApplicableToCommonShares": -2500000}, {"maxAge": 1, "endDate": "2020-03-31", "totalRevenue": 294316000, "costOfRevenue": 190062000, "grossProfit": 104254000, "researchDevelopment": {}, "sellingGeneralAdministrative": 45228000, "nonRecurring": {}, "otherOperatingExpenses": 10223000, "totalOperatingExpenses": 255845000, "operatingIncome": 38471000, "totalOtherIncomeExpenseNet": -23502000, "ebit": 38471000, "interestExpense": -26175000, "incomeBeforeTax": 14969000, "incomeTaxExpense": 5790000, "minorityInterest": {}, "netIncomeFromContinuingOps": 9179000, "discontinuedOperations": {}, "extraordinaryItems": {}, "effectOfAccountingCharges": {}, "otherItems": {}, "netIncome": 9179000, "netIncomeApplicableToCommonShares": 9179000}, {"maxAge": 1, "endDate": "2019-12-31", "totalRevenue": 313900000, "costOfRevenue": 199500000, "grossProfit": 114400000, "researchDevelopment": {}, "sellingGeneralAdministrative": 46600000, "nonRecurring": {}, "otherOperatingExpenses": 62400000, "totalOperatingExpenses": 318900000, "operatingIncome": -5000000, "totalOtherIncomeExpenseNet": 18700000, "ebit": -5000000, "interestExpense": -48500000, "incomeBeforeTax": 13700000, "incomeTaxExpense": 4400000, "minorityInterest": {}, "netIncomeFromContinuingOps": 9300000, "discontinuedOperations": {}, "extraordinaryItems": {}, "effectOfAccountingCharges": {}, "otherItems": {}, "netIncome": 9300000, "netIncomeApplicableToCommonShares": 9300000}, {"maxAge": 1, "endDate": "2019-09-30", "totalRevenue": 374100000, "costOfRevenue": 250900000, "grossProfit": 123200000, "researchDevelopment": {}, "sellingGeneralAdministrative": 40700000, "nonRecurring": {}, "otherOperatingExpenses": 49500000, "totalOperatingExpenses": 351500000, "operatingIncome": 22600000, "totalOtherIncomeExpenseNet": -1200000, "ebit": 22600000, "interestExpense": -43300000, "incomeBeforeTax": 21400000, "incomeTaxExpense": 4400000, "minorityInterest": {}, "netIncomeFromContinuingOps": 17000000, "discontinuedOperations": {}, "extraordinaryItems": {}, "effectOfAccountingCharges": {}, "otherItems": {}, "netIncome": 17000000, "netIncomeApplicableToCommonShares": 17000000}], "maxAge": 86400}, "cashflowStatementHistoryQuarterly": {"cashflowStatements": [{"maxAge": 1, "endDate": "2020-06-30", "netIncome": -2500000, "changeToLiabilities": 0}, {"maxAge": 1, "endDate": "2020-03-31", "netIncome": 9179000, "changeToLiabilities": 0}, {"maxAge": 1, "endDate": "2019-12-31", "netIncome": 9300000, "changeToLiabilities": 0}, {"maxAge": 1, "endDate": "2019-09-30", "netIncome": 17000000, "changeToLiabilities": 0}], "maxAge": 86400}, "insiderHolders": {"holders": [{"maxAge": 1, "name": "Estate (Deepak Khaitan D K)", "relation": "Promoter", "url": "", "transactionDescription": "Other", "latestTransDate": "2016-10-31", "positionDirect": 0, "positionDirectDate": "2016-10-31"}, {"maxAge": 1, "name": "Khaitan (Aditya)", "relation": "Non Executive Chairman", "url": "", "transactionDescription": "Acquisition", "latestTransDate": "2017-08-21", "positionDirect": 150000, "positionDirectDate": "2017-08-21"}, {"maxAge": 1, "name": "Khaitan (Aditya) HUF", "relation": "UNREPORTED", "url": "", "transactionDescription": "Acquisition", "latestTransDate": "2017-08-21", "positionDirect": 50000, "positionDirectDate": "2017-08-21"}, {"maxAge": 1, "name": "Khaitan (Amritanshu)", "relation": "Director (Executive)", "url": "", "transactionDescription": "Acquisition", "latestTransDate": "2017-08-22", "positionDirect": 130000, "positionDirectDate": "2017-08-22"}, {"maxAge": 1, "name": "Khaitan (B M)", "relation": "Promoter", "url": "", "transactionDescription": "Other", "latestTransDate": "2017-09-25", "positionDirect": 16000, "positionDirectDate": "2017-09-25"}, {"maxAge": 1, "name": "Khaitan (Shanti)", "relation": "Promoter", "url": "", "transactionDescription": "Other", "latestTransDate": "2015-03-31", "positionDirect": 400, "positionDirectDate": "2015-03-31"}, {"maxAge": 1, "name": "Khaitan (Vanya)", "relation": "Promoter", "url": "", "transactionDescription": "Acquisition", "latestTransDate": "2017-08-16", "positionDirect": 20600, "positionDirectDate": "2017-08-16"}, {"maxAge": 1, "name": "Khaitan (Yashodhara)", "relation": "Promoter", "url": "", "transactionDescription": "Acquisition", "latestTransDate": "2017-08-16", "positionDirect": 57901, "positionDirectDate": "2017-08-16"}], "maxAge": 1}, "calendarEvents": {"maxAge": 1, "earnings": {"earningsDate": []}}, "price": {"maxAge": 1, "regularMarketChangePercent": -0.042316295, "regularMarketChange": -0.95000076, "regularMarketTime": "2021-04-30 15:29:51", "priceHint": 2, "regularMarketPrice": 21.5, "regularMarketDayHigh": 23.0, "regularMarketDayLow": 20.35, "regularMarketVolume": 5891, "averageDailyVolume10Day": 11763, "averageDailyVolume3Month": 16452, "regularMarketPreviousClose": 22.45, "regularMarketSource": "FREE_REALTIME", "regularMarketOpen": 20.35, "exchange": "BSE", "exchangeName": "BSE", "exchangeDataDelayedBy": 0, "marketState": "CLOSED", "quoteType": "EQUITY", "symbol": "KLBRENG-B.BO", "underlyingSymbol": null, "shortName": "KILBURN ENGINEERING LTD.", "longName": "Kilburn Engineering Limited", "currency": "INR", "quoteSourceName": "Delayed Quote", "currencySymbol": "\u20b9", "fromCurrency": null, "toCurrency": null, "lastMarket": null, "marketCap": 284999712}, "balanceSheetHistory": {"balanceSheetStatements": [{"maxAge": 1, "endDate": "2020-03-31", "cash": 39892000, "netReceivables": 1974102000, "inventory": 99829000, "otherCurrentAssets": 103667000, "totalCurrentAssets": 2223020000, "longTermInvestments": 15831000, "propertyPlantEquipment": 483926000, "intangibleAssets": 1897000, "otherAssets": 40271000, "deferredLongTermAssetCharges": 1577000, "totalAssets": 2764945000, "accountsPayable": 230080000, "shortLongTermDebt": 3686000, "otherCurrentLiab": 258795000, "totalCurrentLiabilities": 1730771000, "totalLiab": 1730771000, "commonStock": 132558000, "retainedEarnings": 842345000, "treasuryStock": -121847000, "capitalSurplus": 181118000, "otherStockholderEquity": -121847000, "totalStockholderEquity": 1034174000, "netTangibleAssets": 1032277000}, {"maxAge": 1, "endDate": "2019-03-31", "cash": 29563000, "shortTermInvestments": 54400000, "netReceivables": 1904590000, "inventory": 151337000, "otherCurrentAssets": 137960000, "totalCurrentAssets": 2228273000, "longTermInvestments": 63773000, "propertyPlantEquipment": 523390000, "intangibleAssets": 2645000, "otherAssets": 71200000, "deferredLongTermAssetCharges": 32020000, "totalAssets": 2889281000, "accountsPayable": 310790000, "shortLongTermDebt": 4076000, "otherCurrentLiab": 411501000, "longTermDebt": 3686000, "totalCurrentLiabilities": 1895704000, "totalLiab": 1899390000, "commonStock": 132558000, "retainedEarnings": 807820000, "treasuryStock": -131605000, "capitalSurplus": 181118000, "otherStockholderEquity": -131605000, "totalStockholderEquity": 989891000, "netTangibleAssets": 987246000}, {"maxAge": 1, "endDate": "2018-03-31", "cash": 48324000, "netReceivables": 1656754000, "inventory": 126215000, "otherCurrentAssets": 175943000, "totalCurrentAssets": 2009166000, "longTermInvestments": 160852000, "propertyPlantEquipment": 562303000, "intangibleAssets": 4000000, "otherAssets": 74393000, "deferredLongTermAssetCharges": 31184000, "totalAssets": 2810714000, "accountsPayable": 202718000, "shortLongTermDebt": 233742000, "otherCurrentLiab": 342990000, "longTermDebt": 7762000, "totalCurrentLiabilities": 1740058000, "totalLiab": 1747820000, "commonStock": 132558000, "retainedEarnings": 765839000, "treasuryStock": -16621000, "capitalSurplus": 181118000, "otherStockholderEquity": -16621000, "totalStockholderEquity": 1062894000, "netTangibleAssets": 1058894000}, {"maxAge": 1, "endDate": "2017-03-31", "cash": 29121000, "netReceivables": 1999947000, "inventory": 92917000, "otherCurrentAssets": 151061000, "totalCurrentAssets": 2275120000, "longTermInvestments": 126446000, "propertyPlantEquipment": 585826000, "intangibleAssets": 2432000, "otherAssets": 75393000, "deferredLongTermAssetCharges": 28426000, "totalAssets": 3065217000, "accountsPayable": 231955000, "shortLongTermDebt": 337435000, "otherCurrentLiab": 393542000, "longTermDebt": 2265000, "totalCurrentLiabilities": 2008891000, "totalLiab": 2011156000, "commonStock": 132558000, "retainedEarnings": 763446000, "treasuryStock": -23061000, "capitalSurplus": 181118000, "otherStockholderEquity": -23061000, "totalStockholderEquity": 1054061000, "netTangibleAssets": 1051629000}], "maxAge": 86400}, "financialData": {"maxAge": 86400, "currentPrice": 21.5, "recommendationKey": "none", "grossProfits": 451154000, "financialCurrency": "INR"}}}