{"KLGCAP.BO": {"cashflowStatementHistory": {"cashflowStatements": [{"maxAge": 1, "endDate": "2020-03-31", "netIncome": -957000, "changeToNetincome": 1120000, "changeToAccountReceivables": 1000, "changeToLiabilities": 120000, "totalCashFromOperatingActivities": 284000, "otherCashflowsFromInvestingActivities": -16000000, "totalCashflowsFromInvestingActivities": -16000000, "netBorrowings": -586000, "totalCashFromFinancingActivities": -586000, "changeInCash": -16302000}, {"maxAge": 1, "endDate": "2019-03-31", "netIncome": 669439, "depreciation": 136, "changeToNetincome": -431659, "changeToAccountReceivables": 1000, "changeToLiabilities": 142259, "changeToOperatingActivities": 8133340, "totalCashFromOperatingActivities": 8513515, "investments": 423000, "otherCashflowsFromInvestingActivities": -16000000, "totalCashflowsFromInvestingActivities": 423000, "netBorrowings": 7331301, "totalCashFromFinancingActivities": 7331301, "changeInCash": 16267816}, {"maxAge": 1, "endDate": "2018-03-31", "netIncome": 5295794, "depreciation": 797, "changeToNetincome": 1400, "changeToAccountReceivables": 1000, "changeToLiabilities": -137053, "changeToOperatingActivities": -78145418, "totalCashFromOperatingActivities": -72984480, "investments": 95928030, "otherCashflowsFromInvestingActivities": -16000000, "totalCashflowsFromInvestingActivities": 95928030, "netBorrowings": -22904754, "totalCashFromFinancingActivities": -22904754, "changeInCash": 38796}, {"maxAge": 1, "endDate": "2017-03-31", "netIncome": 4102096, "depreciation": 4685, "changeToNetincome": -2639, "changeToAccountReceivables": 7059200, "changeToLiabilities": 18432, "changeToOperatingActivities": 20262897, "totalCashFromOperatingActivities": 31444671, "investments": -167790, "otherCashflowsFromInvestingActivities": -16000000, "totalCashflowsFromInvestingActivities": -167790, "netBorrowings": -31348265, "totalCashFromFinancingActivities": -31348265, "changeInCash": -71384}], "maxAge": 86400}, "institutionOwnership": {"maxAge": 1, "ownershipList": []}, "balanceSheetHistoryQuarterly": {"balanceSheetStatements": [{"maxAge": 1, "endDate": "2020-06-30", "totalStockholderEquity": 75133000, "netTangibleAssets": 75133000}, {"maxAge": 1, "endDate": "2020-03-31", "cash": 86000, "shortTermInvestments": 101000, "netReceivables": 118200000, "totalCurrentAssets": 118387000, "longTermInvestments": 7130000, "otherAssets": 3000, "deferredLongTermAssetCharges": 3000, "totalAssets": 125520000, "otherCurrentLiab": 33542000, "totalCurrentLiabilities": 50387000, "totalLiab": 50387000, "commonStock": 32024000, "treasuryStock": 43109000, "otherStockholderEquity": 43109000, "totalStockholderEquity": 75133000, "netTangibleAssets": 75133000}, {"maxAge": 1, "endDate": "2019-12-31", "totalStockholderEquity": 77047000, "netTangibleAssets": 77047000}, {"maxAge": 1, "endDate": "2019-09-30", "cash": 78000, "netReceivables": 118300000, "totalCurrentAssets": 118378000, "longTermInvestments": 9876000, "otherAssets": 3000, "deferredLongTermAssetCharges": 3000, "totalAssets": 128257000, "otherCurrentLiab": 34026000, "totalCurrentLiabilities": 51210000, "totalLiab": 51210000, "commonStock": 32024000, "treasuryStock": 45023000, "otherStockholderEquity": 45023000, "totalStockholderEquity": 77047000, "netTangibleAssets": 77047000}], "maxAge": 86400}, "indexTrend": {"maxAge": 1, "symbol": "SP5", "peRatio": 19.7411, "pegRatio": 1.34172, "estimates": [{"period": "0q", "growth": 0.549}, {"period": "+1q", "growth": 0.431}, {"period": "0y", "growth": 0.305}, {"period": "+1y", "growth": 0.109}, {"period": "+5y", "growth": 0.120859005}, {"period": "-5y"}]}, "insiderTransactions": {"transactions": [{"maxAge": 1, "shares": 3000, "filerUrl": "", "transactionText": "", "filerName": "Mehta (Nilesh)", "filerRelation": "Director", "moneyText": "", "startDate": "2009-10-14", "ownership": "D"}], "maxAge": 1}, "quoteType": {"exchange": "BSE", "quoteType": "EQUITY", "symbol": "KLGCAP.BO", "underlyingSymbol": "KLGCAP.BO", "shortName": "KLG CAPITAL SERVICES LTD.", "longName": "KLG Capital Services Limited", "firstTradeDateEpochUtc": "2002-06-24 09:15:00", "timeZoneFullName": "Asia/Kolkata", "timeZoneShortName": "IST", "uuid": "26a8f8cb-1641-338b-a8ec-5dfde216d337", "messageBoardId": null, "gmtOffSetMilliseconds": 19800000, "maxAge": 1}, "incomeStatementHistory": {"incomeStatementHistory": [{"maxAge": 1, "endDate": "2020-03-31", "totalRevenue": 8666000, "costOfRevenue": 0, "grossProfit": 8666000, "researchDevelopment": {}, "sellingGeneralAdministrative": 6772000, "nonRecurring": {}, "otherOperatingExpenses": 2111000, "totalOperatingExpenses": 8883000, "operatingIncome": -217000, "totalOtherIncomeExpenseNet": 0, "ebit": -217000, "interestExpense": {}, "incomeBeforeTax": -217000, "incomeTaxExpense": 740000, "minorityInterest": {}, "netIncomeFromContinuingOps": -957000, "discontinuedOperations": {}, "extraordinaryItems": {}, "effectOfAccountingCharges": {}, "otherItems": {}, "netIncome": -957000, "netIncomeApplicableToCommonShares": -957000}, {"maxAge": 1, "endDate": "2019-03-31", "totalRevenue": 9842000, "costOfRevenue": 0, "grossProfit": 9842000, "researchDevelopment": {}, "sellingGeneralAdministrative": 1812410, "nonRecurring": {}, "otherOperatingExpenses": 6382617, "totalOperatingExpenses": 8195163, "operatingIncome": 1646837, "totalOtherIncomeExpenseNet": -526835, "ebit": 1646837, "interestExpense": -103835, "incomeBeforeTax": 1120002, "incomeTaxExpense": 450563, "minorityInterest": {}, "netIncomeFromContinuingOps": 669439, "discontinuedOperations": {}, "extraordinaryItems": {}, "effectOfAccountingCharges": {}, "otherItems": {}, "netIncome": 669439, "netIncomeApplicableToCommonShares": 669439}, {"maxAge": 1, "endDate": "2018-03-31", "totalRevenue": 9039130, "costOfRevenue": 0, "grossProfit": 9039130, "researchDevelopment": {}, "sellingGeneralAdministrative": 728128, "nonRecurring": {}, "otherOperatingExpenses": 1174976, "totalOperatingExpenses": 1903901, "operatingIncome": 7135229, "totalOtherIncomeExpenseNet": -236030, "ebit": 7135229, "interestExpense": -103835, "incomeBeforeTax": 6899199, "incomeTaxExpense": 1603405, "minorityInterest": {}, "netIncomeFromContinuingOps": 5295794, "discontinuedOperations": {}, "extraordinaryItems": {}, "effectOfAccountingCharges": {}, "otherItems": {}, "netIncome": 5295794, "netIncomeApplicableToCommonShares": 5295794}, {"maxAge": 1, "endDate": "2017-03-31", "totalRevenue": 6928061, "costOfRevenue": 0, "grossProfit": 6928061, "researchDevelopment": {}, "sellingGeneralAdministrative": 442453, "nonRecurring": {}, "otherOperatingExpenses": 918556, "totalOperatingExpenses": 1365694, "operatingIncome": 5562367, "totalOtherIncomeExpenseNet": 0, "ebit": 5562367, "interestExpense": -103835, "incomeBeforeTax": 5562367, "incomeTaxExpense": 1460271, "minorityInterest": {}, "netIncomeFromContinuingOps": 4102096, "discontinuedOperations": {}, "extraordinaryItems": {}, "effectOfAccountingCharges": {}, "otherItems": {}, "netIncome": 4102096, "netIncomeApplicableToCommonShares": 4102096}], "maxAge": 86400}, "fundOwnership": {"maxAge": 1, "ownershipList": []}, "summaryDetail": {"maxAge": 1, "priceHint": 2, "previousClose": 9.41, "open": 8.94, "dayLow": 8.94, "dayHigh": 9.41, "regularMarketPreviousClose": 9.41, "regularMarketOpen": 8.94, "regularMarketDayLow": 8.94, "regularMarketDayHigh": 9.41, "volume": 85, "regularMarketVolume": 85, "averageVolume": 70, "averageVolume10days": 46, "averageDailyVolume10Day": 46, "bid": 0.0, "ask": 9.41, "bidSize": 0, "askSize": 0, "marketCap": 30134584, "fiftyTwoWeekLow": 6.77, "fiftyTwoWeekHigh": 15.76, "fiftyDayAverage": 14.601714, "twoHundredDayAverage": 12.262826, "currency": "INR", "fromCurrency": null, "toCurrency": null, "lastMarket": null, "algorithm": null, "tradeable": false}, "incomeStatementHistoryQuarterly": {"incomeStatementHistory": [{"maxAge": 1, "endDate": "2020-06-30", "totalRevenue": 1915000, "costOfRevenue": 0, "grossProfit": 1915000, "researchDevelopment": {}, "sellingGeneralAdministrative": 1174000, "nonRecurring": {}, "otherOperatingExpenses": 62000, "totalOperatingExpenses": 1236000, "operatingIncome": 679000, "totalOtherIncomeExpenseNet": 0, "ebit": 679000, "interestExpense": {}, "incomeBeforeTax": 679000, "incomeTaxExpense": 177000, "minorityInterest": {}, "netIncomeFromContinuingOps": 502000, "discontinuedOperations": {}, "extraordinaryItems": {}, "effectOfAccountingCharges": {}, "otherItems": {}, "netIncome": 502000, "netIncomeApplicableToCommonShares": 502000}, {"maxAge": 1, "endDate": "2020-03-31", "totalRevenue": 1913000, "costOfRevenue": 0, "grossProfit": 1913000, "researchDevelopment": {}, "sellingGeneralAdministrative": 4276000, "nonRecurring": {}, "otherOperatingExpenses": 646000, "totalOperatingExpenses": 4922000, "operatingIncome": -3009000, "totalOtherIncomeExpenseNet": 0, "ebit": -3009000, "interestExpense": {}, "incomeBeforeTax": -3009000, "incomeTaxExpense": 0, "minorityInterest": {}, "netIncomeFromContinuingOps": -3009000, "discontinuedOperations": {}, "extraordinaryItems": {}, "effectOfAccountingCharges": {}, "otherItems": {}, "netIncome": -3009000, "netIncomeApplicableToCommonShares": -3009000}, {"maxAge": 1, "endDate": "2019-12-31", "totalRevenue": 1938000, "costOfRevenue": 0, "grossProfit": 1938000, "researchDevelopment": {}, "sellingGeneralAdministrative": 212000, "nonRecurring": {}, "otherOperatingExpenses": 1038000, "totalOperatingExpenses": 1250000, "operatingIncome": 688000, "totalOtherIncomeExpenseNet": 0, "ebit": 688000, "interestExpense": {}, "incomeBeforeTax": 688000, "incomeTaxExpense": 165000, "minorityInterest": {}, "netIncomeFromContinuingOps": 523000, "discontinuedOperations": {}, "extraordinaryItems": {}, "effectOfAccountingCharges": {}, "otherItems": {}, "netIncome": 523000, "netIncomeApplicableToCommonShares": 523000}, {"maxAge": 1, "endDate": "2019-09-30", "totalRevenue": 2533000, "costOfRevenue": 0, "grossProfit": 2533000, "researchDevelopment": {}, "sellingGeneralAdministrative": 199000, "nonRecurring": {}, "otherOperatingExpenses": 1102000, "totalOperatingExpenses": 1301000, "operatingIncome": 1232000, "totalOtherIncomeExpenseNet": 0, "ebit": 1232000, "interestExpense": {}, "incomeBeforeTax": 1232000, "incomeTaxExpense": 281000, "minorityInterest": {}, "netIncomeFromContinuingOps": 951000, "discontinuedOperations": {}, "extraordinaryItems": {}, "effectOfAccountingCharges": {}, "otherItems": {}, "netIncome": 951000, "netIncomeApplicableToCommonShares": 951000}], "maxAge": 86400}, "cashflowStatementHistoryQuarterly": {"cashflowStatements": [{"maxAge": 1, "endDate": "2020-06-30", "netIncome": 502000, "changeToLiabilities": 0}, {"maxAge": 1, "endDate": "2020-03-31", "netIncome": -3009000, "changeToLiabilities": 0}, {"maxAge": 1, "endDate": "2019-12-31", "netIncome": 523000, "changeToLiabilities": 0}, {"maxAge": 1, "endDate": "2019-09-30", "netIncome": 951000, "changeToLiabilities": 0}], "maxAge": 86400}, "insiderHolders": {"holders": [{"maxAge": 1, "name": "Mehta (Nilesh)", "relation": "Director", "url": "", "transactionDescription": "Acquisition", "latestTransDate": "2009-10-14", "positionDirect": 3000, "positionDirectDate": "2009-10-14"}], "maxAge": 1}, "calendarEvents": {"maxAge": 1, "earnings": {"earningsDate": []}}, "price": {"maxAge": 1, "regularMarketChangePercent": 0.0, "regularMarketChange": 0.0, "regularMarketTime": "2021-04-30 13:15:00", "priceHint": 2, "regularMarketPrice": 9.41, "regularMarketDayHigh": 9.41, "regularMarketDayLow": 8.94, "regularMarketVolume": 85, "averageDailyVolume10Day": 46, "averageDailyVolume3Month": 70, "regularMarketPreviousClose": 9.41, "regularMarketSource": "FREE_REALTIME", "regularMarketOpen": 8.94, "exchange": "BSE", "exchangeName": "BSE", "exchangeDataDelayedBy": 0, "marketState": "CLOSED", "quoteType": "EQUITY", "symbol": "KLGCAP.BO", "underlyingSymbol": null, "shortName": "KLG CAPITAL SERVICES LTD.", "longName": "KLG Capital Services Limited", "currency": "INR", "quoteSourceName": "Delayed Quote", "currencySymbol": "\u20b9", "fromCurrency": null, "toCurrency": null, "lastMarket": null, "marketCap": 30134584}, "balanceSheetHistory": {"balanceSheetStatements": [{"maxAge": 1, "endDate": "2020-03-31", "cash": 86000, "shortTermInvestments": 101000, "netReceivables": 118200000, "totalCurrentAssets": 118387000, "longTermInvestments": 7130000, "otherAssets": 3000, "deferredLongTermAssetCharges": 3000, "totalAssets": 125520000, "otherCurrentLiab": 33542000, "totalCurrentLiabilities": 50387000, "totalLiab": 50387000, "commonStock": 32024000, "treasuryStock": 43109000, "otherStockholderEquity": 43109000, "totalStockholderEquity": 75133000, "netTangibleAssets": 75133000}, {"maxAge": 1, "endDate": "2019-03-31", "cash": 16387373, "shortTermInvestments": 486450, "netReceivables": 102200000, "otherCurrentAssets": 7102185, "totalCurrentAssets": 126176008, "propertyPlantEquipment": 28, "otherAssets": 103269, "deferredLongTermAssetCharges": 3270, "totalAssets": 126279305, "otherCurrentLiab": 33436642, "totalCurrentLiabilities": 50859060, "totalLiab": 50859060, "commonStock": 32024000, "retainedEarnings": 43396245, "treasuryStock": 43396000, "otherStockholderEquity": 43396000, "totalStockholderEquity": 75420245, "netTangibleAssets": 75420245}, {"maxAge": 1, "endDate": "2018-03-31", "cash": 119556, "shortTermInvestments": 909450, "netReceivables": 110870631, "otherCurrentAssets": 7085923, "totalCurrentAssets": 118985560, "propertyPlantEquipment": 164, "otherAssets": 103833, "deferredLongTermAssetCharges": 3833, "totalAssets": 119089557, "otherCurrentLiab": 33957671, "totalCurrentLiabilities": 43906529, "totalLiab": 43906529, "commonStock": 32024000, "retainedEarnings": 43159028, "totalStockholderEquity": 75183028, "netTangibleAssets": 75183028}, {"maxAge": 1, "endDate": "2017-03-31", "cash": 80760, "shortTermInvestments": 941880, "netReceivables": 30998631, "otherCurrentAssets": 7030000, "totalCurrentAssets": 39051271, "longTermInvestments": 95895600, "propertyPlantEquipment": 961, "otherAssets": 105233, "deferredLongTermAssetCharges": 5233, "totalAssets": 135053065, "otherCurrentLiab": 32175166, "totalCurrentLiabilities": 65165831, "totalLiab": 65165831, "commonStock": 32024000, "retainedEarnings": 37863234, "totalStockholderEquity": 69887234, "netTangibleAssets": 69887234}], "maxAge": 86400}, "financialData": {"maxAge": 86400, "currentPrice": 9.41, "recommendationKey": "none", "grossProfits": 8666000, "financialCurrency": "INR"}}}