{"KMCSHIL.BO": {"cashflowStatementHistory": {"cashflowStatements": [{"maxAge": 1, "endDate": "2020-03-31", "netIncome": 117427000, "depreciation": 46434000, "changeToNetincome": 17315000, "changeToAccountReceivables": -7569000, "changeToLiabilities": -9229000, "changeToInventory": -12868000, "changeToOperatingActivities": -47587000, "totalCashFromOperatingActivities": 106968000, "capitalExpenditures": -34625000, "investments": -42815000, "otherCashflowsFromInvestingActivities": 8946000, "totalCashflowsFromInvestingActivities": -77966000, "netBorrowings": -27594000, "otherCashflowsFromFinancingActivities": -8054000, "totalCashFromFinancingActivities": -35648000, "changeInCash": -6646000}, {"maxAge": 1, "endDate": "2019-03-31", "netIncome": 86077000, "depreciation": 40450000, "changeToNetincome": 20355000, "changeToAccountReceivables": -3885000, "changeToLiabilities": 11797000, "changeToInventory": -2600000, "changeToOperatingActivities": 4580000, "totalCashFromOperatingActivities": 158318000, "capitalExpenditures": -32187000, "investments": -13517000, "otherCashflowsFromInvestingActivities": 5609000, "totalCashflowsFromInvestingActivities": -90689000, "netBorrowings": -42220000, "otherCashflowsFromFinancingActivities": -11037000, "totalCashFromFinancingActivities": -53257000, "changeInCash": 14373000}, {"maxAge": 1, "endDate": "2018-03-31", "netIncome": 66518000, "depreciation": 38438000, "changeToNetincome": 29069000, "changeToAccountReceivables": -22062000, "changeToLiabilities": 8552000, "changeToInventory": 8000, "changeToOperatingActivities": 3340000, "totalCashFromOperatingActivities": 124063000, "capitalExpenditures": -157683000, "investments": -32628000, "otherCashflowsFromInvestingActivities": 448000, "totalCashflowsFromInvestingActivities": -189653000, "netBorrowings": 67671000, "otherCashflowsFromFinancingActivities": -7312000, "totalCashFromFinancingActivities": 60359000, "changeInCash": -5231000}, {"maxAge": 1, "endDate": "2017-03-31", "netIncome": 53541000, "depreciation": 31608000, "changeToNetincome": 26930000, "changeToAccountReceivables": -11603000, "changeToLiabilities": 2045000, "changeToInventory": -531000, "changeToOperatingActivities": -1716000, "totalCashFromOperatingActivities": 100577000, "capitalExpenditures": -43050000, "investments": 500000, "otherCashflowsFromInvestingActivities": 525000, "totalCashflowsFromInvestingActivities": -42025000, "netBorrowings": -40260000, "otherCashflowsFromFinancingActivities": -12425000, "totalCashFromFinancingActivities": -52685000, "changeInCash": 5867000}], "maxAge": 86400}, "institutionOwnership": {"ownershipList": [], "maxAge": 1}, "balanceSheetHistoryQuarterly": {"balanceSheetStatements": [{"maxAge": 1, "endDate": "2020-06-30", "totalStockholderEquity": 506568000, "netTangibleAssets": 500373000}, {"maxAge": 1, "endDate": "2020-03-31", "cash": 11197000, "shortTermInvestments": 88712000, "netReceivables": 47790000, "inventory": 22230000, "otherCurrentAssets": 4478000, "totalCurrentAssets": 177036000, "longTermInvestments": 616000, "propertyPlantEquipment": 384551000, "intangibleAssets": 6195000, "otherAssets": 131550000, "deferredLongTermAssetCharges": 35906000, "totalAssets": 699948000, "accountsPayable": 43490000, "shortLongTermDebt": 19675000, "otherCurrentLiab": 16069000, "longTermDebt": 57952000, "otherLiab": 4908000, "totalCurrentLiabilities": 123862000, "totalLiab": 193378000, "commonStock": 163085000, "retainedEarnings": 346715000, "treasuryStock": -3230000, "otherStockholderEquity": -3230000, "totalStockholderEquity": 506570000, "netTangibleAssets": 500375000}, {"maxAge": 1, "endDate": "2019-12-31", "totalStockholderEquity": 449886000, "netTangibleAssets": 444354000}, {"maxAge": 1, "endDate": "2019-09-30", "cash": 94771000, "shortTermInvestments": 29828000, "netReceivables": 34266000, "inventory": 16093000, "otherCurrentAssets": 3091000, "totalCurrentAssets": 178049000, "longTermInvestments": 771000, "propertyPlantEquipment": 340918000, "intangibleAssets": 5532000, "otherAssets": 120949000, "deferredLongTermAssetCharges": 30442000, "totalAssets": 646219000, "accountsPayable": 56919000, "otherCurrentLiab": 68076000, "longTermDebt": 64468000, "otherLiab": 3794000, "totalCurrentLiabilities": 124995000, "totalLiab": 196333000, "commonStock": 163085000, "treasuryStock": 286801000, "otherStockholderEquity": 286801000, "totalStockholderEquity": 449886000, "netTangibleAssets": 444354000}], "maxAge": 86400}, "indexTrend": {"maxAge": 1, "symbol": "SP5", "peRatio": 19.7411, "pegRatio": 1.34172, "estimates": [{"period": "0q", "growth": 0.549}, {"period": "+1q", "growth": 0.431}, {"period": "0y", "growth": 0.305}, {"period": "+1y", "growth": 0.109}, {"period": "+5y", "growth": 0.120859005}, {"period": "-5y"}]}, "insiderTransactions": {"transactions": [{"maxAge": 1, "shares": 100, "filerUrl": "", "transactionText": "", "filerName": "Sri Kaveri Medical Centre Trichy Pvt Ltd", "filerRelation": "Institution- Corporation", "moneyText": "", "startDate": "2009-04-30", "ownership": "D"}, {"maxAge": 1, "shares": 5002145, "filerUrl": "", "transactionText": "", "filerName": "Sri Kaveri Medical Centre Trichy Pvt Ltd", "filerRelation": "Institution- Corporation", "moneyText": "", "startDate": "2008-12-07", "ownership": "D"}], "maxAge": 1}, "quoteType": {"exchange": "BSE", "quoteType": "EQUITY", "symbol": "KMCSHIL.BO", "underlyingSymbol": "KMCSHIL.BO", "shortName": "KMC SPECIALITY HOSPITALS (INDI", "longName": "KMC Speciality Hospitals (India) Limited", "firstTradeDateEpochUtc": "2005-04-04 09:15:00", "timeZoneFullName": "Asia/Kolkata", "timeZoneShortName": "IST", "uuid": "e3538ea6-837e-3d25-aed1-535bc789ea5e", "gmtOffSetMilliseconds": 19800000, "maxAge": 1}, "incomeStatementHistory": {"incomeStatementHistory": [{"maxAge": 1, "endDate": "2020-03-31", "totalRevenue": 961801000, "costOfRevenue": 385344000, "grossProfit": 576457000, "researchDevelopment": {}, "sellingGeneralAdministrative": 29516000, "nonRecurring": {}, "otherOperatingExpenses": 334033000, "totalOperatingExpenses": 800281000, "operatingIncome": 161520000, "totalOtherIncomeExpenseNet": 5428000, "ebit": 161520000, "interestExpense": -8608000, "incomeBeforeTax": 166948000, "incomeTaxExpense": 49521000, "minorityInterest": {}, "netIncomeFromContinuingOps": 117427000, "discontinuedOperations": {}, "extraordinaryItems": {}, "effectOfAccountingCharges": {}, "otherItems": {}, "netIncome": 117427000, "netIncomeApplicableToCommonShares": 117427000}, {"maxAge": 1, "endDate": "2019-03-31", "totalRevenue": 822586000, "costOfRevenue": 317741000, "grossProfit": 504845000, "researchDevelopment": {}, "sellingGeneralAdministrative": 36235000, "nonRecurring": {}, "otherOperatingExpenses": 303960000, "totalOperatingExpenses": 704561000, "operatingIncome": 118025000, "totalOtherIncomeExpenseNet": 5257000, "ebit": 118025000, "interestExpense": -11051000, "incomeBeforeTax": 123282000, "incomeTaxExpense": 37205000, "minorityInterest": {}, "netIncomeFromContinuingOps": 86077000, "discontinuedOperations": {}, "extraordinaryItems": {}, "effectOfAccountingCharges": {}, "otherItems": {}, "netIncome": 86077000, "netIncomeApplicableToCommonShares": 86077000}, {"maxAge": 1, "endDate": "2018-03-31", "totalRevenue": 706665000, "costOfRevenue": 284347000, "grossProfit": 422318000, "researchDevelopment": {}, "sellingGeneralAdministrative": 22074000, "nonRecurring": {}, "otherOperatingExpenses": 249685000, "totalOperatingExpenses": 601601000, "operatingIncome": 105064000, "totalOtherIncomeExpenseNet": -7055000, "ebit": 105064000, "interestExpense": -6926000, "incomeBeforeTax": 98009000, "incomeTaxExpense": 31491000, "minorityInterest": {}, "netIncomeFromContinuingOps": 66518000, "discontinuedOperations": {}, "extraordinaryItems": {}, "effectOfAccountingCharges": {}, "otherItems": {}, "netIncome": 66518000, "netIncomeApplicableToCommonShares": 66518000}, {"maxAge": 1, "endDate": "2017-03-31", "totalRevenue": 548913000, "costOfRevenue": 220667000, "grossProfit": 328246000, "researchDevelopment": {}, "sellingGeneralAdministrative": 11707000, "nonRecurring": {}, "otherOperatingExpenses": 191044000, "totalOperatingExpenses": 457027000, "operatingIncome": 91886000, "totalOtherIncomeExpenseNet": -12013000, "ebit": 91886000, "interestExpense": -9918000, "incomeBeforeTax": 79873000, "incomeTaxExpense": 26332000, "minorityInterest": {}, "netIncomeFromContinuingOps": 53541000, "discontinuedOperations": {}, "extraordinaryItems": {}, "effectOfAccountingCharges": {}, "otherItems": {}, "netIncome": 53541000, "netIncomeApplicableToCommonShares": 53541000}], "maxAge": 86400}, "fundOwnership": {"ownershipList": [], "maxAge": 1}, "summaryDetail": {"maxAge": 1, "priceHint": 2, "previousClose": 33.5, "open": 34.45, "dayLow": 32.5, "dayHigh": 35.6, "regularMarketPreviousClose": 33.5, "regularMarketOpen": 34.45, "regularMarketDayLow": 32.5, "regularMarketDayHigh": 35.6, "trailingPE": 59.568966, "volume": 280091, "regularMarketVolume": 280091, "averageVolume": 107439, "averageVolume10days": 147816, "averageDailyVolume10Day": 147816, "bid": 34.4, "ask": 0.0, "bidSize": 0, "askSize": 0, "marketCap": 5634586112, "fiftyTwoWeekLow": 9.51, "fiftyTwoWeekHigh": 35.6, "fiftyDayAverage": 23.012121, "twoHundredDayAverage": 21.533457, "currency": "INR", "fromCurrency": null, "lastMarket": null, "algorithm": null, "tradeable": false}, "incomeStatementHistoryQuarterly": {"incomeStatementHistory": [{"maxAge": 1, "endDate": "2020-06-30", "totalRevenue": 182975000, "costOfRevenue": 80814000, "grossProfit": 102161000, "researchDevelopment": {}, "sellingGeneralAdministrative": {}, "nonRecurring": {}, "otherOperatingExpenses": 81738000, "totalOperatingExpenses": 175436000, "operatingIncome": 7539000, "totalOtherIncomeExpenseNet": -26000, "ebit": 7539000, "interestExpense": -2755000, "incomeBeforeTax": 7513000, "incomeTaxExpense": 2226000, "minorityInterest": {}, "netIncomeFromContinuingOps": 5287000, "discontinuedOperations": {}, "extraordinaryItems": {}, "effectOfAccountingCharges": {}, "otherItems": {}, "netIncome": 5287000, "netIncomeApplicableToCommonShares": 5287000}, {"maxAge": 1, "endDate": "2020-03-31", "totalRevenue": 232344000, "costOfRevenue": 121225000, "grossProfit": 111119000, "researchDevelopment": {}, "sellingGeneralAdministrative": 29516000, "nonRecurring": {}, "otherOperatingExpenses": 28470000, "totalOperatingExpenses": 194929000, "operatingIncome": 37415000, "totalOtherIncomeExpenseNet": 2645000, "ebit": 37415000, "interestExpense": -1844000, "incomeBeforeTax": 40060000, "incomeTaxExpense": 11872000, "minorityInterest": {}, "netIncomeFromContinuingOps": 28188000, "discontinuedOperations": {}, "extraordinaryItems": {}, "effectOfAccountingCharges": {}, "otherItems": {}, "netIncome": 28188000, "netIncomeApplicableToCommonShares": 28188000}, {"maxAge": 1, "endDate": "2019-12-31", "totalRevenue": 265982000, "costOfRevenue": 100785000, "grossProfit": 165197000, "researchDevelopment": {}, "sellingGeneralAdministrative": 29516000, "nonRecurring": {}, "otherOperatingExpenses": 109286000, "totalOperatingExpenses": 223187000, "operatingIncome": 42795000, "totalOtherIncomeExpenseNet": 994000, "ebit": 42795000, "interestExpense": -2184000, "incomeBeforeTax": 43789000, "incomeTaxExpense": 14304000, "minorityInterest": {}, "netIncomeFromContinuingOps": 29485000, "discontinuedOperations": {}, "extraordinaryItems": {}, "effectOfAccountingCharges": {}, "otherItems": {}, "netIncome": 29485000, "netIncomeApplicableToCommonShares": 29485000}, {"maxAge": 1, "endDate": "2019-09-30", "totalRevenue": 238473000, "costOfRevenue": 78699000, "grossProfit": 159774000, "researchDevelopment": {}, "sellingGeneralAdministrative": 29516000, "nonRecurring": {}, "otherOperatingExpenses": 103705000, "totalOperatingExpenses": 194112000, "operatingIncome": 44361000, "totalOtherIncomeExpenseNet": 1232000, "ebit": 44361000, "interestExpense": -2283000, "incomeBeforeTax": 45593000, "incomeTaxExpense": 12460000, "minorityInterest": {}, "netIncomeFromContinuingOps": 33133000, "discontinuedOperations": {}, "extraordinaryItems": {}, "effectOfAccountingCharges": {}, "otherItems": {}, "netIncome": 33133000, "netIncomeApplicableToCommonShares": 33133000}], "maxAge": 86400}, "cashflowStatementHistoryQuarterly": {"cashflowStatements": [{"maxAge": 1, "endDate": "2020-06-30", "netIncome": 5287000, "changeToLiabilities": 0}, {"maxAge": 1, "endDate": "2020-03-31", "netIncome": 28188000, "changeToLiabilities": 0}, {"maxAge": 1, "endDate": "2019-12-31", "netIncome": 29485000, "changeToLiabilities": 0}, {"maxAge": 1, "endDate": "2019-09-30", "netIncome": 33133000, "changeToLiabilities": 0}], "maxAge": 86400}, "insiderHolders": {"holders": [{"maxAge": 1, "name": "Sri Kaveri Medical Centre Trichy Pvt Ltd", "relation": "Institution- Corporation", "url": "", "transactionDescription": "Acquisition", "latestTransDate": "2009-04-30", "positionDirect": 5002245, "positionDirectDate": "2009-04-30"}], "maxAge": 1}, "calendarEvents": {"maxAge": 1, "earnings": {"earningsDate": ["2020-08-13 05:30:S"]}}, "upgradeDowngradeHistory": {"history": [], "maxAge": 86400}, "price": {"maxAge": 1, "regularMarketChangePercent": 0.031343263, "regularMarketChange": 1.0499992, "regularMarketTime": "2021-04-30 15:57:45", "priceHint": 2, "regularMarketPrice": 34.55, "regularMarketDayHigh": 35.6, "regularMarketDayLow": 32.5, "regularMarketVolume": 280091, "averageDailyVolume10Day": 147816, "averageDailyVolume3Month": 107439, "regularMarketPreviousClose": 33.5, "regularMarketSource": "FREE_REALTIME", "regularMarketOpen": 34.45, "exchange": "BSE", "exchangeName": "BSE", "exchangeDataDelayedBy": 0, "marketState": "CLOSED", "quoteType": "EQUITY", "symbol": "KMCSHIL.BO", "underlyingSymbol": null, "shortName": "KMC SPECIALITY HOSPITALS (INDI", "longName": "KMC Speciality Hospitals (India) Limited", "currency": "INR", "quoteSourceName": "Delayed Quote", "currencySymbol": "\u20b9", "fromCurrency": null, "lastMarket": null, "marketCap": 5634586112}, "balanceSheetHistory": {"balanceSheetStatements": [{"maxAge": 1, "endDate": "2020-03-31", "cash": 11197000, "shortTermInvestments": 88712000, "netReceivables": 47790000, "inventory": 22230000, "otherCurrentAssets": 4478000, "totalCurrentAssets": 177036000, "longTermInvestments": 616000, "propertyPlantEquipment": 384551000, "intangibleAssets": 6195000, "otherAssets": 131550000, "deferredLongTermAssetCharges": 35906000, "totalAssets": 699948000, "accountsPayable": 43490000, "shortLongTermDebt": 19675000, "otherCurrentLiab": 16069000, "longTermDebt": 57952000, "otherLiab": 4908000, "totalCurrentLiabilities": 123862000, "totalLiab": 193378000, "commonStock": 163085000, "retainedEarnings": 346715000, "treasuryStock": -3230000, "otherStockholderEquity": -3230000, "totalStockholderEquity": 506570000, "netTangibleAssets": 500375000}, {"maxAge": 1, "endDate": "2019-03-31", "cash": 17843000, "shortTermInvestments": 45903000, "netReceivables": 49375000, "inventory": 9362000, "otherCurrentAssets": 642000, "totalCurrentAssets": 125197000, "longTermInvestments": 940000, "propertyPlantEquipment": 349930000, "intangibleAssets": 5802000, "otherAssets": 113345000, "deferredLongTermAssetCharges": 31841000, "totalAssets": 595214000, "accountsPayable": 52719000, "shortLongTermDebt": 26549000, "otherCurrentLiab": 11693000, "longTermDebt": 76523000, "otherLiab": 4194000, "totalCurrentLiabilities": 123782000, "totalLiab": 204499000, "commonStock": 163085000, "retainedEarnings": 229288000, "treasuryStock": -1658000, "otherStockholderEquity": -1658000, "totalStockholderEquity": 390715000, "netTangibleAssets": 384913000}, {"maxAge": 1, "endDate": "2018-03-31", "cash": 3470000, "shortTermInvestments": 32606000, "netReceivables": 35502000, "inventory": 6762000, "otherCurrentAssets": 346000, "totalCurrentAssets": 79034000, "longTermInvestments": 822000, "propertyPlantEquipment": 363573000, "intangibleAssets": 3125000, "otherAssets": 82932000, "deferredLongTermAssetCharges": 43333000, "totalAssets": 529486000, "accountsPayable": 40922000, "shortLongTermDebt": 33277000, "otherCurrentLiab": 12456000, "longTermDebt": 103782000, "otherLiab": 6207000, "totalCurrentLiabilities": 115421000, "totalLiab": 225410000, "commonStock": 163085000, "retainedEarnings": 143211000, "treasuryStock": -2220000, "otherStockholderEquity": -2220000, "totalStockholderEquity": 304076000, "netTangibleAssets": 300951000}, {"maxAge": 1, "endDate": "2017-03-31", "cash": 8701000, "netReceivables": 24978000, "inventory": 6770000, "otherCurrentAssets": 1785000, "totalCurrentAssets": 42526000, "longTermInvestments": 918000, "propertyPlantEquipment": 240388000, "intangibleAssets": 372000, "otherAssets": 96452000, "deferredLongTermAssetCharges": 50687000, "totalAssets": 380656000, "accountsPayable": 32370000, "shortLongTermDebt": 28847000, "otherCurrentLiab": 26040000, "longTermDebt": 34564000, "otherLiab": 3101000, "totalCurrentLiabilities": 102614000, "totalLiab": 140279000, "commonStock": 163085000, "retainedEarnings": 76690000, "treasuryStock": 602000, "otherStockholderEquity": 602000, "totalStockholderEquity": 240377000, "netTangibleAssets": 240005000}], "maxAge": 86400}, "financialData": {"maxAge": 86400, "currentPrice": 34.55, "recommendationKey": "none", "grossProfits": 576457000, "financialCurrency": "INR"}}}