{"KNRCON.NS": {"assetProfile": {"address1": "KNR House", "address2": "3rd & 4th Floor Plot No: 113 & 114, Phase-1 Kavuri Hills, Jubilee Hills Road No.36", "city": "Hyderabad", "zip": "500033", "country": "India", "phone": "91 40 4026 8759", "fax": "91 40 4026 8760", "website": "http://www.knrcl.com", "industry": "Engineering & Construction", "sector": "Industrials", "longBusinessSummary": "KNR Constructions Limited, together with its subsidiaries, operates as an infrastructure development company in India. The company provides engineering, procurement, and construction services for roads and highways, irrigation, and urban water infrastructure management sectors. It undertakes various infrastructure projects, such as expressways, national highways, flyovers, bridges and viaducts, irrigation projects, urban development-civic amenities, and commercial and residential projects. The company also undertakes BOT and HAM projects. KNR Constructions Limited was founded in 1995 and is based in Hyderabad, India.", "fullTimeEmployees": 1964, "companyOfficers": [{"maxAge": 1, "name": "Mr. Kamidi Narsimha Reddy", "age": 72, "title": "Founder, MD & Exec. Director", "yearBorn": 1948, "fiscalYear": 2020, "totalPay": 79200000, "exercisedValue": 0, "unexercisedValue": 0}, {"maxAge": 1, "name": "Mr. Kamidi Jalandhar Reddy", "age": 49, "title": "CFO & Exec. Director", "yearBorn": 1971, "fiscalYear": 2020, "totalPay": 54960000, "exercisedValue": 0, "unexercisedValue": 0}, {"maxAge": 1, "name": "Mr. S.  Vaikuntanathan", "age": 66, "title": "VP of Fin. & Accounts", "yearBorn": 1954, "exercisedValue": 0, "unexercisedValue": 0}, {"maxAge": 1, "name": "Major T. L. Varma", "age": 65, "title": "Sr. VP of Technical", "yearBorn": 1955, "exercisedValue": 0, "unexercisedValue": 0}, {"maxAge": 1, "name": "Mr. V. Narasimha Ramana", "age": 57, "title": "Sr. VP of Technical", "yearBorn": 1963, "exercisedValue": 0, "unexercisedValue": 0}, {"maxAge": 1, "name": "Mr. T. Bhaskar Rao", "age": 53, "title": "Sr. VP of Technical", "yearBorn": 1967, "exercisedValue": 0, "unexercisedValue": 0}, {"maxAge": 1, "name": "Mr. K.  Shankar Reddy", "age": 49, "title": "VP", "yearBorn": 1971, "exercisedValue": 0, "unexercisedValue": 0}, {"maxAge": 1, "name": "Ms. Haritha  Varanasi", "title": "Company Sec. & Compliance Officer", "exercisedValue": 0, "unexercisedValue": 0}, {"maxAge": 1, "name": "Mr. P.  Vivekananda", "age": 78, "title": "Gen. Mang. of Contracts", "yearBorn": 1942, "exercisedValue": 0, "unexercisedValue": 0}, {"maxAge": 1, "name": "Mr. K.  Venkatram Rao", "title": "Gen. Mang. of Fin. & Accounts", "exercisedValue": 0, "unexercisedValue": 0}], "compensationAsOfEpochDate": "2020-12-31 05:30:00", "maxAge": 86400}, "recommendationTrend": {"trend": [{"period": "0m", "strongBuy": 0, "buy": 0, "hold": 0, "sell": 0, "strongSell": 0}, {"period": "-1m", "strongBuy": 6, "buy": 8, "hold": 4, "sell": 0, "strongSell": 0}, {"period": "-2m", "strongBuy": 6, "buy": 8, "hold": 4, "sell": 0, "strongSell": 0}, {"period": "-3m", "strongBuy": 8, "buy": 8, "hold": 2, "sell": 0, "strongSell": 0}], "maxAge": 86400}, "cashflowStatementHistory": {"cashflowStatements": [{"maxAge": 1, "endDate": "2020-03-31", "netIncome": 2655058000, "depreciation": 2544949000, "changeToNetincome": 96775000, "changeToAccountReceivables": -6688353000, "changeToLiabilities": 3914625000, "changeToInventory": -219772000, "totalCashFromOperatingActivities": 2303693000, "capitalExpenditures": -2105198000, "investments": -13684000, "otherCashflowsFromInvestingActivities": 43055000, "totalCashflowsFromInvestingActivities": -2018393000, "dividendsPaid": -126556000, "netBorrowings": 1160965000, "otherCashflowsFromFinancingActivities": -1012165000, "totalCashFromFinancingActivities": 22244000, "changeInCash": 307544000}, {"maxAge": 1, "endDate": "2019-03-31", "netIncome": 2705112000, "depreciation": 2300145000, "changeToNetincome": 175076000, "changeToAccountReceivables": -1193166000, "changeToLiabilities": -1171918000, "changeToInventory": -261394000, "totalCashFromOperatingActivities": 2553258000, "capitalExpenditures": -2195450000, "investments": 77011000, "otherCashflowsFromInvestingActivities": -42726000, "totalCashflowsFromInvestingActivities": -1829071000, "dividendsPaid": -56247000, "netBorrowings": -171588000, "otherCashflowsFromFinancingActivities": -847214000, "totalCashFromFinancingActivities": -1075049000, "changeInCash": -350862000}, {"maxAge": 1, "endDate": "2018-03-31", "netIncome": 2434765000, "depreciation": 1935420000, "changeToNetincome": 194631000, "changeToAccountReceivables": -3334712000, "changeToLiabilities": 917319000, "changeToInventory": 54935000, "totalCashFromOperatingActivities": 2202818000, "capitalExpenditures": -2404554000, "investments": 217264000, "otherCashflowsFromInvestingActivities": 245797000, "totalCashflowsFromInvestingActivities": -1629948000, "dividendsPaid": -70309000, "netBorrowings": 450568000, "otherCashflowsFromFinancingActivities": -755514000, "totalCashFromFinancingActivities": -375255000, "changeInCash": 197615000}, {"maxAge": 1, "endDate": "2017-03-31", "netIncome": 1148982000, "depreciation": 1156022000, "changeToNetincome": 415367000, "changeToAccountReceivables": -957154000, "changeToLiabilities": 2080353000, "changeToInventory": -187062000, "totalCashFromOperatingActivities": 3654297000, "capitalExpenditures": -2090629000, "investments": -411499000, "otherCashflowsFromInvestingActivities": 83675000, "totalCashflowsFromInvestingActivities": -2493853000, "dividendsPaid": -70309000, "netBorrowings": -454260000, "otherCashflowsFromFinancingActivities": -781861000, "totalCashFromFinancingActivities": -1236121000, "changeInCash": -75677000}], "maxAge": 86400}, "indexTrend": {"maxAge": 1, "symbol": "SP5", "peRatio": 19.7411, "pegRatio": 1.34172, "estimates": [{"period": "0q", "growth": 0.549}, {"period": "+1q", "growth": 0.431}, {"period": "0y", "growth": 0.305}, {"period": "+1y", "growth": 0.109}, {"period": "+5y", "growth": 0.120865}, {"period": "-5y"}]}, "defaultKeyStatistics": {"maxAge": 1, "priceHint": 2, "enterpriseValue": 61271224320, "forwardPE": 13.408177, "profitMargins": 0.14626001, "floatShares": 124121936, "sharesOutstanding": 281235008, "heldPercentInsiders": 0.55035, "heldPercentInstitutions": 0.33016, "beta": 0.844221, "category": null, "bookValue": 62.755, "priceToBook": 3.1877937, "fundFamily": null, "legalType": null, "lastFiscalYearEnd": "2020-03-31 05:30:00", "nextFiscalYearEnd": "2022-03-31 05:30:00", "mostRecentQuarter": "2020-12-31 05:30:00", "earningsQuarterlyGrowth": 0.88, "netIncomeToCommon": 3874561024, "trailingEps": 13.775, "forwardEps": 52.43, "pegRatio": 1.42, "lastSplitFactor": "2:1", "lastSplitDate": "2021-02-03 05:30:00", "enterpriseToRevenue": 2.313, "enterpriseToEbitda": 8.4}, "industryTrend": {"maxAge": 1, "symbol": null, "estimates": []}, "quoteType": {"exchange": "NSI", "quoteType": "EQUITY", "symbol": "KNRCON.NS", "underlyingSymbol": "KNRCON.NS", "shortName": "KNR CONSTRUCTIONS", "longName": "KNR Constructions Limited", "firstTradeDateEpochUtc": "2008-02-18 09:15:00", "timeZoneFullName": "Asia/Kolkata", "timeZoneShortName": "IST", "uuid": "06715fd4-d76f-3eaa-b765-4f386df745d7", "gmtOffSetMilliseconds": 19800000, "maxAge": 1}, "incomeStatementHistory": {"incomeStatementHistory": [{"maxAge": 1, "endDate": "2020-03-31", "totalRevenue": 24574896000, "costOfRevenue": 16207980000, "grossProfit": 8366916000, "researchDevelopment": {}, "sellingGeneralAdministrative": 1546785000, "nonRecurring": {}, "otherOperatingExpenses": 532199000, "totalOperatingExpenses": 20828227000, "operatingIncome": 3746669000, "totalOtherIncomeExpenseNet": -501972000, "ebit": 3746669000, "interestExpense": -1024920000, "incomeBeforeTax": 3244697000, "incomeTaxExpense": 685277000, "minorityInterest": 332022000, "netIncomeFromContinuingOps": 2559420000, "discontinuedOperations": {}, "extraordinaryItems": {}, "effectOfAccountingCharges": {}, "otherItems": {}, "netIncome": 2655058000, "netIncomeApplicableToCommonShares": 2655058000}, {"maxAge": 1, "endDate": "2019-03-31", "totalRevenue": 22958218000, "costOfRevenue": 15974978000, "grossProfit": 6983240000, "researchDevelopment": {}, "sellingGeneralAdministrative": 1212410000, "nonRecurring": {}, "otherOperatingExpenses": 351969000, "totalOperatingExpenses": 19840680000, "operatingIncome": 3117538000, "totalOtherIncomeExpenseNet": -193955000, "ebit": 3117538000, "interestExpense": -811715000, "incomeBeforeTax": 2923583000, "incomeTaxExpense": 274661000, "minorityInterest": 427660000, "netIncomeFromContinuingOps": 2648922000, "discontinuedOperations": {}, "extraordinaryItems": {}, "effectOfAccountingCharges": {}, "otherItems": {}, "netIncome": 2705112000, "netIncomeApplicableToCommonShares": 2705112000}, {"maxAge": 1, "endDate": "2018-03-31", "totalRevenue": 20715848000, "costOfRevenue": 14788687000, "grossProfit": 5927161000, "researchDevelopment": {}, "sellingGeneralAdministrative": 893916000, "nonRecurring": {}, "otherOperatingExpenses": 519463000, "totalOperatingExpenses": 18138113000, "operatingIncome": 2577735000, "totalOtherIncomeExpenseNet": -295498000, "ebit": 2577735000, "interestExpense": -759540000, "incomeBeforeTax": 2282237000, "incomeTaxExpense": -7233000, "minorityInterest": 500593000, "netIncomeFromContinuingOps": 2289470000, "discontinuedOperations": {}, "extraordinaryItems": {}, "effectOfAccountingCharges": {}, "otherItems": {}, "netIncome": 2434765000, "netIncomeApplicableToCommonShares": 2434765000}, {"maxAge": 1, "endDate": "2017-03-31", "totalRevenue": 16795883000, "costOfRevenue": 12798022000, "grossProfit": 3997861000, "researchDevelopment": {}, "sellingGeneralAdministrative": 711912000, "nonRecurring": {}, "otherOperatingExpenses": 641442000, "totalOperatingExpenses": 15307638000, "operatingIncome": 1488245000, "totalOtherIncomeExpenseNet": -430928000, "ebit": 1488245000, "interestExpense": -653513000, "incomeBeforeTax": 1057317000, "incomeTaxExpense": 69819000, "minorityInterest": 645888000, "netIncomeFromContinuingOps": 987498000, "discontinuedOperations": {}, "extraordinaryItems": {}, "effectOfAccountingCharges": {}, "otherItems": {}, "netIncome": 1148982000, "netIncomeApplicableToCommonShares": 1148982000}], "maxAge": 86400}, "fundOwnership": {"ownershipList": [{"maxAge": 1, "reportDate": "2021-01-31", "organization": "DFA Emerging Markets Core Equity Portfolio", "pctHeld": 0.0023999999, "position": 676136, "value": 124713285}, {"maxAge": 1, "reportDate": "2021-01-31", "organization": "DFA Investment Dimensions-DFA Emerging Mkts Value", "pctHeld": 0.0014, "position": 407280, "value": 75122796}, {"maxAge": 1, "reportDate": "2021-01-31", "organization": "DFA Emerging Markets Small Cap Series", "pctHeld": 0.0013, "position": 362592, "value": 66880094}, {"maxAge": 1, "reportDate": "2021-02-28", "organization": "WisdomTree Tr-WisdomTree India Earnings Fd", "pctHeld": 0.0007, "position": 208968, "value": 43172788}, {"maxAge": 1, "reportDate": "2021-03-31", "organization": "VanEck Vectors ETF Tr-India Growth Leaders ETF", "pctHeld": 0.0002, "position": 60060, "value": 12816804}, {"maxAge": 1, "reportDate": "2021-01-31", "organization": "DFA Investment Dimensions-Emerging Markets Social Core Equity", "pctHeld": 0.0002, "position": 45600, "value": 8410920}, {"maxAge": 1, "reportDate": "2021-02-28", "organization": "Avantis Emerging Markets Equity ETF", "pctHeld": 0.0001, "position": 40070, "value": 8278462}, {"maxAge": 1, "reportDate": "2021-01-31", "organization": "DFA T.A. World Ex U.S. Core Equity Portfolio", "pctHeld": 0.0001, "position": 30498, "value": 5625356}, {"maxAge": 1, "reportDate": "2021-01-31", "organization": "DFA Investment Dimensions-World Ex U.S. Core Equity Port", "pctHeld": 0.0001, "position": 29312, "value": 5406598}, {"maxAge": 1, "reportDate": "2021-01-31", "organization": "DFA Emerging Markets Sustainability Core 1 Portfolio", "pctHeld": 0.0001, "position": 25302, "value": 4666953}], "maxAge": 1}, "summaryDetail": {"maxAge": 1, "priceHint": 2, "previousClose": 199.65, "open": 200.0, "dayLow": 198.55, "dayHigh": 202.0, "regularMarketPreviousClose": 199.65, "regularMarketOpen": 200.0, "regularMarketDayLow": 198.55, "regularMarketDayHigh": 202.0, "dividendRate": 0.45, "dividendYield": 0.0022, "exDividendDate": "2020-03-19 05:30:00", "beta": 0.844221, "trailingPE": 14.522687, "forwardPE": 3.8155637, "volume": 295060, "regularMarketVolume": 295060, "averageVolume": 1049134, "averageVolume10days": 810499, "averageDailyVolume10Day": 810499, "bid": 0.0, "ask": 0.0, "bidSize": 0, "askSize": 0, "marketCap": 56289071104, "fiftyTwoWeekLow": 90.15, "fiftyTwoWeekHigh": 242.0, "priceToSalesTrailing12Months": 2.124861, "fiftyDayAverage": 209.9897, "twoHundredDayAverage": 166.74681, "trailingAnnualDividendRate": 0.0, "trailingAnnualDividendYield": 0.0, "currency": "INR", "fromCurrency": null, "lastMarket": null, "algorithm": null, "tradeable": false}, "insiderHolders": {"holders": [{"maxAge": 1, "name": "Chintapatla (Ramanaiah)", "relation": "UNREPORTED", "url": "", "transactionDescription": "Sale", "latestTransDate": "2015-06-17", "positionDirect": 2034, "positionDirectDate": "2015-06-17"}, {"maxAge": 1, "name": "ICICI Prudential Infrastructure Fund", "relation": "Institution- Corporation", "url": "", "transactionDescription": "Sale", "latestTransDate": "2021-02-01", "positionDirect": 6559280, "positionDirectDate": "2021-02-01"}, {"maxAge": 1, "name": "Jetti (Vijya Laxmi)", "relation": "Promoter", "url": "", "transactionDescription": "Sale", "latestTransDate": "2014-06-16", "positionDirect": 0, "positionDirectDate": "2014-06-16"}, {"maxAge": 1, "name": "Kamidi (Jalandhar Reddy)", "relation": "Wholetime Director", "url": "", "transactionDescription": "Sale", "latestTransDate": "2016-07-25", "positionDirect": 3925921, "positionDirectDate": "2016-07-25"}, {"maxAge": 1, "name": "Kamidi (Narasimha Reddy)", "relation": "Wholetime Director", "url": "", "transactionDescription": "Other", "latestTransDate": "2020-12-01", "positionIndirect": 46243595, "positionIndirectDate": 1606780800}, {"maxAge": 1, "name": "Kamidi (Yashoda)", "relation": "Additonal Director", "url": "", "transactionDescription": "Sale", "latestTransDate": "2017-12-19", "positionDirect": 6007505, "positionDirectDate": "2017-12-19"}, {"maxAge": 1, "name": "Mereddy (Rajesh Reddy)", "relation": "Promoter", "url": "", "transactionDescription": "Other", "latestTransDate": "2020-12-01", "positionIndirect": 5500000, "positionIndirectDate": 1606780800}, {"maxAge": 1, "name": "Mereddy (Saritha)", "relation": "Promoter", "url": "", "transactionDescription": "Sale", "latestTransDate": "2014-06-16", "positionDirect": 0, "positionDirectDate": "2014-06-16"}, {"maxAge": 1, "name": "Reddy (Krishna V)", "relation": "Promoter", "url": "", "transactionDescription": "Sale", "latestTransDate": "2015-08-26", "positionDirect": 0, "positionDirectDate": "2015-08-26"}, {"maxAge": 1, "name": "Reddy (Venu Gopal V)", "relation": "UNREPORTED", "url": "", "transactionDescription": "Sale", "latestTransDate": "2015-10-30", "positionDirect": 25553, "positionDirectDate": "2015-10-30"}], "maxAge": 1}, "calendarEvents": {"maxAge": 1, "earnings": {"earningsDate": [], "earningsAverage": 4.3, "earningsLow": 4.0, "earningsHigh": 4.6, "revenueAverage": 5292660000, "revenueLow": 4933000000, "revenueHigh": 5790000000}, "exDividendDate": "2020-03-19 05:30:00"}, "upgradeDowngradeHistory": {"history": [], "maxAge": 86400}, "price": {"maxAge": 1, "regularMarketChangePercent": 0.0020035522, "regularMarketChange": 0.40000916, "regularMarketTime": "2021-04-30 15:29:58", "priceHint": 2, "regularMarketPrice": 200.05, "regularMarketDayHigh": 202.0, "regularMarketDayLow": 198.55, "regularMarketVolume": 295060, "averageDailyVolume10Day": 810499, "averageDailyVolume3Month": 1049134, "regularMarketPreviousClose": 199.65, "regularMarketSource": "FREE_REALTIME", "regularMarketOpen": 200.0, "exchange": "NSI", "exchangeName": "NSE", "exchangeDataDelayedBy": 15, "marketState": "CLOSED", "quoteType": "EQUITY", "symbol": "KNRCON.NS", "underlyingSymbol": null, "shortName": "KNR CONSTRUCTIONS", "longName": "KNR Constructions Limited", "currency": "INR", "quoteSourceName": "Delayed Quote", "currencySymbol": "\u20b9", "fromCurrency": null, "lastMarket": null, "marketCap": 56289071104}, "balanceSheetHistory": {"balanceSheetStatements": [{"maxAge": 1, "endDate": "2020-03-31", "cash": 406555000, "shortTermInvestments": 269049000, "netReceivables": 4846958000, "inventory": 1231627000, "otherCurrentAssets": 4187161000, "totalCurrentAssets": 11003962000, "longTermInvestments": 389342000, "propertyPlantEquipment": 3937379000, "intangibleAssets": 8187848000, "otherAssets": 11514802000, "deferredLongTermAssetCharges": 1609854000, "totalAssets": 35033333000, "accountsPayable": 1742506000, "shortLongTermDebt": 481050000, "otherCurrentLiab": 7325913000, "longTermDebt": 7917172000, "otherLiab": 546452000, "minorityInterest": 332022000, "totalCurrentLiabilities": 10620275000, "totalLiab": 19094652000, "commonStock": 281235000, "retainedEarnings": 13993783000, "treasuryStock": 71710000, "capitalSurplus": 1259931000, "otherStockholderEquity": 71710000, "totalStockholderEquity": 15606659000, "netTangibleAssets": 7418811000}, {"maxAge": 1, "endDate": "2019-03-31", "cash": 99011000, "shortTermInvestments": 189624000, "netReceivables": 3459777000, "inventory": 1011855000, "otherCurrentAssets": 3972851000, "totalCurrentAssets": 8798869000, "longTermInvestments": 329718000, "propertyPlantEquipment": 3746067000, "intangibleAssets": 8807544000, "otherAssets": 5608351000, "deferredLongTermAssetCharges": 1747691000, "totalAssets": 27290549000, "accountsPayable": 1438150000, "shortLongTermDebt": 513494000, "otherCurrentLiab": 3819427000, "longTermDebt": 6899199000, "otherLiab": 434674000, "minorityInterest": 427660000, "totalCurrentLiabilities": 6420755000, "totalLiab": 13754628000, "commonStock": 281235000, "retainedEarnings": 11491295000, "treasuryStock": 75800000, "capitalSurplus": 1259931000, "otherStockholderEquity": 75800000, "totalStockholderEquity": 13108261000, "netTangibleAssets": 4300717000}, {"maxAge": 1, "endDate": "2018-03-31", "cash": 449873000, "shortTermInvestments": 175522000, "netReceivables": 4564161000, "inventory": 750461000, "otherCurrentAssets": 3903732000, "totalCurrentAssets": 9872012000, "longTermInvestments": 351141000, "propertyPlantEquipment": 3348438000, "intangibleAssets": 9426400000, "otherAssets": 3081769000, "deferredLongTermAssetCharges": 1407718000, "totalAssets": 26079760000, "accountsPayable": 1083902000, "shortLongTermDebt": 284736000, "otherCurrentLiab": 5372603000, "longTermDebt": 7419299000, "otherLiab": 397197000, "minorityInterest": 500593000, "totalCurrentLiabilities": 7285010000, "totalLiab": 15101506000, "commonStock": 281235000, "retainedEarnings": 8853992000, "treasuryStock": 82503000, "capitalSurplus": 1259931000, "otherStockholderEquity": 82503000, "totalStockholderEquity": 10477661000, "netTangibleAssets": 1051261000}, {"maxAge": 1, "endDate": "2017-03-31", "cash": 252258000, "shortTermInvestments": 454276000, "netReceivables": 3131381000, "inventory": 805396000, "otherCurrentAssets": 2505657000, "totalCurrentAssets": 7184237000, "longTermInvestments": 285570000, "propertyPlantEquipment": 2657512000, "intangibleAssets": 9894982000, "otherAssets": 2399612000, "deferredLongTermAssetCharges": 825956000, "totalAssets": 22421913000, "accountsPayable": 646134000, "shortLongTermDebt": 229825000, "otherCurrentLiab": 5063768000, "longTermDebt": 6981563000, "otherLiab": 334094000, "minorityInterest": 645888000, "totalCurrentLiabilities": 6321105000, "totalLiab": 13636762000, "commonStock": 281235000, "retainedEarnings": 6503849000, "treasuryStock": 94248000, "capitalSurplus": 1259931000, "otherStockholderEquity": 94248000, "totalStockholderEquity": 8139263000, "netTangibleAssets": -1755719000}], "maxAge": 86400}, "earningsTrend": {"trend": [{"maxAge": 1, "period": "0q", "endDate": "2018-03-31", "growth": 0.153, "earningsEstimate": {"avg": 4.3, "low": 4.0, "high": 4.6, "yearAgoEps": 3.73, "numberOfAnalysts": 2, "growth": 0.153}, "revenueEstimate": {"avg": 5292660000, "low": 4933000000, "high": 5790000000, "numberOfAnalysts": 3, "yearAgoRevenue": 4851130000, "growth": 0.091000006}, "epsTrend": {"current": 4.3, "7daysAgo": 4.0, "30daysAgo": 4.84, "60daysAgo": 4.84, "90daysAgo": 4.84}, "epsRevisions": {"upLast7days": 0, "upLast30days": 0, "downLast30days": 0, "downLast90days": {}}}, {"maxAge": 1, "period": "+1q", "endDate": "2018-06-30", "growth": -0.037, "earningsEstimate": {"avg": 4.63, "low": 4.63, "high": 4.63, "yearAgoEps": 4.81, "numberOfAnalysts": 1, "growth": -0.037}, "revenueEstimate": {"avg": 6014000000, "low": 6014000000, "high": 6014000000, "numberOfAnalysts": 1, "yearAgoRevenue": 4807480000, "growth": 0.25100002}, "epsTrend": {"current": 4.63, "7daysAgo": 4.63, "30daysAgo": 4.17, "60daysAgo": 4.17, "90daysAgo": 4.17}, "epsRevisions": {"upLast7days": 1, "upLast30days": 1, "downLast30days": 0, "downLast90days": {}}}, {"maxAge": 1, "period": "0y", "endDate": "2018-03-31", "growth": 0.354, "earningsEstimate": {"avg": 16.18, "low": 13.9, "high": 18.28, "yearAgoEps": 11.95, "numberOfAnalysts": 19, "growth": 0.354}, "revenueEstimate": {"avg": 18390100000, "low": 17722000000, "high": 18882000000, "numberOfAnalysts": 19, "yearAgoRevenue": 15325400000, "growth": 0.2}, "epsTrend": {"current": 16.18, "7daysAgo": 15.92, "30daysAgo": 14.46, "60daysAgo": 14.19, "90daysAgo": 14.18}, "epsRevisions": {"upLast7days": 3, "upLast30days": 14, "downLast30days": 0, "downLast90days": {}}}, {"maxAge": 1, "period": "+1y", "endDate": "2019-03-31", "growth": -0.078, "earningsEstimate": {"avg": 14.92, "low": 11.9, "high": 20.8, "yearAgoEps": 16.18, "numberOfAnalysts": 19, "growth": -0.078}, "revenueEstimate": {"avg": 21772300000, "low": 19967000000, "high": 24219300000, "numberOfAnalysts": 19, "yearAgoRevenue": 18390100000, "growth": 0.184}, "epsTrend": {"current": 14.92, "7daysAgo": 14.79, "30daysAgo": 14.64, "60daysAgo": 14.36, "90daysAgo": 14.36}, "epsRevisions": {"upLast7days": 2, "upLast30days": 10, "downLast30days": 1, "downLast90days": {}}}, {"maxAge": 1, "period": "+5y", "endDate": null, "growth": 0.132, "earningsEstimate": {"avg": {}, "low": {}, "high": {}, "yearAgoEps": {}, "numberOfAnalysts": {}, "growth": {}}, "revenueEstimate": {"avg": {}, "low": {}, "high": {}, "numberOfAnalysts": {}, "yearAgoRevenue": {}, "growth": {}}, "epsTrend": {"current": {}, "7daysAgo": {}, "30daysAgo": {}, "60daysAgo": {}, "90daysAgo": {}}, "epsRevisions": {"upLast7days": {}, "upLast30days": {}, "downLast30days": {}, "downLast90days": {}}}, {"maxAge": 1, "period": "-5y", "endDate": null, "growth": 0.22707, "earningsEstimate": {"avg": {}, "low": {}, "high": {}, "yearAgoEps": {}, "numberOfAnalysts": {}, "growth": {}}, "revenueEstimate": {"avg": {}, "low": {}, "high": {}, "numberOfAnalysts": {}, "yearAgoRevenue": {}, "growth": {}}, "epsTrend": {"current": {}, "7daysAgo": {}, "30daysAgo": {}, "60daysAgo": {}, "90daysAgo": {}}, "epsRevisions": {"upLast7days": {}, "upLast30days": {}, "downLast30days": {}, "downLast90days": {}}}], "maxAge": 1}, "institutionOwnership": {"ownershipList": [], "maxAge": 1}, "majorHoldersBreakdown": {"maxAge": 1, "insidersPercentHeld": 0.55035, "institutionsPercentHeld": 0.33016, "institutionsFloatPercentHeld": 0.73425, "institutionsCount": 35}, "balanceSheetHistoryQuarterly": {"balanceSheetStatements": [{"maxAge": 1, "endDate": "2020-12-31", "totalStockholderEquity": 17655530000, "netTangibleAssets": 13890633000}, {"maxAge": 1, "endDate": "2020-09-30", "cash": 572877000, "shortTermInvestments": 2663727000, "netReceivables": 1691775000, "inventory": 1174972000, "otherCurrentAssets": 6955465000, "totalCurrentAssets": 13058816000, "longTermInvestments": 9888322000, "propertyPlantEquipment": 3485545000, "intangibleAssets": 3764897000, "otherAssets": 4822393000, "deferredLongTermAssetCharges": 1470260000, "totalAssets": 35019973000, "accountsPayable": 2442619000, "otherCurrentLiab": 6158507000, "longTermDebt": 7567367000, "otherLiab": 384467000, "minorityInterest": 238648000, "totalCurrentLiabilities": 9164280000, "totalLiab": 17125795000, "commonStock": 281235000, "treasuryStock": 17374295000, "otherStockholderEquity": 17374295000, "totalStockholderEquity": 17655530000, "netTangibleAssets": 13890633000}, {"maxAge": 1, "endDate": "2020-06-30", "totalStockholderEquity": 15606659000, "netTangibleAssets": 7418811000}, {"maxAge": 1, "endDate": "2020-03-31", "cash": 406555000, "shortTermInvestments": 269049000, "netReceivables": 4846958000, "inventory": 1231627000, "otherCurrentAssets": 4187161000, "totalCurrentAssets": 11003962000, "longTermInvestments": 389342000, "propertyPlantEquipment": 3937379000, "intangibleAssets": 8187848000, "otherAssets": 11514802000, "deferredLongTermAssetCharges": 1609854000, "totalAssets": 35033333000, "accountsPayable": 1742506000, "shortLongTermDebt": 481050000, "otherCurrentLiab": 7325913000, "longTermDebt": 7917172000, "otherLiab": 546452000, "minorityInterest": 332022000, "totalCurrentLiabilities": 10620275000, "totalLiab": 19094652000, "commonStock": 281235000, "retainedEarnings": 13993783000, "treasuryStock": 71710000, "capitalSurplus": 1259931000, "otherStockholderEquity": 71710000, "totalStockholderEquity": 15606659000, "netTangibleAssets": 7418811000}], "maxAge": 86400}, "earningsHistory": {"history": [{"maxAge": 1, "epsActual": 3.73, "epsEstimate": 2.66, "epsDifference": 1.07, "surprisePercent": 0.402, "quarter": "2017-03-31", "period": "-4q"}, {"maxAge": 1, "epsActual": 4.81, "epsEstimate": 2.58, "epsDifference": 2.23, "surprisePercent": 0.864, "quarter": "2017-06-30", "period": "-3q"}, {"maxAge": 1, "epsActual": 4.2, "epsEstimate": 3.12, "epsDifference": 1.08, "surprisePercent": 0.346, "quarter": "2017-09-30", "period": "-2q"}, {"maxAge": 1, "epsActual": 4.67, "epsEstimate": 3.53, "epsDifference": 1.14, "surprisePercent": 0.32299998, "quarter": "2017-12-31", "period": "-1q"}], "maxAge": 86400}, "summaryProfile": {"address1": "KNR House", "address2": "3rd & 4th Floor Plot No: 113 & 114, Phase-1 Kavuri Hills, Jubilee Hills Road No.36", "city": "Hyderabad", "zip": "500033", "country": "India", "phone": "91 40 4026 8759", "fax": "91 40 4026 8760", "website": "http://www.knrcl.com", "industry": "Engineering & Construction", "sector": "Industrials", "longBusinessSummary": "KNR Constructions Limited, together with its subsidiaries, operates as an infrastructure development company in India. The company provides engineering, procurement, and construction services for roads and highways, irrigation, and urban water infrastructure management sectors. It undertakes various infrastructure projects, such as expressways, national highways, flyovers, bridges and viaducts, irrigation projects, urban development-civic amenities, and commercial and residential projects. The company also undertakes BOT and HAM projects. KNR Constructions Limited was founded in 1995 and is based in Hyderabad, India.", "fullTimeEmployees": 1964, "companyOfficers": [], "maxAge": 86400}, "netSharePurchaseActivity": {"maxAge": 1, "period": "6m", "buyInfoCount": 0, "buyInfoShares": 0, "sellInfoCount": 0, "netInfoCount": 0, "netInfoShares": 0, "netPercentInsiderShares": 0.0, "totalInsiderShares": 154723696}, "insiderTransactions": {"transactions": [{"maxAge": 1, "shares": 475168, "value": 2185, "filerUrl": "", "transactionText": "Sale at price 0.00 per share.", "filerName": "ICICI Prudential Infrastructure Fund", "filerRelation": "Institution- Corporation", "moneyText": "", "startDate": "2021-02-01", "ownership": "D"}, {"maxAge": 1, "shares": 0, "filerUrl": "", "transactionText": "", "filerName": "Kamidi (Narasimha Reddy)", "filerRelation": "Wholetime Director", "moneyText": "", "startDate": "2020-12-01", "ownership": "I"}, {"maxAge": 1, "shares": 0, "filerUrl": "", "transactionText": "", "filerName": "Mereddy (Rajesh Reddy)", "filerRelation": "Promoter", "moneyText": "", "startDate": "2020-12-01", "ownership": "I"}, {"maxAge": 1, "shares": 37094876, "filerUrl": "", "transactionText": "", "filerName": "Kamidi (Narasimha Reddy)", "filerRelation": "Wholetime Director", "moneyText": "", "startDate": "2020-11-21", "ownership": "D"}, {"maxAge": 1, "shares": 500000, "filerUrl": "", "transactionText": "", "filerName": "Mereddy (Rajesh Reddy)", "filerRelation": "Promoter", "moneyText": "", "startDate": "2020-11-21", "ownership": "D"}, {"maxAge": 1, "shares": 359000, "filerUrl": "", "transactionText": "", "filerName": "Mereddy (Rajesh Reddy)", "filerRelation": "Promoter", "moneyText": "", "startDate": "2020-06-18", "ownership": "D"}, {"maxAge": 1, "shares": 81000, "filerUrl": "", "transactionText": "", "filerName": "Mereddy (Rajesh Reddy)", "filerRelation": "Promoter", "moneyText": "", "startDate": "2019-02-21", "ownership": "D"}, {"maxAge": 1, "shares": 60000, "filerUrl": "", "transactionText": "", "filerName": "Mereddy (Rajesh Reddy)", "filerRelation": "Promoter", "moneyText": "", "startDate": "2019-02-18", "ownership": "D"}, {"maxAge": 1, "shares": 1600000, "filerUrl": "", "transactionText": "", "filerName": "Kamidi (Yashoda)", "filerRelation": "Additonal Director", "moneyText": "", "startDate": "2017-12-19", "ownership": "D"}, {"maxAge": 1, "shares": 5846004, "filerUrl": "", "transactionText": "", "filerName": "Kamidi (Yashoda)", "filerRelation": "Additonal Director", "moneyText": "", "startDate": "2017-11-23", "ownership": "D"}, {"maxAge": 1, "shares": 500000, "filerUrl": "", "transactionText": "", "filerName": "Mereddy (Rajesh Reddy)", "filerRelation": "Promoter", "moneyText": "", "startDate": "2017-05-04", "ownership": "D"}, {"maxAge": 1, "shares": 128736, "filerUrl": "", "transactionText": "", "filerName": "Mereddy (Rajesh Reddy)", "filerRelation": "Wholetime Director", "moneyText": "", "startDate": "2017-04-13", "ownership": "D"}, {"maxAge": 1, "shares": 171264, "filerUrl": "", "transactionText": "", "filerName": "Mereddy (Rajesh Reddy)", "filerRelation": "Wholetime Director", "moneyText": "", "startDate": "2017-04-06", "ownership": "D"}, {"maxAge": 1, "shares": 5800000, "filerUrl": "", "transactionText": "", "filerName": "Mereddy (Rajesh Reddy)", "filerRelation": "Wholetime Director", "moneyText": "", "startDate": "2017-03-28", "ownership": "D"}, {"maxAge": 1, "shares": 100000, "filerUrl": "", "transactionText": "", "filerName": "Kamidi (Jalandhar Reddy)", "filerRelation": "Wholetime Director", "moneyText": "", "startDate": "2016-07-25", "ownership": "D"}, {"maxAge": 1, "shares": 650000, "filerUrl": "", "transactionText": "", "filerName": "Kamidi (Narasimha Reddy)", "filerRelation": "Managing Director", "moneyText": "", "startDate": "2016-07-25", "ownership": "D"}, {"maxAge": 1, "shares": 2659, "filerUrl": "", "transactionText": "", "filerName": "Reddy (Venu Gopal V)", "filerRelation": "UNREPORTED", "moneyText": "", "startDate": "2015-10-30", "ownership": "D"}, {"maxAge": 1, "shares": 4528, "filerUrl": "", "transactionText": "", "filerName": "Reddy (Venu Gopal V)", "filerRelation": "UNREPORTED", "moneyText": "", "startDate": "2015-09-01", "ownership": "D"}, {"maxAge": 1, "shares": 30000, "filerUrl": "", "transactionText": "", "filerName": "Reddy (Krishna V)", "filerRelation": "Promoter", "moneyText": "", "startDate": "2015-08-26", "ownership": "D"}, {"maxAge": 1, "shares": 2016, "filerUrl": "", "transactionText": "", "filerName": "Chintapatla (Ramanaiah)", "filerRelation": "UNREPORTED", "moneyText": "", "startDate": "2015-06-17", "ownership": "D"}, {"maxAge": 1, "shares": 309100, "filerUrl": "", "transactionText": "", "filerName": "Kamidi (Jalandhar Reddy)", "filerRelation": "Wholetime Director", "moneyText": "", "startDate": "2015-04-08", "ownership": "D"}, {"maxAge": 1, "shares": 1000000, "filerUrl": "", "transactionText": "", "filerName": "Kamidi (Narasimha Reddy)", "filerRelation": "Managing Director", "moneyText": "", "startDate": "2015-04-08", "ownership": "D"}, {"maxAge": 1, "shares": 200000, "filerUrl": "", "transactionText": "", "filerName": "Kamidi (Jalandhar Reddy)", "filerRelation": "Wholetime Director", "moneyText": "", "startDate": "2014-11-27", "ownership": "D"}, {"maxAge": 1, "shares": 200000, "filerUrl": "", "transactionText": "", "filerName": "Kamidi (Yashoda)", "filerRelation": "Additonal Director", "moneyText": "", "startDate": "2014-11-27", "ownership": "D"}, {"maxAge": 1, "shares": 100000, "filerUrl": "", "transactionText": "", "filerName": "Mereddy (Rajesh Reddy)", "filerRelation": "Wholetime Director", "moneyText": "", "startDate": "2014-11-27", "ownership": "D"}, {"maxAge": 1, "shares": 1281, "filerUrl": "", "transactionText": "", "filerName": "Kamidi (Narasimha Reddy)", "filerRelation": "Managing Director", "moneyText": "", "startDate": "2014-09-23", "ownership": "D"}, {"maxAge": 1, "shares": 100000, "filerUrl": "", "transactionText": "", "filerName": "Kamidi (Narasimha Reddy)", "filerRelation": "Managing Director", "moneyText": "", "startDate": "2014-09-02", "ownership": "D"}, {"maxAge": 1, "shares": 100000, "filerUrl": "", "transactionText": "", "filerName": "Kamidi (Narasimha Reddy)", "filerRelation": "Managing Director", "moneyText": "", "startDate": "2014-09-01", "ownership": "D"}, {"maxAge": 1, "shares": 13854, "filerUrl": "", "transactionText": "", "filerName": "Mereddy (Rajesh Reddy)", "filerRelation": "Wholetime Director", "moneyText": "", "startDate": "2014-09-01", "ownership": "D"}, {"maxAge": 1, "shares": 150000, "filerUrl": "", "transactionText": "", "filerName": "Kamidi (Jalandhar Reddy)", "filerRelation": "Wholetime Director", "moneyText": "", "startDate": "2014-08-25", "ownership": "D"}, {"maxAge": 1, "shares": 200000, "filerUrl": "", "transactionText": "", "filerName": "Kamidi (Narasimha Reddy)", "filerRelation": "Managing Director", "moneyText": "", "startDate": "2014-08-25", "ownership": "D"}, {"maxAge": 1, "shares": 50000, "filerUrl": "", "transactionText": "", "filerName": "Kamidi (Yashoda)", "filerRelation": "Additonal Director", "moneyText": "", "startDate": "2014-08-25", "ownership": "D"}, {"maxAge": 1, "shares": 100030, "filerUrl": "", "transactionText": "", "filerName": "Mereddy (Rajesh Reddy)", "filerRelation": "Wholetime Director", "moneyText": "", "startDate": "2014-08-25", "ownership": "D"}, {"maxAge": 1, "shares": 86116, "filerUrl": "", "transactionText": "", "filerName": "Mereddy (Rajesh Reddy)", "filerRelation": "Wholetime Director", "moneyText": "", "startDate": "2014-07-24", "ownership": "D"}, {"maxAge": 1, "shares": 100000, "filerUrl": "", "transactionText": "", "filerName": "Kamidi (Jalandhar Reddy)", "filerRelation": "Wholetime Director", "moneyText": "", "startDate": "2014-06-26", "ownership": "D"}, {"maxAge": 1, "shares": 213066, "filerUrl": "", "transactionText": "", "filerName": "Kamidi (Jalandhar Reddy)", "filerRelation": "Wholetime Director", "moneyText": "", "startDate": "2014-06-18", "ownership": "D"}, {"maxAge": 1, "shares": 1673505, "filerUrl": "", "transactionText": "", "filerName": "Kamidi (Narasimha Reddy)", "filerRelation": "Managing Director", "moneyText": "", "startDate": "2014-06-18", "ownership": "D"}, {"maxAge": 1, "shares": 84708, "filerUrl": "", "transactionText": "", "filerName": "Kamidi (Yashoda)", "filerRelation": "Additonal Director", "moneyText": "", "startDate": "2014-06-18", "ownership": "D"}, {"maxAge": 1, "shares": 32115, "filerUrl": "", "transactionText": "", "filerName": "Mereddy (Rajesh Reddy)", "filerRelation": "Wholetime Director", "moneyText": "", "startDate": "2014-06-18", "ownership": "D"}, {"maxAge": 1, "shares": 250000, "filerUrl": "", "transactionText": "", "filerName": "Jetti (Vijya Laxmi)", "filerRelation": "Promoter", "moneyText": "", "startDate": "2014-06-16", "ownership": "D"}, {"maxAge": 1, "shares": 250000, "filerUrl": "", "transactionText": "", "filerName": "Mereddy (Saritha)", "filerRelation": "Promoter", "moneyText": "", "startDate": "2014-06-16", "ownership": "D"}, {"maxAge": 1, "shares": 250000, "filerUrl": "", "transactionText": "", "filerName": "Jetti (Vijya Laxmi)", "filerRelation": "UNREPORTED", "moneyText": "", "startDate": "2011-08-26", "ownership": "D"}, {"maxAge": 1, "shares": 500014, "filerUrl": "", "transactionText": "", "filerName": "Kamidi (Narasimha Reddy)", "filerRelation": "Managing Director", "moneyText": "", "startDate": "2011-08-26", "ownership": "D"}, {"maxAge": 1, "shares": 250000, "filerUrl": "", "transactionText": "", "filerName": "Mereddy (Saritha)", "filerRelation": "UNREPORTED", "moneyText": "", "startDate": "2011-08-26", "ownership": "D"}, {"maxAge": 1, "shares": 21500, "filerUrl": "", "transactionText": "", "filerName": "Jetti (Venkata Panindra Reddy)", "filerRelation": "Promoter", "moneyText": "", "startDate": "2011-02-28", "ownership": "D"}, {"maxAge": 1, "shares": 11700, "filerUrl": "", "transactionText": "", "filerName": "Jetti (Venkata Panindra Reddy)", "filerRelation": "Promoter", "moneyText": "", "startDate": "2011-01-28", "ownership": "D"}, {"maxAge": 1, "shares": 6600, "filerUrl": "", "transactionText": "", "filerName": "Kamidi (Jalandhar Reddy)", "filerRelation": "Wholetime Director", "moneyText": "", "startDate": "2011-01-28", "ownership": "D"}, {"maxAge": 1, "shares": 6671, "filerUrl": "", "transactionText": "", "filerName": "Kamidi (Jalandhar Reddy)", "filerRelation": "Wholetime Director", "moneyText": "", "startDate": "2011-01-27", "ownership": "D"}, {"maxAge": 1, "shares": 9600, "filerUrl": "", "transactionText": "", "filerName": "Jetti (Venkata Panindra Reddy)", "filerRelation": "Promoter", "moneyText": "", "startDate": "2011-01-25", "ownership": "D"}, {"maxAge": 1, "shares": 5120, "filerUrl": "", "transactionText": "", "filerName": "Jetti (Venkata Panindra Reddy)", "filerRelation": "Promoter", "moneyText": "", "startDate": "2011-01-20", "ownership": "D"}, {"maxAge": 1, "shares": 12125, "filerUrl": "", "transactionText": "", "filerName": "Jetti (Venkata Panindra Reddy)", "filerRelation": "Promoter", "moneyText": "", "startDate": "2011-01-18", "ownership": "D"}, {"maxAge": 1, "shares": 2546, "filerUrl": "", "transactionText": "", "filerName": "Kamidi (Jalandhar Reddy)", "filerRelation": "Wholetime Director", "moneyText": "", "startDate": "2010-12-16", "ownership": "D"}, {"maxAge": 1, "shares": 7189, "filerUrl": "", "transactionText": "", "filerName": "Kamidi (Jalandhar Reddy)", "filerRelation": "Wholetime Director", "moneyText": "", "startDate": "2010-10-29", "ownership": "D"}, {"maxAge": 1, "shares": 10285, "filerUrl": "", "transactionText": "", "filerName": "Kamidi (Narasimha Reddy)", "filerRelation": "Managing Director", "moneyText": "", "startDate": "2010-10-29", "ownership": "D"}, {"maxAge": 1, "shares": 15480, "filerUrl": "", "transactionText": "", "filerName": "Kamidi (Narasimha Reddy)", "filerRelation": "Managing Director", "moneyText": "", "startDate": "2010-10-25", "ownership": "D"}, {"maxAge": 1, "shares": 18120, "filerUrl": "", "transactionText": "", "filerName": "Kamidi (Narasimha Reddy)", "filerRelation": "Managing Director", "moneyText": "", "startDate": "2010-10-08", "ownership": "D"}, {"maxAge": 1, "shares": 8000, "filerUrl": "", "transactionText": "", "filerName": "Kamidi (Narasimha Reddy)", "filerRelation": "Managing Director", "moneyText": "", "startDate": "2010-09-09", "ownership": "D"}, {"maxAge": 1, "shares": 4600, "filerUrl": "", "transactionText": "", "filerName": "Kamidi (Narasimha Reddy)", "filerRelation": "Managing Director", "moneyText": "", "startDate": "2010-08-31", "ownership": "D"}, {"maxAge": 1, "shares": 12500, "filerUrl": "", "transactionText": "", "filerName": "Kamidi (Narasimha Reddy)", "filerRelation": "Managing Director", "moneyText": "", "startDate": "2010-08-26", "ownership": "D"}, {"maxAge": 1, "shares": 10290, "filerUrl": "", "transactionText": "", "filerName": "Kamidi (Narasimha Reddy)", "filerRelation": "Managing Director", "moneyText": "", "startDate": "2010-08-24", "ownership": "D"}, {"maxAge": 1, "shares": 10250, "filerUrl": "", "transactionText": "", "filerName": "Kamidi (Narasimha Reddy)", "filerRelation": "Managing Director", "moneyText": "", "startDate": "2010-08-18", "ownership": "D"}, {"maxAge": 1, "shares": 4250, "filerUrl": "", "transactionText": "", "filerName": "Kamidi (Narasimha Reddy)", "filerRelation": "Managing Director", "moneyText": "", "startDate": "2010-07-30", "ownership": "D"}, {"maxAge": 1, "shares": 6000, "filerUrl": "", "transactionText": "", "filerName": "Kamidi (Narasimha Reddy)", "filerRelation": "Managing Director", "moneyText": "", "startDate": "2010-07-28", "ownership": "D"}, {"maxAge": 1, "shares": 10650, "filerUrl": "", "transactionText": "", "filerName": "Jetti (Venkata Panindra Reddy)", "filerRelation": "Promoter", "moneyText": "", "startDate": "2010-05-14", "ownership": "D"}, {"maxAge": 1, "shares": 8250, "filerUrl": "", "transactionText": "", "filerName": "Kamidi (Narasimha Reddy)", "filerRelation": "Managing Director", "moneyText": "", "startDate": "2010-04-26", "ownership": "D"}, {"maxAge": 1, "shares": 7010, "filerUrl": "", "transactionText": "", "filerName": "Kamidi (Narasimha Reddy)", "filerRelation": "Managing Director", "moneyText": "", "startDate": "2010-04-22", "ownership": "D"}, {"maxAge": 1, "shares": 9370, "filerUrl": "", "transactionText": "", "filerName": "Kamidi (Narasimha Reddy)", "filerRelation": "Managing Director", "moneyText": "", "startDate": "2009-12-29", "ownership": "D"}, {"maxAge": 1, "shares": 14550, "filerUrl": "", "transactionText": "", "filerName": "Kamidi (Narasimha Reddy)", "filerRelation": "Managing Director", "moneyText": "", "startDate": "2009-11-30", "ownership": "D"}, {"maxAge": 1, "shares": 8200, "filerUrl": "", "transactionText": "", "filerName": "Rao (Rama B V)", "filerRelation": "Chairman of the Board", "moneyText": "", "startDate": "2009-11-23", "ownership": "D"}, {"maxAge": 1, "shares": 22075, "filerUrl": "", "transactionText": "", "filerName": "Kamidi (Narasimha Reddy)", "filerRelation": "Managing Director", "moneyText": "", "startDate": "2009-11-20", "ownership": "D"}, {"maxAge": 1, "shares": 8000, "filerUrl": "", "transactionText": "", "filerName": "Rao (Rama B V)", "filerRelation": "Chairman of the Board", "moneyText": "", "startDate": "2009-11-20", "ownership": "D"}, {"maxAge": 1, "shares": 21050, "filerUrl": "", "transactionText": "", "filerName": "Kamidi (Narasimha Reddy)", "filerRelation": "Managing Director", "moneyText": "", "startDate": "2009-11-19", "ownership": "D"}, {"maxAge": 1, "shares": 8711, "filerUrl": "", "transactionText": "", "filerName": "Rao (Rama B V)", "filerRelation": "Chairman of the Board", "moneyText": "", "startDate": "2009-11-18", "ownership": "D"}, {"maxAge": 1, "shares": 8775, "filerUrl": "", "transactionText": "", "filerName": "Kamidi (Narasimha Reddy)", "filerRelation": "Managing Director", "moneyText": "", "startDate": "2009-11-16", "ownership": "D"}, {"maxAge": 1, "shares": 13500, "filerUrl": "", "transactionText": "", "filerName": "Kamidi (Narasimha Reddy)", "filerRelation": "Managing Director", "moneyText": "", "startDate": "2009-11-11", "ownership": "D"}, {"maxAge": 1, "shares": 7089, "filerUrl": "", "transactionText": "", "filerName": "Rao (Rama B V)", "filerRelation": "Chairman of the Board", "moneyText": "", "startDate": "2009-11-05", "ownership": "D"}, {"maxAge": 1, "shares": 5290, "filerUrl": "", "transactionText": "", "filerName": "Kamidi (Narasimha Reddy)", "filerRelation": "Managing Director", "moneyText": "", "startDate": "2009-10-12", "ownership": "D"}, {"maxAge": 1, "shares": 9153, "filerUrl": "", "transactionText": "", "filerName": "Kamidi (Narasimha Reddy)", "filerRelation": "Managing Director", "moneyText": "", "startDate": "2009-09-30", "ownership": "D"}, {"maxAge": 1, "shares": 5048, "filerUrl": "", "transactionText": "", "filerName": "Kamidi (Narasimha Reddy)", "filerRelation": "Managing Director", "moneyText": "", "startDate": "2009-09-22", "ownership": "D"}, {"maxAge": 1, "shares": 7936, "filerUrl": "", "transactionText": "", "filerName": "Kamidi (Narasimha Reddy)", "filerRelation": "Managing Director", "moneyText": "", "startDate": "2009-09-18", "ownership": "D"}, {"maxAge": 1, "shares": 11600, "filerUrl": "", "transactionText": "", "filerName": "Kamidi (Narasimha Reddy)", "filerRelation": "Managing Director", "moneyText": "", "startDate": "2009-09-17", "ownership": "D"}, {"maxAge": 1, "shares": 9500, "filerUrl": "", "transactionText": "", "filerName": "Kamidi (Narasimha Reddy)", "filerRelation": "Managing Director", "moneyText": "", "startDate": "2009-09-15", "ownership": "D"}], "maxAge": 1}, "sectorTrend": {"maxAge": 1, "symbol": null, "estimates": []}, "incomeStatementHistoryQuarterly": {"incomeStatementHistory": [{"maxAge": 1, "endDate": "2020-12-31", "totalRevenue": 7347146000, "costOfRevenue": 4224783000, "grossProfit": 3122363000, "researchDevelopment": {}, "sellingGeneralAdministrative": 403789000, "nonRecurring": {}, "otherOperatingExpenses": 952641000, "totalOperatingExpenses": 6029395000, "operatingIncome": 1317751000, "totalOtherIncomeExpenseNet": -108456000, "ebit": 1317751000, "interestExpense": -389247000, "incomeBeforeTax": 1209295000, "incomeTaxExpense": 285327000, "minorityInterest": {}, "netIncomeFromContinuingOps": 923968000, "discontinuedOperations": {}, "extraordinaryItems": {}, "effectOfAccountingCharges": {}, "otherItems": {}, "netIncome": 975545000, "netIncomeApplicableToCommonShares": 975545000}, {"maxAge": 1, "endDate": "2020-09-30", "totalRevenue": 6558788000, "costOfRevenue": 3956877000, "grossProfit": 2601911000, "researchDevelopment": {}, "sellingGeneralAdministrative": 296531000, "nonRecurring": {}, "otherOperatingExpenses": 594287000, "totalOperatingExpenses": 5351434000, "operatingIncome": 1207354000, "totalOtherIncomeExpenseNet": 527465000, "ebit": 1207354000, "interestExpense": -392331000, "incomeBeforeTax": 1734819000, "incomeTaxExpense": 195859000, "minorityInterest": 238648000, "netIncomeFromContinuingOps": 1538960000, "discontinuedOperations": {}, "extraordinaryItems": {}, "effectOfAccountingCharges": {}, "otherItems": {}, "netIncome": 1583959000, "netIncomeApplicableToCommonShares": 1583959000}, {"maxAge": 1, "endDate": "2020-06-30", "totalRevenue": 5225259000, "costOfRevenue": 3173318000, "grossProfit": 2051941000, "researchDevelopment": {}, "sellingGeneralAdministrative": 281444000, "nonRecurring": {}, "otherOperatingExpenses": 469710000, "totalOperatingExpenses": 4410516000, "operatingIncome": 814743000, "totalOtherIncomeExpenseNet": -222902000, "ebit": 814743000, "interestExpense": -291783000, "incomeBeforeTax": 591841000, "incomeTaxExpense": 173373000, "minorityInterest": 238648000, "netIncomeFromContinuingOps": 418468000, "discontinuedOperations": {}, "extraordinaryItems": {}, "effectOfAccountingCharges": {}, "otherItems": {}, "netIncome": 466843000, "netIncomeApplicableToCommonShares": 466843000}, {"maxAge": 1, "endDate": "2020-03-31", "totalRevenue": 7359514000, "costOfRevenue": 6358462000, "grossProfit": 1001052000, "researchDevelopment": {}, "sellingGeneralAdministrative": 596547000, "nonRecurring": {}, "otherOperatingExpenses": -1533412000, "totalOperatingExpenses": 6115051000, "operatingIncome": 1244463000, "totalOtherIncomeExpenseNet": -254157000, "ebit": 1244463000, "interestExpense": -274155000, "incomeBeforeTax": 990306000, "incomeTaxExpense": 186976000, "minorityInterest": 332022000, "netIncomeFromContinuingOps": 803330000, "discontinuedOperations": {}, "extraordinaryItems": {}, "effectOfAccountingCharges": {}, "otherItems": {}, "netIncome": 848214000, "netIncomeApplicableToCommonShares": 848214000}], "maxAge": 86400}, "cashflowStatementHistoryQuarterly": {"cashflowStatements": [{"maxAge": 1, "endDate": "2020-12-31", "netIncome": 975545000, "changeToLiabilities": 0}, {"maxAge": 1, "endDate": "2020-09-30", "netIncome": 1583959000, "changeToLiabilities": 0}, {"maxAge": 1, "endDate": "2020-06-30", "netIncome": 466843000, "changeToLiabilities": 0}, {"maxAge": 1, "endDate": "2020-03-31", "netIncome": 848214000, "changeToLiabilities": 0}], "maxAge": 86400}, "earnings": {"maxAge": 86400, "earningsChart": {"quarterly": [{"date": "1Q2017", "actual": 3.73, "estimate": 2.66}, {"date": "2Q2017", "actual": 4.81, "estimate": 2.58}, {"date": "3Q2017", "actual": 4.2, "estimate": 3.12}, {"date": "4Q2017", "actual": 4.67, "estimate": 3.53}], "currentQuarterEstimate": 4.3, "currentQuarterEstimateDate": "1Q", "currentQuarterEstimateYear": 2018, "earningsDate": []}, "financialsChart": {"yearly": [{"date": 2017, "revenue": 16795883000, "earnings": 1148982000}, {"date": 2018, "revenue": 20715848000, "earnings": 2434765000}, {"date": 2019, "revenue": 22958218000, "earnings": 2705112000}, {"date": 2020, "revenue": 24574896000, "earnings": 2655058000}], "quarterly": [{"date": "1Q2020", "revenue": 7359514000, "earnings": 848214000}, {"date": "2Q2020", "revenue": 5225259000, "earnings": 466843000}, {"date": "3Q2020", "revenue": 6558788000, "earnings": 1583959000}, {"date": "4Q2020", "revenue": 7347146000, "earnings": 975545000}]}, "financialCurrency": "INR"}, "financialData": {"maxAge": 86400, "currentPrice": 200.05, "targetHighPrice": 389.0, "targetLowPrice": 228.0, "targetMeanPrice": 327.16, "targetMedianPrice": 326.0, "recommendationMean": 2.2, "recommendationKey": "buy", "numberOfAnalystOpinions": 19, "totalCash": 3236603904, "totalCashPerShare": 11.513, "ebitda": 7294260736, "totalDebt": 8140201984, "totalRevenue": 26490707968, "debtToEquity": 45.491, "revenuePerShare": 94.185, "grossProfits": 8366916000, "earningsGrowth": 0.881, "revenueGrowth": 0.217, "grossMargins": 0.33133, "ebitdaMargins": 0.27535, "operatingMargins": 0.17305, "profitMargins": 0.14626001, "financialCurrency": "INR"}}}