{"KOPRAN.NS": {"assetProfile": {"address1": "Parijat House", "address2": "1076, Dr. E Moses Road Worli", "city": "Mumbai", "zip": "400018", "country": "India", "phone": "91 22 4366 1111", "fax": "91 22 2495 0363", "website": "http://www.kopran.com", "industry": "Drug Manufacturers\u2014General", "sector": "Healthcare", "longBusinessSummary": "Kopran Limited, an integrated pharmaceutical company, manufactures and sells active pharmaceutical ingredients and finished dosage forms in India and internationally. The company offers finished dosage forms, including tablets, capsules, dry powder, suspension, and injectable in various therapeutic areas comprising cardiovascular, gastrointestinal, pain management, oncology, anti-allergic, central nervous system, erectile dysfunction, and others, as well as antibiotics, anti-diabetic, respiratory, anthelmentics, antiprotozoals, and antipeptic ulcer and gut. It also provides active pharmaceutical ingredients in the categories of anti-hypertensive, macrolide, neuromodulator, sterile cephalosporins, carbapenems, anti-acne, anti-ulcerant, anti-depressent, anti-infective, urological, and anti-thrombotic. The company was incorporated in 1958 and is headquartered in Mumbai, India.", "fullTimeEmployees": 345, "companyOfficers": [{"maxAge": 1, "name": "Mr. Surendra Shrikrishna Somani", "age": 66, "title": "Exec. Vice Chairman", "yearBorn": 1954, "exercisedValue": 0, "unexercisedValue": 0}, {"maxAge": 1, "name": "Mr. Basant Kumar Soni", "title": "Chief Financial Officer", "exercisedValue": 0, "unexercisedValue": 0}, {"maxAge": 1, "name": "Mr. Sunil  Sodhani", "title": "Company Sec. & Compliance Officer", "exercisedValue": 0, "unexercisedValue": 0}, {"maxAge": 1, "name": "Mr. Ajit  Jain", "age": 59, "title": "Chief Operating Officer", "yearBorn": 1961, "fiscalYear": 2015, "totalPay": 9382167, "exercisedValue": 0, "unexercisedValue": 0}, {"maxAge": 1, "name": "Chandra M. Singhi", "title": "Director", "exercisedValue": 0, "unexercisedValue": 0}, {"maxAge": 1, "name": "Ahren A. Rodrigues", "title": "Company Sec. of Kopran Laboratories Limited", "exercisedValue": 0, "unexercisedValue": 0}, {"maxAge": 1, "name": "Ms. Vandana  Somani", "title": "Director", "exercisedValue": 0, "unexercisedValue": 0}, {"maxAge": 1, "name": "Rakesh  Doshi", "title": "Director", "exercisedValue": 0, "unexercisedValue": 0}, {"maxAge": 1, "name": "K. B. Shetty", "title": "Chief Financial Officer of Kopran Laboratories Limited", "exercisedValue": 0, "unexercisedValue": 0}], "compensationAsOfEpochDate": "2015-12-31 05:30:00", "maxAge": 86400}, "recommendationTrend": {"trend": [{"period": "0m", "strongBuy": 0, "buy": 0, "hold": 0, "sell": 0, "strongSell": 0}, {"period": "-1m", "strongBuy": 0, "buy": 0, "hold": 0, "sell": 0, "strongSell": 0}, {"period": "-2m", "strongBuy": 0, "buy": 1, "hold": 0, "sell": 0, "strongSell": 0}, {"period": "-3m", "strongBuy": 0, "buy": 1, "hold": 0, "sell": 0, "strongSell": 0}], "maxAge": 86400}, "cashflowStatementHistory": {"cashflowStatements": [{"maxAge": 1, "endDate": "2020-03-31", "netIncome": 210202000, "depreciation": 95478000, "changeToNetincome": 121593000, "changeToAccountReceivables": -47497000, "changeToLiabilities": 30683000, "changeToInventory": -150504000, "changeToOperatingActivities": 49617000, "totalCashFromOperatingActivities": 310018000, "investments": 42424000, "otherCashflowsFromInvestingActivities": -155367000, "totalCashflowsFromInvestingActivities": -125172000, "netBorrowings": -2531000, "otherCashflowsFromFinancingActivities": -92317000, "totalCashFromFinancingActivities": -180648000, "changeInCash": 4198000}, {"maxAge": 1, "endDate": "2019-03-31", "netIncome": 240230000, "depreciation": 87205000, "changeToNetincome": 82255000, "changeToAccountReceivables": -237943000, "changeToLiabilities": -87430000, "changeToInventory": -24338000, "changeToOperatingActivities": 193807000, "totalCashFromOperatingActivities": 254128000, "capitalExpenditures": -9623000, "investments": 19024000, "otherCashflowsFromInvestingActivities": -211260000, "totalCashflowsFromInvestingActivities": -248571000, "netBorrowings": 81982000, "otherCashflowsFromFinancingActivities": -87794000, "totalCashFromFinancingActivities": -5812000, "changeInCash": -255000}, {"maxAge": 1, "endDate": "2018-03-31", "netIncome": 204863000, "depreciation": 84896000, "changeToNetincome": 43156000, "changeToAccountReceivables": 85721000, "changeToLiabilities": 138090000, "changeToInventory": -104481000, "changeToOperatingActivities": -194911000, "totalCashFromOperatingActivities": 257707000, "capitalExpenditures": -106502000, "investments": -7192000, "otherCashflowsFromInvestingActivities": 14878000, "totalCashflowsFromInvestingActivities": -109623000, "netBorrowings": -65006000, "otherCashflowsFromFinancingActivities": -85171000, "totalCashFromFinancingActivities": -150177000, "effectOfExchangeRate": -126000, "changeInCash": -2219000}, {"maxAge": 1, "endDate": "2017-03-31", "netIncome": 199117000, "depreciation": 83211000, "changeToNetincome": 207611000, "changeToAccountReceivables": -202566000, "changeToLiabilities": -110605000, "changeToInventory": -17241000, "changeToOperatingActivities": -928000, "totalCashFromOperatingActivities": 158694000, "capitalExpenditures": -145091000, "investments": 2603000, "otherCashflowsFromInvestingActivities": -21041000, "totalCashflowsFromInvestingActivities": -179615000, "netBorrowings": 156229000, "otherCashflowsFromFinancingActivities": -136492000, "totalCashFromFinancingActivities": 19737000, "effectOfExchangeRate": -126000, "changeInCash": -1184000}], "maxAge": 86400}, "indexTrend": {"maxAge": 1, "symbol": "SP5", "peRatio": 19.7411, "pegRatio": 1.34172, "estimates": [{"period": "0q", "growth": 0.549}, {"period": "+1q", "growth": 0.431}, {"period": "0y", "growth": 0.305}, {"period": "+1y", "growth": 0.109}, {"period": "+5y", "growth": 0.120865}, {"period": "-5y"}]}, "defaultKeyStatistics": {"maxAge": 1, "priceHint": 2, "enterpriseValue": 8045071360, "profitMargins": 0.11694, "floatShares": 24332601, "sharesOutstanding": 43250600, "heldPercentInsiders": 0.43778, "heldPercentInstitutions": 0.0, "beta": 0.989036, "category": null, "bookValue": 50.907, "priceToBook": 3.32469, "fundFamily": null, "legalType": null, "lastFiscalYearEnd": "2020-03-31 05:30:00", "nextFiscalYearEnd": "2022-03-31 05:30:00", "mostRecentQuarter": "2020-12-31 05:30:00", "earningsQuarterlyGrowth": 1.488, "netIncomeToCommon": 513721984, "trailingEps": 11.876, "forwardEps": 5.67, "lastSplitFactor": null, "enterpriseToRevenue": 1.831, "enterpriseToEbitda": 10.081}, "industryTrend": {"maxAge": 1, "symbol": null, "estimates": []}, "quoteType": {"exchange": "NSI", "quoteType": "EQUITY", "symbol": "KOPRAN.NS", "underlyingSymbol": "KOPRAN.NS", "shortName": "KOPRAN LTD", "longName": "Kopran Limited", "firstTradeDateEpochUtc": "2002-07-01 09:15:00", "timeZoneFullName": "Asia/Kolkata", "timeZoneShortName": "IST", "uuid": "c8940bf1-934f-3143-96fc-6fcc282a661a", "gmtOffSetMilliseconds": 19800000, "maxAge": 1}, "incomeStatementHistory": {"incomeStatementHistory": [{"maxAge": 1, "endDate": "2020-03-31", "totalRevenue": 3594994000, "costOfRevenue": 2126563000, "grossProfit": 1468431000, "researchDevelopment": {}, "sellingGeneralAdministrative": 393979000, "nonRecurring": {}, "otherOperatingExpenses": 598266000, "totalOperatingExpenses": 3214577000, "operatingIncome": 380417000, "totalOtherIncomeExpenseNet": -97601000, "ebit": 380417000, "interestExpense": -69561000, "incomeBeforeTax": 282816000, "incomeTaxExpense": 72614000, "minorityInterest": {}, "netIncomeFromContinuingOps": 210202000, "discontinuedOperations": {}, "extraordinaryItems": {}, "effectOfAccountingCharges": {}, "otherItems": {}, "netIncome": 210202000, "netIncomeApplicableToCommonShares": 210202000}, {"maxAge": 1, "endDate": "2019-03-31", "totalRevenue": 3579010000, "costOfRevenue": 2109355000, "grossProfit": 1469655000, "researchDevelopment": {}, "sellingGeneralAdministrative": 396538000, "nonRecurring": {}, "otherOperatingExpenses": 609038000, "totalOperatingExpenses": 3202323000, "operatingIncome": 376687000, "totalOtherIncomeExpenseNet": -60062000, "ebit": 376687000, "interestExpense": -65554000, "incomeBeforeTax": 316625000, "incomeTaxExpense": 76395000, "minorityInterest": {}, "netIncomeFromContinuingOps": 240230000, "discontinuedOperations": {}, "extraordinaryItems": {}, "effectOfAccountingCharges": {}, "otherItems": {}, "netIncome": 240230000, "netIncomeApplicableToCommonShares": 240230000}, {"maxAge": 1, "endDate": "2018-03-31", "totalRevenue": 3133198000, "costOfRevenue": 1891659000, "grossProfit": 1241539000, "researchDevelopment": {}, "sellingGeneralAdministrative": 346513000, "nonRecurring": {}, "otherOperatingExpenses": 589309000, "totalOperatingExpenses": 2912610000, "operatingIncome": 220588000, "totalOtherIncomeExpenseNet": 8265000, "ebit": 220588000, "interestExpense": -53345000, "incomeBeforeTax": 228853000, "incomeTaxExpense": 23990000, "minorityInterest": {}, "netIncomeFromContinuingOps": 204863000, "discontinuedOperations": {}, "extraordinaryItems": {}, "effectOfAccountingCharges": {}, "otherItems": {}, "netIncome": 204863000, "netIncomeApplicableToCommonShares": 204863000}, {"maxAge": 1, "endDate": "2017-03-31", "totalRevenue": 3188166000, "costOfRevenue": 1839176000, "grossProfit": 1348990000, "researchDevelopment": {}, "sellingGeneralAdministrative": 337795000, "nonRecurring": {}, "otherOperatingExpenses": 649940000, "totalOperatingExpenses": 2910165000, "operatingIncome": 278001000, "totalOtherIncomeExpenseNet": -30401000, "ebit": 278001000, "interestExpense": -87885000, "incomeBeforeTax": 247600000, "incomeTaxExpense": 48483000, "minorityInterest": {}, "netIncomeFromContinuingOps": 199117000, "discontinuedOperations": {}, "extraordinaryItems": {}, "effectOfAccountingCharges": {}, "otherItems": {}, "netIncome": 199117000, "netIncomeApplicableToCommonShares": 199117000}], "maxAge": 86400}, "fundOwnership": {"ownershipList": [], "maxAge": 1}, "summaryDetail": {"maxAge": 1, "priceHint": 2, "previousClose": 172.45, "open": 170.9, "dayLow": 167.1, "dayHigh": 178.5, "regularMarketPreviousClose": 172.45, "regularMarketOpen": 170.9, "regularMarketDayLow": 167.1, "regularMarketDayHigh": 178.5, "dividendRate": 1.5, "dividendYield": 0.0083, "exDividendDate": "2020-11-05 05:30:00", "payoutRatio": 0.1263, "beta": 0.989036, "trailingPE": 14.2514305, "forwardPE": 29.850088, "volume": 934135, "regularMarketVolume": 934135, "averageVolume": 337935, "averageVolume10days": 344275, "averageDailyVolume10Day": 344275, "bid": 0.0, "ask": 0.0, "bidSize": 0, "askSize": 0, "marketCap": 7337139712, "fiftyTwoWeekLow": 22.65, "fiftyTwoWeekHigh": 178.5, "priceToSalesTrailing12Months": 1.6701474, "fiftyDayAverage": 113.43823, "twoHundredDayAverage": 118.28262, "currency": "INR", "fromCurrency": null, "lastMarket": null, "algorithm": null, "tradeable": false}, "insiderHolders": {"holders": [{"maxAge": 1, "name": "Oricon Properties Pvt Ltd", "relation": "Promoter", "url": "", "transactionDescription": "Other", "latestTransDate": "2017-11-15", "positionDirect": 6017183, "positionDirectDate": "2017-11-15"}, {"maxAge": 1, "name": "Parijat Shipping & Finale Ltd.", "relation": "Institution- Corporation", "url": "", "transactionDescription": "Acquisition", "latestTransDate": "2011-02-18", "positionDirect": 685409, "positionDirectDate": "2011-02-18"}, {"maxAge": 1, "name": "S V Trading & Agencies Ltd", "relation": "Promoter", "url": "", "transactionDescription": "Sale", "latestTransDate": "2013-04-05", "positionDirect": 0, "positionDirectDate": "2013-04-05"}, {"maxAge": 1, "name": "Sarvamangal Mercantile Co Ltd", "relation": "Promoter", "url": "", "transactionDescription": "Acquisition", "latestTransDate": "2013-04-05", "positionDirect": 2902951, "positionDirectDate": "2013-04-05"}], "maxAge": 1}, "calendarEvents": {"maxAge": 1, "earnings": {"earningsDate": []}, "exDividendDate": "2020-11-05 05:30:00"}, "upgradeDowngradeHistory": {"history": [], "maxAge": 86400}, "price": {"maxAge": 1, "regularMarketChangePercent": -0.018556086, "regularMarketChange": -3.199997, "regularMarketTime": "2021-04-30 15:30:00", "priceHint": 2, "regularMarketPrice": 169.25, "regularMarketDayHigh": 178.5, "regularMarketDayLow": 167.1, "regularMarketVolume": 934135, "averageDailyVolume10Day": 344275, "averageDailyVolume3Month": 337935, "regularMarketPreviousClose": 172.45, "regularMarketSource": "FREE_REALTIME", "regularMarketOpen": 170.9, "exchange": "NSI", "exchangeName": "NSE", "exchangeDataDelayedBy": 15, "marketState": "CLOSED", "quoteType": "EQUITY", "symbol": "KOPRAN.NS", "underlyingSymbol": null, "shortName": "KOPRAN LTD", "longName": "Kopran Limited", "currency": "INR", "quoteSourceName": "Delayed Quote", "currencySymbol": "\u20b9", "fromCurrency": null, "lastMarket": null, "marketCap": 7337139712}, "balanceSheetHistory": {"balanceSheetStatements": [{"maxAge": 1, "endDate": "2020-03-31", "cash": 8345000, "netReceivables": 941235000, "inventory": 884966000, "otherCurrentAssets": 377436000, "totalCurrentAssets": 2226022000, "longTermInvestments": 190000, "propertyPlantEquipment": 1328394000, "goodWill": 58000, "intangibleAssets": 84802000, "otherAssets": 75012000, "deferredLongTermAssetCharges": 12356000, "totalAssets": 3714478000, "accountsPayable": 547431000, "shortLongTermDebt": 102131000, "otherCurrentLiab": 174774000, "longTermDebt": 318277000, "otherLiab": 98866000, "deferredLongTermLiab": 662000, "totalCurrentLiabilities": 1400534000, "totalLiab": 1817677000, "commonStock": 432489000, "retainedEarnings": 74553000, "treasuryStock": 167064000, "capitalSurplus": 1222695000, "otherStockholderEquity": 167064000, "totalStockholderEquity": 1896801000, "netTangibleAssets": 1811941000}, {"maxAge": 1, "endDate": "2019-03-31", "cash": 4147000, "netReceivables": 911117000, "inventory": 734462000, "otherCurrentAssets": 415475000, "totalCurrentAssets": 2075670000, "longTermInvestments": 190000, "propertyPlantEquipment": 1295273000, "goodWill": 58000, "intangibleAssets": 72871000, "otherAssets": 79069000, "deferredLongTermAssetCharges": 29525000, "totalAssets": 3523131000, "accountsPayable": 511590000, "shortLongTermDebt": 103683000, "otherCurrentLiab": 171978000, "longTermDebt": 411190000, "otherLiab": 80054000, "deferredLongTermLiab": 953000, "totalCurrentLiabilities": 1347130000, "totalLiab": 1838374000, "commonStock": 432489000, "retainedEarnings": -135649000, "treasuryStock": 165222000, "capitalSurplus": 1222695000, "otherStockholderEquity": 165222000, "totalStockholderEquity": 1684757000, "netTangibleAssets": 1611828000}, {"maxAge": 1, "endDate": "2018-03-31", "cash": 4402000, "netReceivables": 702578000, "inventory": 710124000, "otherCurrentAssets": 505994000, "totalCurrentAssets": 1934954000, "longTermInvestments": 451000, "propertyPlantEquipment": 1117015000, "goodWill": 58000, "intangibleAssets": 25624000, "otherAssets": 76407000, "deferredLongTermAssetCharges": 37604000, "totalAssets": 3154509000, "accountsPayable": 606692000, "shortLongTermDebt": 67987000, "otherCurrentLiab": 52613000, "longTermDebt": 299210000, "otherLiab": 52883000, "deferredLongTermLiab": 996000, "totalCurrentLiabilities": 1355333000, "totalLiab": 1707426000, "commonStock": 432489000, "retainedEarnings": -375153000, "treasuryStock": 167052000, "capitalSurplus": 1222695000, "otherStockholderEquity": 167052000, "totalStockholderEquity": 1447083000, "netTangibleAssets": 1421401000}, {"maxAge": 1, "endDate": "2017-03-31", "cash": 6621000, "netReceivables": 785622000, "inventory": 605643000, "otherCurrentAssets": 388440000, "totalCurrentAssets": 1797166000, "longTermInvestments": 448000, "propertyPlantEquipment": 1091501000, "goodWill": 58000, "intangibleAssets": 14817000, "otherAssets": 78571000, "deferredLongTermAssetCharges": 49216000, "totalAssets": 2982561000, "accountsPayable": 471348000, "shortLongTermDebt": 66616000, "otherCurrentLiab": 163956000, "longTermDebt": 324990000, "otherLiab": 45943000, "deferredLongTermLiab": 1229000, "totalCurrentLiabilities": 1364892000, "totalLiab": 1735825000, "commonStock": 432489000, "retainedEarnings": -575017000, "treasuryStock": 166569000, "capitalSurplus": 1222695000, "otherStockholderEquity": 166569000, "totalStockholderEquity": 1246736000, "netTangibleAssets": 1231861000}], "maxAge": 86400}, "earningsTrend": {"trend": [{"maxAge": 1, "period": "0q", "endDate": null, "growth": {}, "earningsEstimate": {"avg": 0.0, "low": 0.0, "high": 0.0, "yearAgoEps": {}, "numberOfAnalysts": 0, "growth": {}}, "revenueEstimate": {"avg": 0, "low": 0, "high": 0, "numberOfAnalysts": 0, "yearAgoRevenue": {}, "growth": {}}, "epsTrend": {"current": 0.0, "7daysAgo": 0.0, "30daysAgo": 0.0, "60daysAgo": 0.0, "90daysAgo": 0.0}, "epsRevisions": {"upLast7days": 0, "upLast30days": 0, "downLast30days": 0, "downLast90days": {}}}, {"maxAge": 1, "period": "+1q", "endDate": null, "growth": {}, "earningsEstimate": {"avg": 0.0, "low": 0.0, "high": 0.0, "yearAgoEps": {}, "numberOfAnalysts": 0, "growth": {}}, "revenueEstimate": {"avg": 0, "low": 0, "high": 0, "numberOfAnalysts": 0, "yearAgoRevenue": {}, "growth": {}}, "epsTrend": {"current": 0.0, "7daysAgo": 0.0, "30daysAgo": 0.0, "60daysAgo": 0.0, "90daysAgo": 0.0}, "epsRevisions": {"upLast7days": 0, "upLast30days": 0, "downLast30days": 0, "downLast90days": {}}}, {"maxAge": 1, "period": "0y", "endDate": null, "growth": {}, "earningsEstimate": {"avg": 0.0, "low": 0.0, "high": 0.0, "yearAgoEps": {}, "numberOfAnalysts": 0, "growth": {}}, "revenueEstimate": {"avg": 0, "low": 0, "high": 0, "numberOfAnalysts": 0, "yearAgoRevenue": {}, "growth": {}}, "epsTrend": {"current": 0.0, "7daysAgo": 0.0, "30daysAgo": 0.0, "60daysAgo": 0.0, "90daysAgo": 0.0}, "epsRevisions": {"upLast7days": 0, "upLast30days": 0, "downLast30days": 0, "downLast90days": {}}}, {"maxAge": 1, "period": "+1y", "endDate": null, "growth": {}, "earningsEstimate": {"avg": 0.0, "low": 0.0, "high": 0.0, "yearAgoEps": {}, "numberOfAnalysts": 0, "growth": {}}, "revenueEstimate": {"avg": 0, "low": 0, "high": 0, "numberOfAnalysts": 0, "yearAgoRevenue": {}, "growth": {}}, "epsTrend": {"current": 0.0, "7daysAgo": 0.0, "30daysAgo": 0.0, "60daysAgo": 0.0, "90daysAgo": 0.0}, "epsRevisions": {"upLast7days": 0, "upLast30days": 0, "downLast30days": 0, "downLast90days": {}}}, {"maxAge": 1, "period": "+5y", "endDate": null, "growth": {}, "earningsEstimate": {"avg": {}, "low": {}, "high": {}, "yearAgoEps": {}, "numberOfAnalysts": {}, "growth": {}}, "revenueEstimate": {"avg": {}, "low": {}, "high": {}, "numberOfAnalysts": {}, "yearAgoRevenue": {}, "growth": {}}, "epsTrend": {"current": {}, "7daysAgo": {}, "30daysAgo": {}, "60daysAgo": {}, "90daysAgo": {}}, "epsRevisions": {"upLast7days": {}, "upLast30days": {}, "downLast30days": {}, "downLast90days": {}}}, {"maxAge": 1, "period": "-5y", "endDate": null, "growth": 0.10343, "earningsEstimate": {"avg": {}, "low": {}, "high": {}, "yearAgoEps": {}, "numberOfAnalysts": {}, "growth": {}}, "revenueEstimate": {"avg": {}, "low": {}, "high": {}, "numberOfAnalysts": {}, "yearAgoRevenue": {}, "growth": {}}, "epsTrend": {"current": {}, "7daysAgo": {}, "30daysAgo": {}, "60daysAgo": {}, "90daysAgo": {}}, "epsRevisions": {"upLast7days": {}, "upLast30days": {}, "downLast30days": {}, "downLast90days": {}}}], "maxAge": 1}, "institutionOwnership": {"ownershipList": [], "maxAge": 1}, "majorHoldersBreakdown": {"maxAge": 1, "insidersPercentHeld": 0.43778, "institutionsPercentHeld": 0.0, "institutionsFloatPercentHeld": 0.0, "institutionsCount": 0}, "balanceSheetHistoryQuarterly": {"balanceSheetStatements": [{"maxAge": 1, "endDate": "2020-12-31", "totalStockholderEquity": 2204721000, "netTangibleAssets": 2119604000}, {"maxAge": 1, "endDate": "2020-09-30", "cash": 47363000, "netReceivables": 1098778000, "inventory": 933123000, "otherCurrentAssets": 378155000, "totalCurrentAssets": 2457419000, "longTermInvestments": 35947000, "propertyPlantEquipment": 1316171000, "goodWill": 58000, "intangibleAssets": 85059000, "otherAssets": 39708000, "totalAssets": 3934362000, "accountsPayable": 647325000, "otherCurrentLiab": 331706000, "longTermDebt": 213707000, "otherLiab": 114223000, "totalCurrentLiabilities": 1401711000, "totalLiab": 1729641000, "commonStock": 432489000, "treasuryStock": 1772232000, "otherStockholderEquity": 1772232000, "totalStockholderEquity": 2204721000, "netTangibleAssets": 2119604000}, {"maxAge": 1, "endDate": "2020-06-30", "totalStockholderEquity": 1896801000, "netTangibleAssets": 1811279000}, {"maxAge": 1, "endDate": "2020-03-31", "cash": 8345000, "netReceivables": 941235000, "inventory": 884966000, "otherCurrentAssets": 377436000, "totalCurrentAssets": 2226022000, "longTermInvestments": 190000, "propertyPlantEquipment": 1328394000, "goodWill": 58000, "intangibleAssets": 84802000, "otherAssets": 75012000, "deferredLongTermAssetCharges": 12356000, "totalAssets": 3714478000, "accountsPayable": 547431000, "shortLongTermDebt": 102131000, "otherCurrentLiab": 174774000, "longTermDebt": 318277000, "otherLiab": 98866000, "deferredLongTermLiab": 662000, "totalCurrentLiabilities": 1400534000, "totalLiab": 1817677000, "commonStock": 432489000, "retainedEarnings": 74553000, "treasuryStock": 167064000, "capitalSurplus": 1222695000, "otherStockholderEquity": 167064000, "totalStockholderEquity": 1896801000, "netTangibleAssets": 1811941000}], "maxAge": 86400}, "earningsHistory": {"history": [{"maxAge": 1, "epsActual": {}, "epsEstimate": {}, "epsDifference": {}, "surprisePercent": {}, "quarter": {}, "period": "-4q"}, {"maxAge": 1, "epsActual": {}, "epsEstimate": {}, "epsDifference": {}, "surprisePercent": {}, "quarter": {}, "period": "-3q"}, {"maxAge": 1, "epsActual": {}, "epsEstimate": {}, "epsDifference": {}, "surprisePercent": {}, "quarter": {}, "period": "-2q"}, {"maxAge": 1, "epsActual": {}, "epsEstimate": {}, "epsDifference": {}, "surprisePercent": {}, "quarter": {}, "period": "-1q"}], "maxAge": 86400}, "summaryProfile": {"address1": "Parijat House", "address2": "1076, Dr. E Moses Road Worli", "city": "Mumbai", "zip": "400018", "country": "India", "phone": "91 22 4366 1111", "fax": "91 22 2495 0363", "website": "http://www.kopran.com", "industry": "Drug Manufacturers\u2014General", "sector": "Healthcare", "longBusinessSummary": "Kopran Limited, an integrated pharmaceutical company, manufactures and sells active pharmaceutical ingredients and finished dosage forms in India and internationally. The company offers finished dosage forms, including tablets, capsules, dry powder, suspension, and injectable in various therapeutic areas comprising cardiovascular, gastrointestinal, pain management, oncology, anti-allergic, central nervous system, erectile dysfunction, and others, as well as antibiotics, anti-diabetic, respiratory, anthelmentics, antiprotozoals, and antipeptic ulcer and gut. It also provides active pharmaceutical ingredients in the categories of anti-hypertensive, macrolide, neuromodulator, sterile cephalosporins, carbapenems, anti-acne, anti-ulcerant, anti-depressent, anti-infective, urological, and anti-thrombotic. The company was incorporated in 1958 and is headquartered in Mumbai, India.", "fullTimeEmployees": 345, "companyOfficers": [], "maxAge": 86400}, "netSharePurchaseActivity": {"maxAge": 1, "period": "6m", "buyInfoCount": 0, "buyInfoShares": 0, "sellInfoCount": 0, "netInfoCount": 0, "netInfoShares": 0, "netPercentInsiderShares": 0.0, "totalInsiderShares": 18946226}, "insiderTransactions": {"transactions": [{"maxAge": 1, "shares": 55425, "filerUrl": "", "transactionText": "", "filerName": "Oricon Properties Pvt Ltd", "filerRelation": "Promoter", "moneyText": "", "startDate": "2017-11-15", "ownership": "D"}, {"maxAge": 1, "shares": 2150000, "filerUrl": "", "transactionText": "", "filerName": "Oricon Properties Pvt Ltd", "filerRelation": "Promoter", "moneyText": "", "startDate": "2016-05-03", "ownership": "D"}, {"maxAge": 1, "shares": 2049970, "filerUrl": "", "transactionText": "", "filerName": "Oricon Properties Pvt Ltd", "filerRelation": "Promoter", "moneyText": "", "startDate": "2014-11-28", "ownership": "D"}, {"maxAge": 1, "shares": 106600, "filerUrl": "", "transactionText": "", "filerName": "Oricon Properties Pvt Ltd", "filerRelation": "Promoter", "moneyText": "", "startDate": "2013-07-30", "ownership": "D"}, {"maxAge": 1, "shares": 96505, "filerUrl": "", "transactionText": "", "filerName": "Oricon Properties Pvt Ltd", "filerRelation": "Promoter", "moneyText": "", "startDate": "2013-07-23", "ownership": "D"}, {"maxAge": 1, "shares": 0, "filerUrl": "", "transactionText": "", "filerName": "Oricon Properties Pvt Ltd", "filerRelation": "Promoter", "moneyText": "", "startDate": "2013-05-02", "ownership": "I"}, {"maxAge": 1, "shares": 114850, "filerUrl": "", "transactionText": "", "filerName": "Oricon Properties Pvt Ltd", "filerRelation": "Promoter", "moneyText": "", "startDate": "2013-04-30", "ownership": "D"}, {"maxAge": 1, "shares": 99908, "filerUrl": "", "transactionText": "", "filerName": "Oricon Properties Pvt Ltd", "filerRelation": "Promoter", "moneyText": "", "startDate": "2013-04-29", "ownership": "D"}, {"maxAge": 1, "shares": 109050, "filerUrl": "", "transactionText": "", "filerName": "Oricon Properties Pvt Ltd", "filerRelation": "Promoter", "moneyText": "", "startDate": "2013-04-25", "ownership": "D"}, {"maxAge": 1, "shares": 207434, "filerUrl": "", "transactionText": "", "filerName": "Oricon Properties Pvt Ltd", "filerRelation": "Promoter", "moneyText": "", "startDate": "2013-04-23", "ownership": "D"}, {"maxAge": 1, "shares": 223381, "filerUrl": "", "transactionText": "", "filerName": "Oricon Properties Pvt Ltd", "filerRelation": "Promoter", "moneyText": "", "startDate": "2013-04-22", "ownership": "D"}, {"maxAge": 1, "shares": 201598, "filerUrl": "", "transactionText": "", "filerName": "Oricon Properties Pvt Ltd", "filerRelation": "Promoter", "moneyText": "", "startDate": "2013-04-18", "ownership": "D"}, {"maxAge": 1, "shares": 228282, "filerUrl": "", "transactionText": "", "filerName": "Oricon Properties Pvt Ltd", "filerRelation": "Promoter", "moneyText": "", "startDate": "2013-04-17", "ownership": "D"}, {"maxAge": 1, "shares": 734995, "filerUrl": "", "transactionText": "", "filerName": "S V Trading & Agencies Ltd", "filerRelation": "Promoter", "moneyText": "", "startDate": "2013-04-05", "ownership": "D"}, {"maxAge": 1, "shares": 734995, "filerUrl": "", "transactionText": "", "filerName": "Sarvamangal Mercantile Co Ltd", "filerRelation": "Promoter", "moneyText": "", "startDate": "2013-04-05", "ownership": "D"}, {"maxAge": 1, "shares": 685409, "filerUrl": "", "transactionText": "", "filerName": "Parijat Shipping & Finale Ltd.", "filerRelation": "Institution- Corporation", "moneyText": "", "startDate": "2011-02-18", "ownership": "D"}], "maxAge": 1}, "sectorTrend": {"maxAge": 1, "symbol": null, "estimates": []}, "incomeStatementHistoryQuarterly": {"incomeStatementHistory": [{"maxAge": 1, "endDate": "2020-12-31", "totalRevenue": 1120557000, "costOfRevenue": 640641000, "grossProfit": 479916000, "researchDevelopment": {}, "sellingGeneralAdministrative": 95707000, "nonRecurring": {}, "otherOperatingExpenses": 172994000, "totalOperatingExpenses": 934244000, "operatingIncome": 186313000, "totalOtherIncomeExpenseNet": 25064000, "ebit": 186313000, "interestExpense": -17420000, "incomeBeforeTax": 211377000, "incomeTaxExpense": 54278000, "minorityInterest": {}, "netIncomeFromContinuingOps": 157099000, "discontinuedOperations": {}, "extraordinaryItems": {}, "effectOfAccountingCharges": {}, "otherItems": {}, "netIncome": 157099000, "netIncomeApplicableToCommonShares": 157099000}, {"maxAge": 1, "endDate": "2020-09-30", "totalRevenue": 1189941000, "costOfRevenue": 700621000, "grossProfit": 489320000, "researchDevelopment": {}, "sellingGeneralAdministrative": 91581000, "nonRecurring": {}, "otherOperatingExpenses": 185792000, "totalOperatingExpenses": 1004069000, "operatingIncome": 185872000, "totalOtherIncomeExpenseNet": 41334000, "ebit": 185872000, "interestExpense": -14169000, "incomeBeforeTax": 227206000, "incomeTaxExpense": 60901000, "minorityInterest": {}, "netIncomeFromContinuingOps": 166305000, "discontinuedOperations": {}, "extraordinaryItems": {}, "effectOfAccountingCharges": {}, "otherItems": {}, "netIncome": 166305000, "netIncomeApplicableToCommonShares": 166305000}, {"maxAge": 1, "endDate": "2020-06-30", "totalRevenue": 1208822000, "costOfRevenue": 741149000, "grossProfit": 467673000, "researchDevelopment": {}, "sellingGeneralAdministrative": 91323000, "nonRecurring": {}, "otherOperatingExpenses": 175204000, "totalOperatingExpenses": 1033048000, "operatingIncome": 175774000, "totalOtherIncomeExpenseNet": 16589000, "ebit": 175774000, "interestExpense": -18610000, "incomeBeforeTax": 192363000, "incomeTaxExpense": 50050000, "minorityInterest": {}, "netIncomeFromContinuingOps": 142313000, "discontinuedOperations": {}, "extraordinaryItems": {}, "effectOfAccountingCharges": {}, "otherItems": {}, "netIncome": 142313000, "netIncomeApplicableToCommonShares": 142313000}, {"maxAge": 1, "endDate": "2020-03-31", "totalRevenue": 873790000, "costOfRevenue": 455905000, "grossProfit": 417885000, "researchDevelopment": {}, "sellingGeneralAdministrative": 113239000, "nonRecurring": {}, "otherOperatingExpenses": 132265000, "totalOperatingExpenses": 725376000, "operatingIncome": 148414000, "totalOtherIncomeExpenseNet": -83861000, "ebit": 148414000, "interestExpense": -2727000, "incomeBeforeTax": 64553000, "incomeTaxExpense": 16453000, "minorityInterest": {}, "netIncomeFromContinuingOps": 48100000, "discontinuedOperations": {}, "extraordinaryItems": {}, "effectOfAccountingCharges": {}, "otherItems": {}, "netIncome": 48100000, "netIncomeApplicableToCommonShares": 48100000}], "maxAge": 86400}, "cashflowStatementHistoryQuarterly": {"cashflowStatements": [{"maxAge": 1, "endDate": "2020-12-31", "netIncome": 157099000, "changeToLiabilities": 0}, {"maxAge": 1, "endDate": "2020-09-30", "netIncome": 166305000, "changeToLiabilities": 0}, {"maxAge": 1, "endDate": "2020-06-30", "netIncome": 142313000, "changeToLiabilities": 0}, {"maxAge": 1, "endDate": "2020-03-31", "netIncome": 48100000, "changeToLiabilities": 0}], "maxAge": 86400}, "earnings": {"maxAge": 86400, "earningsChart": {"quarterly": [], "earningsDate": []}, "financialsChart": {"yearly": [{"date": 2017, "revenue": 3188166000, "earnings": 199117000}, {"date": 2018, "revenue": 3133198000, "earnings": 204863000}, {"date": 2019, "revenue": 3579010000, "earnings": 240230000}, {"date": 2020, "revenue": 3594994000, "earnings": 210202000}], "quarterly": [{"date": "1Q2020", "revenue": 873790000, "earnings": 48100000}, {"date": "2Q2020", "revenue": 1208822000, "earnings": 142313000}, {"date": "3Q2020", "revenue": 1189941000, "earnings": 166305000}, {"date": "4Q2020", "revenue": 1120557000, "earnings": 157099000}]}, "financialCurrency": "INR"}, "financialData": {"maxAge": 86400, "currentPrice": 169.25, "targetHighPrice": 74.0, "targetLowPrice": 74.0, "targetMeanPrice": 74.0, "targetMedianPrice": 74.0, "recommendationMean": 2.0, "recommendationKey": "buy", "numberOfAnalystOpinions": 1, "totalCash": 47363000, "totalCashPerShare": 1.094, "ebitda": 798054720, "totalDebt": 629150016, "totalRevenue": 4393108992, "debtToEquity": 28.536, "revenuePerShare": 101.557, "grossProfits": 1468431000, "earningsGrowth": 1.486, "revenueGrowth": 0.118, "grossMargins": 0.42221, "ebitdaMargins": 0.18166, "operatingMargins": 0.15851, "profitMargins": 0.11694, "financialCurrency": "INR"}}}