{"KORE.BO": {"cashflowStatementHistory": {"cashflowStatements": [{"maxAge": 1, "endDate": "2020-03-31", "netIncome": 3796782, "depreciation": 931480, "changeToNetincome": -5167220, "changeToAccountReceivables": 2000, "changeToLiabilities": 137961, "changeToOperatingActivities": -902750, "totalCashFromOperatingActivities": -1201747, "capitalExpenditures": -29831, "totalCashflowsFromInvestingActivities": -4831, "netBorrowings": 1971224, "otherCashflowsFromFinancingActivities": -886835, "totalCashFromFinancingActivities": 1084389, "changeInCash": -122189}, {"maxAge": 1, "endDate": "2019-03-31", "netIncome": -1511610, "depreciation": 916352, "changeToNetincome": 818182, "changeToAccountReceivables": -2000, "changeToLiabilities": -19090, "changeToOperatingActivities": -773104, "totalCashFromOperatingActivities": -571270, "capitalExpenditures": -30680, "totalCashflowsFromInvestingActivities": -30680, "netBorrowings": 1443506, "otherCashflowsFromFinancingActivities": -854182, "totalCashFromFinancingActivities": 589324, "changeInCash": -12626}, {"maxAge": 1, "endDate": "2018-03-31", "netIncome": -3114319, "depreciation": 924629, "changeToNetincome": 476106, "changeToAccountReceivables": 276212, "changeToLiabilities": -1559358, "changeToInventory": 797618, "changeToOperatingActivities": -11008596, "totalCashFromOperatingActivities": -13207708, "capitalExpenditures": -30680, "totalCashflowsFromInvestingActivities": 16950, "netBorrowings": 13996133, "otherCashflowsFromFinancingActivities": -845881, "totalCashFromFinancingActivities": 13150252, "changeInCash": -40506}, {"maxAge": 1, "endDate": "2017-03-31", "netIncome": -17903748, "depreciation": 935816, "changeToNetincome": 7054571, "changeToAccountReceivables": 2829964, "changeToLiabilities": -6477457, "changeToInventory": 1541598, "changeToOperatingActivities": 3841197, "totalCashFromOperatingActivities": -8178059, "capitalExpenditures": -30680, "totalCashflowsFromInvestingActivities": 3218000, "netBorrowings": 5551058, "otherCashflowsFromFinancingActivities": -840814, "totalCashFromFinancingActivities": 4710244, "changeInCash": -249814}], "maxAge": 86400}, "institutionOwnership": {"maxAge": 1, "ownershipList": []}, "balanceSheetHistoryQuarterly": {"balanceSheetStatements": [{"maxAge": 1, "endDate": "2020-06-30", "cash": 61732, "netReceivables": 829791, "totalCurrentAssets": 891523, "propertyPlantEquipment": 41975, "otherAssets": 10220258, "totalAssets": 11153756, "accountsPayable": 1693321, "otherCurrentLiab": 140000, "otherLiab": 379668, "totalCurrentLiabilities": 61689192, "totalLiab": 62068860, "commonStock": 116500000, "treasuryStock": -167415104, "otherStockholderEquity": -167415104, "totalStockholderEquity": -50915104, "netTangibleAssets": -50915104}, {"maxAge": 1, "endDate": "2020-03-31", "cash": 61681, "netReceivables": 242623, "otherCurrentAssets": 358557, "totalCurrentAssets": 662861, "propertyPlantEquipment": 47270, "otherAssets": 10447832, "totalAssets": 11157963, "accountsPayable": 587606, "otherCurrentLiab": 140000, "otherLiab": 379668, "totalCurrentLiabilities": 60796925, "totalLiab": 61176593, "commonStock": 116500000, "retainedEarnings": -307634977, "treasuryStock": 45506438, "capitalSurplus": 95609909, "otherStockholderEquity": 45506438, "totalStockholderEquity": -50018630, "netTangibleAssets": -50018630}, {"maxAge": 1, "endDate": "2019-12-31", "cash": 88164, "netReceivables": 791318, "totalCurrentAssets": 879482, "propertyPlantEquipment": 50511, "otherAssets": 10871040, "totalAssets": 11801033, "accountsPayable": 606076, "otherLiab": 371014, "totalCurrentLiabilities": 66602878, "totalLiab": 66973892, "commonStock": 116500000, "treasuryStock": -171672859, "otherStockholderEquity": -171672859, "totalStockholderEquity": -55172859, "netTangibleAssets": -55172859}, {"maxAge": 1, "endDate": "2019-09-30", "cash": 88164, "netReceivables": 791318, "totalCurrentAssets": 879482, "propertyPlantEquipment": 50511, "otherAssets": 10871040, "totalAssets": 11801033, "accountsPayable": 606076, "otherLiab": 371014, "totalCurrentLiabilities": 66602878, "totalLiab": 66973892, "commonStock": 116500000, "treasuryStock": -171672859, "otherStockholderEquity": -171672859, "totalStockholderEquity": -55172859, "netTangibleAssets": -55172859}], "maxAge": 86400}, "indexTrend": {"maxAge": 1, "symbol": "SP5", "peRatio": 19.7411, "pegRatio": 1.34172, "estimates": [{"period": "0q", "growth": 0.549}, {"period": "+1q", "growth": 0.431}, {"period": "0y", "growth": 0.305}, {"period": "+1y", "growth": 0.109}, {"period": "+5y", "growth": 0.120859005}, {"period": "-5y"}]}, "quoteType": {"exchange": "BSE", "quoteType": "EQUITY", "symbol": "KORE.BO", "underlyingSymbol": "KORE.BO", "shortName": "Kore Foods Limited", "longName": "Kore Foods Limited", "firstTradeDateEpochUtc": "1992-03-02 09:15:00", "timeZoneFullName": "Asia/Kolkata", "timeZoneShortName": "IST", "uuid": "cd595c97-5a8d-3d77-9bbe-ba1bfaa40298", "messageBoardId": null, "gmtOffSetMilliseconds": 19800000, "maxAge": 1}, "incomeStatementHistory": {"incomeStatementHistory": [{"maxAge": 1, "endDate": "2020-03-31", "totalRevenue": 3240000, "costOfRevenue": 722238, "grossProfit": 2517762, "researchDevelopment": {}, "sellingGeneralAdministrative": 1568164, "nonRecurring": {}, "otherOperatingExpenses": 2319932, "totalOperatingExpenses": 5541814, "operatingIncome": -2301814, "totalOtherIncomeExpenseNet": 6098596, "ebit": -2301814, "interestExpense": -886835, "incomeBeforeTax": 3796782, "incomeTaxExpense": 0, "minorityInterest": {}, "netIncomeFromContinuingOps": 3796782, "discontinuedOperations": {}, "extraordinaryItems": {}, "effectOfAccountingCharges": {}, "otherItems": {}, "netIncome": 3796782, "netIncomeApplicableToCommonShares": 3796782}, {"maxAge": 1, "endDate": "2019-03-31", "totalRevenue": 1620000, "costOfRevenue": 9259, "grossProfit": 1610741, "researchDevelopment": {}, "sellingGeneralAdministrative": 1449537, "nonRecurring": {}, "otherOperatingExpenses": 2013212, "totalOperatingExpenses": 4388360, "operatingIncome": -2768360, "totalOtherIncomeExpenseNet": 1256750, "ebit": -2768360, "interestExpense": -854182, "incomeBeforeTax": -1511610, "incomeTaxExpense": 0, "minorityInterest": {}, "netIncomeFromContinuingOps": -1511610, "discontinuedOperations": {}, "extraordinaryItems": {}, "effectOfAccountingCharges": {}, "otherItems": {}, "netIncome": -1511610, "netIncomeApplicableToCommonShares": -1511610}, {"maxAge": 1, "endDate": "2018-03-31", "totalRevenue": 98553, "costOfRevenue": 808258, "grossProfit": -709705, "researchDevelopment": {}, "sellingGeneralAdministrative": 1750076, "nonRecurring": {}, "otherOperatingExpenses": 2758005, "totalOperatingExpenses": 6240968, "operatingIncome": -6142415, "totalOtherIncomeExpenseNet": 3028096, "ebit": -6142415, "interestExpense": -845881, "incomeBeforeTax": -3114319, "incomeTaxExpense": 0, "minorityInterest": {}, "netIncomeFromContinuingOps": -3114319, "discontinuedOperations": {}, "extraordinaryItems": {}, "effectOfAccountingCharges": {}, "otherItems": {}, "netIncome": -3114319, "netIncomeApplicableToCommonShares": -3114319}, {"maxAge": 1, "endDate": "2017-03-31", "totalRevenue": 5735845, "costOfRevenue": 5154746, "grossProfit": 581099, "researchDevelopment": {}, "sellingGeneralAdministrative": 5300161, "nonRecurring": {}, "otherOperatingExpenses": 13458308, "totalOperatingExpenses": 24849031, "operatingIncome": -19113186, "totalOtherIncomeExpenseNet": 1209438, "ebit": -19113186, "interestExpense": -923814, "incomeBeforeTax": -17903748, "incomeTaxExpense": 0, "minorityInterest": {}, "netIncomeFromContinuingOps": -17903748, "discontinuedOperations": {}, "extraordinaryItems": {}, "effectOfAccountingCharges": {}, "otherItems": {}, "netIncome": -17903748, "netIncomeApplicableToCommonShares": -17903748}], "maxAge": 86400}, "fundOwnership": {"maxAge": 1, "ownershipList": []}, "summaryDetail": {"maxAge": 1, "priceHint": 4, "previousClose": 2.0, "open": 2.0, "dayLow": 2.0, "dayHigh": 2.0, "regularMarketPreviousClose": 2.0, "regularMarketOpen": 2.0, "regularMarketDayLow": 2.0, "regularMarketDayHigh": 2.0, "trailingPE": 6.535948, "volume": 115, "regularMarketVolume": 115, "averageVolume": 3341, "averageVolume10days": 1285, "averageDailyVolume10Day": 1285, "bid": 2.0, "ask": 2.0, "bidSize": 0, "askSize": 0, "marketCap": 23300000, "fiftyTwoWeekLow": 1.34, "fiftyTwoWeekHigh": 3.89, "fiftyDayAverage": 2.5068572, "twoHundredDayAverage": 2.0559855, "currency": "INR", "fromCurrency": null, "toCurrency": null, "lastMarket": null, "algorithm": null, "tradeable": false}, "incomeStatementHistoryQuarterly": {"incomeStatementHistory": [{"maxAge": 1, "endDate": "2020-06-30", "totalRevenue": 270000, "costOfRevenue": 0, "grossProfit": 270000, "researchDevelopment": {}, "sellingGeneralAdministrative": 325000, "nonRecurring": {}, "otherOperatingExpenses": 557000, "totalOperatingExpenses": 1115000, "operatingIncome": -845000, "totalOtherIncomeExpenseNet": -51000, "ebit": -845000, "interestExpense": -220000, "incomeBeforeTax": -896000, "incomeTaxExpense": 0, "minorityInterest": {}, "netIncomeFromContinuingOps": -896000, "discontinuedOperations": {}, "extraordinaryItems": {}, "effectOfAccountingCharges": {}, "otherItems": {}, "netIncome": -896000, "netIncomeApplicableToCommonShares": -896000}, {"maxAge": 1, "endDate": "2020-03-31", "totalRevenue": 810000, "costOfRevenue": 722238, "grossProfit": 87762, "researchDevelopment": {}, "sellingGeneralAdministrative": 464164, "nonRecurring": {}, "otherOperatingExpenses": 128932, "totalOperatingExpenses": 1536814, "operatingIncome": -726814, "totalOtherIncomeExpenseNet": 34596, "ebit": -726814, "interestExpense": -219835, "incomeBeforeTax": -692218, "incomeTaxExpense": 0, "minorityInterest": {}, "netIncomeFromContinuingOps": -692218, "discontinuedOperations": {}, "extraordinaryItems": {}, "effectOfAccountingCharges": {}, "otherItems": {}, "netIncome": -692218, "netIncomeApplicableToCommonShares": -692218}, {"maxAge": 1, "endDate": "2019-12-31", "totalRevenue": 810000, "costOfRevenue": 0, "grossProfit": 810000, "researchDevelopment": {}, "sellingGeneralAdministrative": 374000, "nonRecurring": {}, "otherOperatingExpenses": 403000, "totalOperatingExpenses": 1014000, "operatingIncome": -204000, "totalOtherIncomeExpenseNet": -5642000, "ebit": -204000, "interestExpense": -223000, "incomeBeforeTax": -5846000, "incomeTaxExpense": 0, "minorityInterest": {}, "netIncomeFromContinuingOps": -5846000, "discontinuedOperations": {}, "extraordinaryItems": {}, "effectOfAccountingCharges": {}, "otherItems": {}, "netIncome": -5846000, "netIncomeApplicableToCommonShares": -5846000}, {"maxAge": 1, "endDate": "2019-09-30", "totalRevenue": 810000, "costOfRevenue": 0, "grossProfit": 810000, "researchDevelopment": {}, "sellingGeneralAdministrative": 361000, "nonRecurring": {}, "otherOperatingExpenses": 953000, "totalOperatingExpenses": 1551000, "operatingIncome": -741000, "totalOtherIncomeExpenseNet": 31000, "ebit": -741000, "interestExpense": -221000, "incomeBeforeTax": -710000, "incomeTaxExpense": 0, "minorityInterest": {}, "netIncomeFromContinuingOps": -710000, "discontinuedOperations": {}, "extraordinaryItems": {}, "effectOfAccountingCharges": {}, "otherItems": {}, "netIncome": -710000, "netIncomeApplicableToCommonShares": -710000}], "maxAge": 86400}, "cashflowStatementHistoryQuarterly": {"cashflowStatements": [{"maxAge": 1, "endDate": "2020-06-30", "netIncome": -896000, "depreciation": 232870, "changeToNetincome": 219717, "changeToAccountReceivables": -211500, "changeToLiabilities": 1105715, "changeToOperatingActivities": -345251, "totalCashFromOperatingActivities": 105551, "netBorrowings": 114692, "otherCashflowsFromFinancingActivities": -220192, "totalCashFromFinancingActivities": -105500, "changeInCash": 51}, {"maxAge": 1, "endDate": "2020-03-31", "netIncome": -692218, "depreciation": 221843, "changeToNetincome": 194640, "changeToAccountReceivables": -1, "changeToLiabilities": -30379, "changeToOperatingActivities": 86630, "totalCashFromOperatingActivities": -219485, "totalCashflowsFromInvestingActivities": 25000, "netBorrowings": 279628, "otherCashflowsFromFinancingActivities": -219628, "totalCashFromFinancingActivities": 60000, "changeInCash": -134485}, {"maxAge": 1, "endDate": "2019-12-31", "netIncome": -5846000, "depreciation": 221843, "changeToNetincome": 194640, "changeToAccountReceivables": -1, "changeToLiabilities": 0, "changeToOperatingActivities": 86630, "totalCashFromOperatingActivities": -219485, "totalCashflowsFromInvestingActivities": 25000, "netBorrowings": 279628, "otherCashflowsFromFinancingActivities": -219628, "totalCashFromFinancingActivities": 60000, "changeInCash": -134485}, {"maxAge": 1, "endDate": "2019-09-30", "netIncome": -710000, "depreciation": 221843, "changeToNetincome": 194640, "changeToAccountReceivables": -1, "changeToLiabilities": 0, "changeToOperatingActivities": 86630, "totalCashFromOperatingActivities": -219485, "totalCashflowsFromInvestingActivities": 25000, "netBorrowings": 279628, "otherCashflowsFromFinancingActivities": -219628, "totalCashFromFinancingActivities": 60000, "changeInCash": -134485}], "maxAge": 86400}, "insiderHolders": {"holders": [], "maxAge": 1}, "calendarEvents": {"maxAge": 1, "earnings": {"earningsDate": ["2020-11-14 05:30:S", "2020-11-15 05:30:S"]}}, "price": {"maxAge": 1, "regularMarketChangePercent": 0.0, "regularMarketChange": 0.0, "regularMarketTime": "2021-04-30 15:26:30", "priceHint": 4, "regularMarketPrice": 2.0, "regularMarketDayHigh": 2.0, "regularMarketDayLow": 2.0, "regularMarketVolume": 115, "averageDailyVolume10Day": 1285, "averageDailyVolume3Month": 3341, "regularMarketPreviousClose": 2.0, "regularMarketSource": "FREE_REALTIME", "regularMarketOpen": 2.0, "exchange": "BSE", "exchangeName": "BSE", "exchangeDataDelayedBy": 0, "marketState": "CLOSED", "quoteType": "EQUITY", "symbol": "KORE.BO", "underlyingSymbol": null, "shortName": "Kore Foods Limited", "longName": "Kore Foods Limited", "currency": "INR", "quoteSourceName": "Delayed Quote", "currencySymbol": "\u20b9", "fromCurrency": null, "toCurrency": null, "lastMarket": null, "marketCap": 23300000}, "balanceSheetHistory": {"balanceSheetStatements": [{"maxAge": 1, "endDate": "2020-03-31", "cash": 61681, "netReceivables": 242623, "otherCurrentAssets": 358557, "totalCurrentAssets": 662861, "propertyPlantEquipment": 47270, "otherAssets": 10447832, "totalAssets": 11157963, "accountsPayable": 587606, "otherCurrentLiab": 140000, "otherLiab": 379668, "totalCurrentLiabilities": 60796925, "totalLiab": 61176593, "commonStock": 116500000, "retainedEarnings": -307634977, "treasuryStock": 45506438, "capitalSurplus": 95609909, "otherStockholderEquity": 45506438, "totalStockholderEquity": -50018630, "netTangibleAssets": -50018630}, {"maxAge": 1, "endDate": "2019-03-31", "cash": 43870, "netReceivables": 244623, "otherCurrentAssets": 739326, "totalCurrentAssets": 1027819, "propertyPlantEquipment": 38623, "otherAssets": 11326188, "totalAssets": 12392630, "accountsPayable": 449645, "otherLiab": 371014, "totalCurrentLiabilities": 65837027, "totalLiab": 66208041, "commonStock": 116500000, "retainedEarnings": -311431758, "treasuryStock": 45506438, "capitalSurplus": 95609909, "otherStockholderEquity": 45506438, "totalStockholderEquity": -53815411, "netTangibleAssets": -53815411}, {"maxAge": 1, "endDate": "2018-03-31", "cash": 56496, "netReceivables": 242623, "otherCurrentAssets": 399178, "totalCurrentAssets": 698297, "propertyPlantEquipment": 14000, "otherAssets": 12214856, "totalAssets": 12927153, "accountsPayable": 504735, "otherLiab": 385234, "totalCurrentLiabilities": 64845721, "totalLiab": 65230955, "commonStock": 116500000, "retainedEarnings": -309920149, "treasuryStock": 45506438, "capitalSurplus": 95609909, "otherStockholderEquity": 45506438, "totalStockholderEquity": -52303802, "netTangibleAssets": -52303802}, {"maxAge": 1, "endDate": "2017-03-31", "cash": 97002, "netReceivables": 516771, "inventory": 797618, "otherCurrentAssets": 177080, "totalCurrentAssets": 1652296, "propertyPlantEquipment": 12413485, "otherAssets": 740001, "totalAssets": 14805782, "accountsPayable": 2064093, "otherCurrentLiab": 9182410, "otherLiab": 1049642, "totalCurrentLiabilities": 62945623, "totalLiab": 63995265, "commonStock": 116500000, "retainedEarnings": -306805830, "treasuryStock": 45506438, "capitalSurplus": 95609909, "otherStockholderEquity": 45506438, "totalStockholderEquity": -49189483, "netTangibleAssets": -49189483}], "maxAge": 86400}, "financialData": {"maxAge": 86400, "currentPrice": 2.0, "recommendationKey": "none", "grossProfits": 2517762, "financialCurrency": "INR"}}}