{"KOTARISUG.NS": {"assetProfile": {"address1": "Kothari Buildings", "address2": "No. 115, Mahatma Gandhi Salai Nungambakkam", "city": "Chennai", "zip": "600034", "country": "India", "phone": "91 44 3022 5614", "fax": "91 44 2833 4560", "website": "http://www.hckotharigroup.com/kscl", "industry": "Confectioners", "sector": "Consumer Defensive", "longBusinessSummary": "Kothari Sugars and Chemicals Limited manufactures and sells sugar and its by-products in India and rest of Asia. The company operates in the Sugar, Cogeneration, and Distillery segments. It also engages in the co-generation of power from bagasse and coal; production of industrial alcohol from molasses; and bio-compost from press mud and distillery effluents. In addition, the company provides liquid hand sanitizers; polyisobutylene products; and packaged drinking water, as well as rents safe deposit lockers. The company was incorporated in 1960 and is headquartered in Chennai, India. Kothari Sugars and Chemicals Limited is a subsidiary of Parvathi Trading & Finance Co. Pvt. Ltd.", "fullTimeEmployees": 476, "companyOfficers": [{"maxAge": 1, "name": "Mr. Arjun B. Kothari", "age": 29, "title": "MD & Exec. Director", "yearBorn": 1991, "fiscalYear": 2020, "totalPay": 3500000, "exercisedValue": 0, "unexercisedValue": 0}, {"maxAge": 1, "name": "Mr. Ranganathan  Krishnan", "age": 55, "title": "Chief Financial Officer", "yearBorn": 1965, "fiscalYear": 2020, "totalPay": 3297000, "exercisedValue": 0, "unexercisedValue": 0}, {"maxAge": 1, "name": "Mr. M. Silvester Goldwin", "age": 52, "title": "Pres of Operations & Whole Time Director", "yearBorn": 1968, "fiscalYear": 2020, "totalPay": 6786000, "exercisedValue": 0, "unexercisedValue": 0}, {"maxAge": 1, "name": "Dhanapal  Sathiyanarayanan", "age": 50, "title": "Head of Technology Services", "yearBorn": 1970, "exercisedValue": 0, "unexercisedValue": 0}, {"maxAge": 1, "name": "Mr. R.  Prakash", "age": 43, "title": "Company Sec. & Compliance Officer", "yearBorn": 1977, "fiscalYear": 2020, "totalPay": 2999000, "exercisedValue": 0, "unexercisedValue": 0}, {"maxAge": 1, "name": "V.  Balamurali", "age": 59, "title": "Sr. Mang. of Marketing", "yearBorn": 1961, "exercisedValue": 0, "unexercisedValue": 0}, {"maxAge": 1, "name": "V.  Thirugnanam", "age": 55, "title": "Head of Cane", "yearBorn": 1965, "exercisedValue": 0, "unexercisedValue": 0}, {"maxAge": 1, "name": "V.  Ramachandran", "age": 53, "title": "Gen. Mang.", "yearBorn": 1967, "exercisedValue": 0, "unexercisedValue": 0}, {"maxAge": 1, "name": "P.  Karthikeyan", "age": 38, "title": "Mang. of TLS", "yearBorn": 1982, "exercisedValue": 0, "unexercisedValue": 0}, {"maxAge": 1, "name": "Mr. S.  Pushparaj", "age": 50, "title": "Deputy Gen. Mang. of Distillery", "yearBorn": 1970, "exercisedValue": 0, "unexercisedValue": 0}], "compensationAsOfEpochDate": "2020-12-31 05:30:00", "maxAge": 86400}, "cashflowStatementHistory": {"cashflowStatements": [{"maxAge": 1, "endDate": "2020-03-31", "netIncome": 194159000, "depreciation": 129200000, "changeToNetincome": 14867000, "changeToAccountReceivables": -100206000, "changeToLiabilities": -30716000, "changeToInventory": 130642000, "changeToOperatingActivities": -67217000, "totalCashFromOperatingActivities": 271222000, "capitalExpenditures": -172801000, "investments": 192506000, "otherCashflowsFromInvestingActivities": 7417000, "totalCashflowsFromInvestingActivities": 28708000, "dividendsPaid": -41444000, "netBorrowings": -256958000, "otherCashflowsFromFinancingActivities": -66844000, "totalCashFromFinancingActivities": -365246000, "changeInCash": -65316000}, {"maxAge": 1, "endDate": "2019-03-31", "netIncome": 127104000, "depreciation": 127693000, "changeToNetincome": 46502000, "changeToAccountReceivables": -9985000, "changeToLiabilities": 57252000, "changeToInventory": -109308000, "changeToOperatingActivities": 19521000, "totalCashFromOperatingActivities": 259224000, "capitalExpenditures": -48083000, "investments": -86575000, "otherCashflowsFromInvestingActivities": 16788000, "totalCashflowsFromInvestingActivities": -112297000, "dividendsPaid": -41444000, "netBorrowings": -44070000, "otherCashflowsFromFinancingActivities": -57557000, "totalCashFromFinancingActivities": -101627000, "changeInCash": 45300000}, {"maxAge": 1, "endDate": "2018-03-31", "netIncome": 22909000, "depreciation": 138226000, "changeToNetincome": 5237000, "changeToAccountReceivables": -38482000, "changeToLiabilities": 212978000, "changeToInventory": 162948000, "changeToOperatingActivities": -139401000, "totalCashFromOperatingActivities": 364750000, "capitalExpenditures": -13744000, "investments": -4453000, "otherCashflowsFromInvestingActivities": 11735000, "totalCashflowsFromInvestingActivities": 328000, "dividendsPaid": -41444000, "netBorrowings": -254561000, "otherCashflowsFromFinancingActivities": -59833000, "totalCashFromFinancingActivities": -355838000, "changeInCash": 9239000}, {"maxAge": 1, "endDate": "2017-03-31", "netIncome": 119602000, "depreciation": 146288000, "changeToNetincome": 30456000, "changeToAccountReceivables": -47012000, "changeToLiabilities": 213360000, "changeToInventory": -276767000, "changeToOperatingActivities": 60670000, "totalCashFromOperatingActivities": 246597000, "capitalExpenditures": -113384000, "investments": -3638000, "otherCashflowsFromInvestingActivities": 14309000, "totalCashflowsFromInvestingActivities": -102214000, "dividendsPaid": -41444000, "netBorrowings": -201249000, "otherCashflowsFromFinancingActivities": -68715000, "totalCashFromFinancingActivities": -278714000, "changeInCash": -134333000}], "maxAge": 86400}, "institutionOwnership": {"ownershipList": [], "maxAge": 1}, "majorHoldersBreakdown": {"maxAge": 1}, "balanceSheetHistoryQuarterly": {"balanceSheetStatements": [{"maxAge": 1, "endDate": "2020-12-31", "totalStockholderEquity": 1788204000, "netTangibleAssets": 1786440000}, {"maxAge": 1, "endDate": "2020-09-30", "cash": 6707000, "shortTermInvestments": 360760000, "netReceivables": 264812000, "inventory": 786847000, "otherCurrentAssets": 88113000, "totalCurrentAssets": 1507239000, "propertyPlantEquipment": 1652589000, "intangibleAssets": 1764000, "otherAssets": 21079000, "totalAssets": 3182671000, "accountsPayable": 442363000, "shortLongTermDebt": 89077000, "otherCurrentLiab": 29709000, "longTermDebt": 110212000, "otherLiab": 287036000, "totalCurrentLiabilities": 997219000, "totalLiab": 1394467000, "commonStock": 828886000, "treasuryStock": 959318000, "otherStockholderEquity": 959318000, "totalStockholderEquity": 1788204000, "netTangibleAssets": 1786440000}, {"maxAge": 1, "endDate": "2020-06-30", "totalStockholderEquity": 1664841000, "netTangibleAssets": 1662831000}, {"maxAge": 1, "endDate": "2020-03-31", "cash": 4282000, "shortTermInvestments": 520000, "netReceivables": 301987000, "inventory": 1241660000, "otherCurrentAssets": 151921000, "totalCurrentAssets": 2001250000, "propertyPlantEquipment": 1707485000, "intangibleAssets": 2010000, "otherAssets": 21981000, "totalAssets": 3732726000, "accountsPayable": 767473000, "shortLongTermDebt": 53836000, "otherCurrentLiab": 121542000, "longTermDebt": 53660000, "otherLiab": 295460000, "totalCurrentLiabilities": 1718765000, "totalLiab": 2067885000, "commonStock": 828886000, "retainedEarnings": 621327000, "treasuryStock": 214628000, "otherStockholderEquity": 214628000, "totalStockholderEquity": 1664841000, "netTangibleAssets": 1662831000}], "maxAge": 86400}, "indexTrend": {"maxAge": 1, "symbol": "SP5", "peRatio": 19.7411, "pegRatio": 1.34172, "estimates": [{"period": "0q", "growth": 0.549}, {"period": "+1q", "growth": 0.431}, {"period": "0y", "growth": 0.305}, {"period": "+1y", "growth": 0.109}, {"period": "+5y", "growth": 0.120865}, {"period": "-5y"}]}, "defaultKeyStatistics": {"maxAge": 1, "priceHint": 2, "enterpriseValue": 2212930048, "profitMargins": 0.06779, "floatShares": 20022753, "sharesOutstanding": 82888600, "beta": 0.446779, "category": null, "bookValue": 22.574, "priceToBook": 1.0587401, "fundFamily": null, "legalType": null, "lastFiscalYearEnd": "2020-03-31 05:30:00", "nextFiscalYearEnd": "2022-03-31 05:30:00", "mostRecentQuarter": "2020-12-31 05:30:00", "netIncomeToCommon": 265186000, "trailingEps": 3.204, "lastSplitFactor": null, "enterpriseToRevenue": 0.566, "enterpriseToEbitda": 6.153}, "summaryProfile": {"address1": "Kothari Buildings", "address2": "No. 115, Mahatma Gandhi Salai Nungambakkam", "city": "Chennai", "zip": "600034", "country": "India", "phone": "91 44 3022 5614", "fax": "91 44 2833 4560", "website": "http://www.hckotharigroup.com/kscl", "industry": "Confectioners", "sector": "Consumer Defensive", "longBusinessSummary": "Kothari Sugars and Chemicals Limited manufactures and sells sugar and its by-products in India and rest of Asia. The company operates in the Sugar, Cogeneration, and Distillery segments. It also engages in the co-generation of power from bagasse and coal; production of industrial alcohol from molasses; and bio-compost from press mud and distillery effluents. In addition, the company provides liquid hand sanitizers; polyisobutylene products; and packaged drinking water, as well as rents safe deposit lockers. The company was incorporated in 1960 and is headquartered in Chennai, India. Kothari Sugars and Chemicals Limited is a subsidiary of Parvathi Trading & Finance Co. Pvt. Ltd.", "fullTimeEmployees": 476, "companyOfficers": [], "maxAge": 86400}, "netSharePurchaseActivity": {"maxAge": 1, "period": "6m", "buyInfoCount": 0, "buyInfoShares": 0, "sellInfoCount": 0, "netInfoCount": 0, "netInfoShares": 0, "totalInsiderShares": 0}, "quoteType": {"exchange": "NSI", "quoteType": "EQUITY", "symbol": "KOTARISUG.NS", "underlyingSymbol": "KOTARISUG.NS", "shortName": "KOTHARI SUGAR&CHEM", "longName": "Kothari Sugars and Chemicals Limited", "firstTradeDateEpochUtc": "2004-12-13 09:15:00", "timeZoneFullName": "Asia/Kolkata", "timeZoneShortName": "IST", "uuid": "d4560fb1-7299-3523-ac8b-3eea138f1042", "gmtOffSetMilliseconds": 19800000, "maxAge": 1}, "incomeStatementHistory": {"incomeStatementHistory": [{"maxAge": 1, "endDate": "2020-03-31", "totalRevenue": 3528057000, "costOfRevenue": 2625946000, "grossProfit": 902111000, "researchDevelopment": {}, "sellingGeneralAdministrative": 227496000, "nonRecurring": {}, "otherOperatingExpenses": 391962000, "totalOperatingExpenses": 3375097000, "operatingIncome": 152960000, "totalOtherIncomeExpenseNet": 37188000, "ebit": 152960000, "interestExpense": -67906000, "incomeBeforeTax": 190148000, "incomeTaxExpense": -4011000, "minorityInterest": {}, "netIncomeFromContinuingOps": 194159000, "discontinuedOperations": {}, "extraordinaryItems": {}, "effectOfAccountingCharges": {}, "otherItems": {}, "netIncome": 194159000, "netIncomeApplicableToCommonShares": 194159000}, {"maxAge": 1, "endDate": "2019-03-31", "totalRevenue": 3322178000, "costOfRevenue": 2428079000, "grossProfit": 894099000, "researchDevelopment": {}, "sellingGeneralAdministrative": 208560000, "nonRecurring": {}, "otherOperatingExpenses": 385737000, "totalOperatingExpenses": 3150514000, "operatingIncome": 171664000, "totalOtherIncomeExpenseNet": 56476000, "ebit": 171664000, "interestExpense": -68153000, "incomeBeforeTax": 228140000, "incomeTaxExpense": 101036000, "minorityInterest": {}, "netIncomeFromContinuingOps": 127104000, "discontinuedOperations": {}, "extraordinaryItems": {}, "effectOfAccountingCharges": {}, "otherItems": {}, "netIncome": 127104000, "netIncomeApplicableToCommonShares": 127104000}, {"maxAge": 1, "endDate": "2018-03-31", "totalRevenue": 2869262000, "costOfRevenue": 2142687000, "grossProfit": 726575000, "researchDevelopment": {}, "sellingGeneralAdministrative": 189061000, "nonRecurring": {}, "otherOperatingExpenses": 259968000, "totalOperatingExpenses": 2730277000, "operatingIncome": 138985000, "totalOtherIncomeExpenseNet": -94550000, "ebit": 138985000, "interestExpense": -62453000, "incomeBeforeTax": 44435000, "incomeTaxExpense": 21526000, "minorityInterest": {}, "netIncomeFromContinuingOps": 22909000, "discontinuedOperations": {}, "extraordinaryItems": {}, "effectOfAccountingCharges": {}, "otherItems": {}, "netIncome": 22909000, "netIncomeApplicableToCommonShares": 22909000}, {"maxAge": 1, "endDate": "2017-03-31", "totalRevenue": 3167533000, "costOfRevenue": 2308186000, "grossProfit": 859347000, "researchDevelopment": {}, "sellingGeneralAdministrative": 182454000, "nonRecurring": {}, "otherOperatingExpenses": 316212000, "totalOperatingExpenses": 2953140000, "operatingIncome": 214393000, "totalOtherIncomeExpenseNet": -73163000, "ebit": 214393000, "interestExpense": -78842000, "incomeBeforeTax": 141230000, "incomeTaxExpense": 21628000, "minorityInterest": {}, "netIncomeFromContinuingOps": 119602000, "discontinuedOperations": {}, "extraordinaryItems": {}, "effectOfAccountingCharges": {}, "otherItems": {}, "netIncome": 119602000, "netIncomeApplicableToCommonShares": 119602000}], "maxAge": 86400}, "fundOwnership": {"ownershipList": [], "maxAge": 1}, "summaryDetail": {"maxAge": 1, "priceHint": 2, "previousClose": 23.9, "open": 23.9, "dayLow": 23.7, "dayHigh": 25.3, "regularMarketPreviousClose": 23.9, "regularMarketOpen": 23.9, "regularMarketDayLow": 23.7, "regularMarketDayHigh": 25.3, "exDividendDate": "2019-07-30 05:30:00", "payoutRatio": 0.0, "beta": 0.446779, "trailingPE": 7.4594254, "volume": 2029010, "regularMarketVolume": 2029010, "averageVolume": 375320, "averageVolume10days": 505872, "averageDailyVolume10Day": 505872, "bid": 0.0, "ask": 23.9, "bidSize": 0, "askSize": 0, "marketCap": 1981037568, "fiftyTwoWeekLow": 8.55, "fiftyTwoWeekHigh": 30.65, "priceToSalesTrailing12Months": 0.50642973, "fiftyDayAverage": 25.005882, "twoHundredDayAverage": 18.721985, "trailingAnnualDividendRate": 0.5, "trailingAnnualDividendYield": 0.020920502, "currency": "INR", "fromCurrency": null, "lastMarket": null, "algorithm": null, "tradeable": false}, "incomeStatementHistoryQuarterly": {"incomeStatementHistory": [{"maxAge": 1, "endDate": "2020-12-31", "totalRevenue": 944772000, "costOfRevenue": 665080000, "grossProfit": 279692000, "researchDevelopment": {}, "sellingGeneralAdministrative": 60058000, "nonRecurring": {}, "otherOperatingExpenses": 111885000, "totalOperatingExpenses": 871540000, "operatingIncome": 73232000, "totalOtherIncomeExpenseNet": 2698000, "ebit": 73232000, "interestExpense": -9102000, "incomeBeforeTax": 75930000, "incomeTaxExpense": 21023000, "minorityInterest": {}, "netIncomeFromContinuingOps": 54907000, "discontinuedOperations": {}, "extraordinaryItems": {}, "effectOfAccountingCharges": {}, "otherItems": {}, "netIncome": 54907000, "netIncomeApplicableToCommonShares": 54907000}, {"maxAge": 1, "endDate": "2020-09-30", "totalRevenue": 812618000, "costOfRevenue": 648106000, "grossProfit": 164512000, "researchDevelopment": {}, "sellingGeneralAdministrative": 52821000, "nonRecurring": {}, "otherOperatingExpenses": 108475000, "totalOperatingExpenses": 843784000, "operatingIncome": -31166000, "totalOtherIncomeExpenseNet": 38408000, "ebit": -31166000, "interestExpense": -16890000, "incomeBeforeTax": 7242000, "incomeTaxExpense": 1697000, "minorityInterest": {}, "netIncomeFromContinuingOps": 5545000, "discontinuedOperations": {}, "extraordinaryItems": {}, "effectOfAccountingCharges": {}, "otherItems": {}, "netIncome": 5545000, "netIncomeApplicableToCommonShares": 5545000}, {"maxAge": 1, "endDate": "2020-06-30", "totalRevenue": 1279780000, "costOfRevenue": 933216000, "grossProfit": 346564000, "researchDevelopment": {}, "sellingGeneralAdministrative": 54448000, "nonRecurring": {}, "otherOperatingExpenses": 122861000, "totalOperatingExpenses": 1144859000, "operatingIncome": 134921000, "totalOtherIncomeExpenseNet": -1950000, "ebit": 134921000, "interestExpense": -20827000, "incomeBeforeTax": 132971000, "incomeTaxExpense": 15102000, "minorityInterest": {}, "netIncomeFromContinuingOps": 117869000, "discontinuedOperations": {}, "extraordinaryItems": {}, "effectOfAccountingCharges": {}, "otherItems": {}, "netIncome": 117869000, "netIncomeApplicableToCommonShares": 117869000}, {"maxAge": 1, "endDate": "2020-03-31", "totalRevenue": 874602000, "costOfRevenue": 687433000, "grossProfit": 187169000, "researchDevelopment": {}, "sellingGeneralAdministrative": 64669000, "nonRecurring": {}, "otherOperatingExpenses": 36339000, "totalOperatingExpenses": 822265000, "operatingIncome": 52337000, "totalOtherIncomeExpenseNet": 69557000, "ebit": 52337000, "interestExpense": -10185000, "incomeBeforeTax": 121894000, "incomeTaxExpense": 35029000, "minorityInterest": {}, "netIncomeFromContinuingOps": 86865000, "discontinuedOperations": {}, "extraordinaryItems": {}, "effectOfAccountingCharges": {}, "otherItems": {}, "netIncome": 86865000, "netIncomeApplicableToCommonShares": 86865000}], "maxAge": 86400}, "cashflowStatementHistoryQuarterly": {"cashflowStatements": [{"maxAge": 1, "endDate": "2020-12-31", "netIncome": 54907000, "changeToLiabilities": 0}, {"maxAge": 1, "endDate": "2020-09-30", "netIncome": 5545000, "changeToLiabilities": 0}, {"maxAge": 1, "endDate": "2020-06-30", "netIncome": 117869000, "changeToLiabilities": 0}, {"maxAge": 1, "endDate": "2020-03-31", "netIncome": 86865000, "changeToLiabilities": 0}], "maxAge": 86400}, "insiderHolders": {"holders": [], "maxAge": 1}, "calendarEvents": {"maxAge": 1, "earnings": {"earningsDate": []}, "exDividendDate": "2019-07-30 05:30:00"}, "upgradeDowngradeHistory": {"history": [], "maxAge": 86400}, "price": {"maxAge": 1, "regularMarketChangePercent": 0.0, "regularMarketChange": 0.0, "regularMarketTime": "2021-04-30 15:29:26", "priceHint": 2, "regularMarketPrice": 23.9, "regularMarketDayHigh": 25.3, "regularMarketDayLow": 23.7, "regularMarketVolume": 2029010, "averageDailyVolume10Day": 505872, "averageDailyVolume3Month": 375320, "regularMarketPreviousClose": 23.9, "regularMarketSource": "FREE_REALTIME", "regularMarketOpen": 23.9, "exchange": "NSI", "exchangeName": "NSE", "exchangeDataDelayedBy": 15, "marketState": "CLOSED", "quoteType": "EQUITY", "symbol": "KOTARISUG.NS", "underlyingSymbol": null, "shortName": "KOTHARI SUGAR&CHEM", "longName": "Kothari Sugars and Chemicals Limited", "currency": "INR", "quoteSourceName": "Delayed Quote", "currencySymbol": "\u20b9", "fromCurrency": null, "lastMarket": null, "marketCap": 1981037568}, "balanceSheetHistory": {"balanceSheetStatements": [{"maxAge": 1, "endDate": "2020-03-31", "cash": 4282000, "shortTermInvestments": 520000, "netReceivables": 301987000, "inventory": 1241660000, "otherCurrentAssets": 151921000, "totalCurrentAssets": 2001250000, "propertyPlantEquipment": 1707485000, "intangibleAssets": 2010000, "otherAssets": 21981000, "totalAssets": 3732726000, "accountsPayable": 767473000, "shortLongTermDebt": 53836000, "otherCurrentLiab": 121542000, "longTermDebt": 53660000, "otherLiab": 295460000, "totalCurrentLiabilities": 1718765000, "totalLiab": 2067885000, "commonStock": 828886000, "retainedEarnings": 621327000, "treasuryStock": 214628000, "otherStockholderEquity": 214628000, "totalStockholderEquity": 1664841000, "netTangibleAssets": 1662831000}, {"maxAge": 1, "endDate": "2019-03-31", "cash": 69598000, "shortTermInvestments": 520000, "netReceivables": 188994000, "inventory": 1384821000, "otherCurrentAssets": 92049000, "totalCurrentAssets": 2217896000, "propertyPlantEquipment": 1664633000, "intangibleAssets": 2503000, "otherAssets": 56846000, "deferredLongTermAssetCharges": 35891000, "totalAssets": 3941878000, "accountsPayable": 800158000, "shortLongTermDebt": 64572000, "otherCurrentLiab": 45175000, "longTermDebt": 295173000, "otherLiab": 370641000, "totalCurrentLiabilities": 1755443000, "totalLiab": 2421257000, "commonStock": 828886000, "retainedEarnings": 477131000, "treasuryStock": 214604000, "otherStockholderEquity": 214604000, "totalStockholderEquity": 1520621000, "netTangibleAssets": 1518118000}, {"maxAge": 1, "endDate": "2018-03-31", "cash": 26487000, "shortTermInvestments": 209637000, "netReceivables": 196440000, "inventory": 1275513000, "otherCurrentAssets": 65247000, "totalCurrentAssets": 1773324000, "longTermInvestments": 120190000, "propertyPlantEquipment": 1769735000, "intangibleAssets": 2947000, "otherAssets": 99047000, "deferredLongTermAssetCharges": 62823000, "totalAssets": 3765243000, "accountsPayable": 743333000, "shortLongTermDebt": 173095000, "otherCurrentLiab": 16969000, "longTermDebt": 360509000, "otherLiab": 346409000, "totalCurrentLiabilities": 1661973000, "totalLiab": 2368891000, "commonStock": 828886000, "retainedEarnings": 352679000, "treasuryStock": 214787000, "otherStockholderEquity": 214787000, "totalStockholderEquity": 1396352000, "netTangibleAssets": 1393405000}, {"maxAge": 1, "endDate": "2017-03-31", "cash": 17248000, "shortTermInvestments": 193849000, "netReceivables": 142667000, "inventory": 1438461000, "otherCurrentAssets": 75952000, "totalCurrentAssets": 1868177000, "longTermInvestments": 120190000, "propertyPlantEquipment": 1902843000, "intangibleAssets": 170000, "otherAssets": 111746000, "deferredLongTermAssetCharges": 77041000, "totalAssets": 4003126000, "accountsPayable": 521926000, "shortLongTermDebt": 322386000, "otherCurrentLiab": 57615000, "longTermDebt": 543281000, "otherLiab": 376776000, "totalCurrentLiabilities": 1639976000, "totalLiab": 2560033000, "commonStock": 828886000, "retainedEarnings": 399184000, "treasuryStock": 215023000, "otherStockholderEquity": 215023000, "totalStockholderEquity": 1443093000, "netTangibleAssets": 1442923000}], "maxAge": 86400}, "financialData": {"maxAge": 86400, "currentPrice": 23.9, "recommendationKey": "none", "totalCash": 367467008, "totalCashPerShare": 4.417, "ebitda": 359654240, "totalDebt": 592097984, "totalRevenue": 3911771904, "debtToEquity": 33.111, "revenuePerShare": 47.293, "grossProfits": 902111000, "revenueGrowth": 0.338, "grossMargins": 0.25, "ebitdaMargins": 0.09194, "operatingMargins": 0.05862, "profitMargins": 0.06779, "financialCurrency": "INR"}}}