{"KOTHARIPET.NS": {"assetProfile": {"address1": "Kothari Buildings", "address2": "115 Mahatma Gandhi Salai Nungambakkam", "city": "Chennai", "zip": "600034", "country": "India", "phone": "91 44 3028 1596", "fax": "91 44 2833 4560", "website": "http://www.kotharipetrochemicals.com", "industry": "Specialty Chemicals", "sector": "Basic Materials", "longBusinessSummary": "Kothari Petrochemicals Limited produces and sells chemicals in India and internationally. It offers polyisobutylene, a linear polymer used in lubricants, adhesives, stretch/silage/cling wrap, sealants and caulks, coatings, polymer modification, asphalt and rubber, electrical cable insulation, and other applications under the KVIS brand; and C4 rafinate. The company was founded in 1989 and is headquartered in Chennai, India. Kothari Petrochemicals Limited is a subsidiary of BHK Trading LLP.", "fullTimeEmployees": 136, "companyOfficers": [{"maxAge": 1, "name": "Mr. Arjun B. Kothari", "age": 29, "title": "MD & Exec. Director", "yearBorn": 1991, "fiscalYear": 2020, "totalPay": 11579000, "exercisedValue": 0, "unexercisedValue": 0}, {"maxAge": 1, "name": "Mr. S.  Sivamahesh", "age": 36, "title": "Chief Financial Officer", "yearBorn": 1984, "fiscalYear": 2020, "totalPay": 2349000, "exercisedValue": 0, "unexercisedValue": 0}, {"maxAge": 1, "name": "K.  Sreekanteswaran", "age": 58, "title": "Pres of Legal & Taxation", "yearBorn": 1962, "exercisedValue": 0, "unexercisedValue": 0}, {"maxAge": 1, "name": "Mr. M.  Rajavel", "age": 57, "title": "Pres of Commercial & Whole Time Director", "yearBorn": 1963, "fiscalYear": 2020, "totalPay": 6499000, "exercisedValue": 0, "unexercisedValue": 0}, {"maxAge": 1, "name": "Mr. P.  Premapiriyan", "age": 40, "title": "Gen. Mang. of Operation", "yearBorn": 1980, "exercisedValue": 0, "unexercisedValue": 0}, {"maxAge": 1, "name": "N.  Ramakumar", "age": 55, "title": "Gen. Mang. of Fin. & Accounts", "yearBorn": 1965, "exercisedValue": 0, "unexercisedValue": 0}, {"maxAge": 1, "name": "Ms. Priya Krishna Rao", "title": "Company Sec. & Compliance Officer", "exercisedValue": 0, "unexercisedValue": 0}, {"maxAge": 1, "name": "Mr. Venkata  Subramanian", "title": "Sr. Mang. of Marketing", "exercisedValue": 0, "unexercisedValue": 0}, {"maxAge": 1, "name": "A. R. Ashok Kumar", "age": 47, "title": "GM & Unit Head", "yearBorn": 1973, "exercisedValue": 0, "unexercisedValue": 0}, {"maxAge": 1, "name": "S. V. Ramesh", "age": 50, "title": "Sr. Mang. of Supply Management", "yearBorn": 1970, "exercisedValue": 0, "unexercisedValue": 0}], "compensationAsOfEpochDate": "2020-12-31 05:30:00", "maxAge": 86400}, "cashflowStatementHistory": {"cashflowStatements": [{"maxAge": 1, "endDate": "2020-03-31", "netIncome": 183291000, "depreciation": 53452000, "changeToNetincome": -543000, "changeToAccountReceivables": 14064000, "changeToLiabilities": 17889000, "changeToInventory": -8849000, "changeToOperatingActivities": 9290000, "totalCashFromOperatingActivities": 270534000, "capitalExpenditures": -25521000, "investments": -40000000, "otherCashflowsFromInvestingActivities": 20991000, "totalCashflowsFromInvestingActivities": -44109000, "dividendsPaid": -29423000, "netBorrowings": -225968000, "otherCashflowsFromFinancingActivities": -22476000, "totalCashFromFinancingActivities": -277867000, "changeInCash": -51442000}, {"maxAge": 1, "endDate": "2019-03-31", "netIncome": 121857000, "depreciation": 45332000, "changeToNetincome": 10598000, "changeToAccountReceivables": -6759000, "changeToLiabilities": 50087000, "changeToInventory": 7268000, "changeToOperatingActivities": 46852000, "totalCashFromOperatingActivities": 275235000, "capitalExpenditures": -95179000, "investments": -40000000, "otherCashflowsFromInvestingActivities": 13813000, "totalCashflowsFromInvestingActivities": -81366000, "dividendsPaid": -44135000, "netBorrowings": -61111000, "otherCashflowsFromFinancingActivities": -37332000, "totalCashFromFinancingActivities": -142578000, "changeInCash": 51291000}, {"maxAge": 1, "endDate": "2018-03-31", "netIncome": 95760000, "depreciation": 36098000, "changeToNetincome": 19653000, "changeToAccountReceivables": -18939000, "changeToLiabilities": 20261000, "changeToInventory": -2494000, "changeToOperatingActivities": 7061000, "totalCashFromOperatingActivities": 157400000, "capitalExpenditures": -299672000, "investments": 89000, "otherCashflowsFromInvestingActivities": 6697000, "totalCashflowsFromInvestingActivities": -292886000, "dividendsPaid": -14712000, "netBorrowings": -55556000, "otherCashflowsFromFinancingActivities": -14547000, "totalCashFromFinancingActivities": -84815000, "changeInCash": -220301000}, {"maxAge": 1, "endDate": "2017-03-31", "netIncome": 58075000, "depreciation": 31034000, "changeToNetincome": 8531000, "changeToAccountReceivables": -42241000, "changeToLiabilities": 13037000, "changeToInventory": -12232000, "changeToOperatingActivities": -21160000, "totalCashFromOperatingActivities": 35047000, "capitalExpenditures": -175233000, "investments": 61383000, "otherCashflowsFromInvestingActivities": 35742000, "totalCashflowsFromInvestingActivities": -78108000, "dividendsPaid": -14712000, "netBorrowings": 159766000, "otherCashflowsFromFinancingActivities": -14336000, "totalCashFromFinancingActivities": 130718000, "changeInCash": 87657000}], "maxAge": 86400}, "institutionOwnership": {"ownershipList": [], "maxAge": 1}, "majorHoldersBreakdown": {"maxAge": 1}, "balanceSheetHistoryQuarterly": {"balanceSheetStatements": [{"maxAge": 1, "endDate": "2020-12-31", "totalStockholderEquity": 1081433000, "netTangibleAssets": 1069396000}, {"maxAge": 1, "endDate": "2020-09-30", "cash": 33741000, "shortTermInvestments": 155572000, "netReceivables": 169984000, "inventory": 161054000, "otherCurrentAssets": 71745000, "totalCurrentAssets": 592096000, "propertyPlantEquipment": 795948000, "intangibleAssets": 12037000, "otherAssets": 185968000, "totalAssets": 1586049000, "accountsPayable": 324336000, "otherCurrentLiab": 37323000, "longTermDebt": 17500000, "otherLiab": 90649000, "totalCurrentLiabilities": 378387000, "totalLiab": 504616000, "commonStock": 591868000, "treasuryStock": 489565000, "otherStockholderEquity": 489565000, "totalStockholderEquity": 1081433000, "netTangibleAssets": 1069396000}, {"maxAge": 1, "endDate": "2020-06-30", "totalStockholderEquity": 1002149000, "netTangibleAssets": 990100000}, {"maxAge": 1, "endDate": "2020-03-31", "cash": 3496000, "netReceivables": 210516000, "inventory": 110207000, "otherCurrentAssets": 75528000, "totalCurrentAssets": 445089000, "propertyPlantEquipment": 816120000, "intangibleAssets": 12049000, "otherAssets": 185207000, "totalAssets": 1458465000, "accountsPayable": 249592000, "shortLongTermDebt": 52190000, "otherCurrentLiab": 19613000, "longTermDebt": 549000, "otherLiab": 87337000, "totalCurrentLiabilities": 347715000, "totalLiab": 456316000, "commonStock": 588464000, "retainedEarnings": 410241000, "treasuryStock": 3444000, "otherStockholderEquity": 3444000, "totalStockholderEquity": 1002149000, "netTangibleAssets": 990100000}], "maxAge": 86400}, "indexTrend": {"maxAge": 1, "symbol": "SP5", "peRatio": 19.7411, "pegRatio": 1.34172, "estimates": [{"period": "0q", "growth": 0.549}, {"period": "+1q", "growth": 0.431}, {"period": "0y", "growth": 0.305}, {"period": "+1y", "growth": 0.109}, {"period": "+5y", "growth": 0.120865}, {"period": "-5y"}]}, "defaultKeyStatistics": {"maxAge": 1, "priceHint": 2, "enterpriseValue": 1542675584, "profitMargins": 0.087910004, "floatShares": 12728934, "sharesOutstanding": 58846400, "beta": 0.820009, "category": null, "bookValue": 18.36, "priceToBook": 1.574074, "fundFamily": null, "legalType": null, "lastFiscalYearEnd": "2020-03-31 05:30:00", "nextFiscalYearEnd": "2022-03-31 05:30:00", "mostRecentQuarter": "2020-12-31 05:30:00", "earningsQuarterlyGrowth": 1.006, "netIncomeToCommon": 197051008, "trailingEps": 3.34, "lastSplitFactor": null, "enterpriseToRevenue": 0.688, "enterpriseToEbitda": 4.754}, "summaryProfile": {"address1": "Kothari Buildings", "address2": "115 Mahatma Gandhi Salai Nungambakkam", "city": "Chennai", "zip": "600034", "country": "India", "phone": "91 44 3028 1596", "fax": "91 44 2833 4560", "website": "http://www.kotharipetrochemicals.com", "industry": "Specialty Chemicals", "sector": "Basic Materials", "longBusinessSummary": "Kothari Petrochemicals Limited produces and sells chemicals in India and internationally. It offers polyisobutylene, a linear polymer used in lubricants, adhesives, stretch/silage/cling wrap, sealants and caulks, coatings, polymer modification, asphalt and rubber, electrical cable insulation, and other applications under the KVIS brand; and C4 rafinate. The company was founded in 1989 and is headquartered in Chennai, India. Kothari Petrochemicals Limited is a subsidiary of BHK Trading LLP.", "fullTimeEmployees": 136, "companyOfficers": [], "maxAge": 86400}, "netSharePurchaseActivity": {"maxAge": 1, "period": "6m", "buyInfoCount": 0, "buyInfoShares": 0, "sellInfoCount": 0, "netInfoCount": 0, "netInfoShares": 0, "totalInsiderShares": 0}, "quoteType": {"exchange": "NSI", "quoteType": "EQUITY", "symbol": "KOTHARIPET.NS", "underlyingSymbol": "KOTHARIPET.NS", "shortName": "KOTHARI PETROCHEM", "longName": "Kothari Petrochemicals Limited", "firstTradeDateEpochUtc": "2002-07-01 09:15:00", "timeZoneFullName": "Asia/Kolkata", "timeZoneShortName": "IST", "uuid": "3523ab37-f46e-3210-9692-5df3eff41f60", "gmtOffSetMilliseconds": 19800000, "maxAge": 1}, "incomeStatementHistory": {"incomeStatementHistory": [{"maxAge": 1, "endDate": "2020-03-31", "totalRevenue": 2731546000, "costOfRevenue": 1800987000, "grossProfit": 930559000, "researchDevelopment": {}, "sellingGeneralAdministrative": 146641000, "nonRecurring": {}, "otherOperatingExpenses": 488797000, "totalOperatingExpenses": 2491817000, "operatingIncome": 239729000, "totalOtherIncomeExpenseNet": 3755000, "ebit": 239729000, "interestExpense": -18979000, "incomeBeforeTax": 243484000, "incomeTaxExpense": 60193000, "minorityInterest": {}, "netIncomeFromContinuingOps": 183291000, "discontinuedOperations": {}, "extraordinaryItems": {}, "effectOfAccountingCharges": {}, "otherItems": {}, "netIncome": 183291000, "netIncomeApplicableToCommonShares": 183291000}, {"maxAge": 1, "endDate": "2019-03-31", "totalRevenue": 2998205000, "costOfRevenue": 2220106000, "grossProfit": 778099000, "researchDevelopment": {}, "sellingGeneralAdministrative": 142463000, "nonRecurring": {}, "otherOperatingExpenses": 405299000, "totalOperatingExpenses": 2813200000, "operatingIncome": 185005000, "totalOtherIncomeExpenseNet": -25440000, "ebit": 185005000, "interestExpense": -28260000, "incomeBeforeTax": 159565000, "incomeTaxExpense": 37708000, "minorityInterest": {}, "netIncomeFromContinuingOps": 121857000, "discontinuedOperations": {}, "extraordinaryItems": {}, "effectOfAccountingCharges": {}, "otherItems": {}, "netIncome": 121857000, "netIncomeApplicableToCommonShares": 121857000}, {"maxAge": 1, "endDate": "2018-03-31", "totalRevenue": 1946547000, "costOfRevenue": 1246915000, "grossProfit": 699632000, "researchDevelopment": {}, "sellingGeneralAdministrative": 135040000, "nonRecurring": {}, "otherOperatingExpenses": 379547000, "totalOperatingExpenses": 1797600000, "operatingIncome": 148947000, "totalOtherIncomeExpenseNet": -4247000, "ebit": 148947000, "interestExpense": -11552000, "incomeBeforeTax": 144700000, "incomeTaxExpense": 48940000, "minorityInterest": {}, "netIncomeFromContinuingOps": 95760000, "discontinuedOperations": {}, "extraordinaryItems": {}, "effectOfAccountingCharges": {}, "otherItems": {}, "netIncome": 95760000, "netIncomeApplicableToCommonShares": 95760000}, {"maxAge": 1, "endDate": "2017-03-31", "totalRevenue": 2194756000, "costOfRevenue": 1640289000, "grossProfit": 554467000, "researchDevelopment": {}, "sellingGeneralAdministrative": 129036000, "nonRecurring": {}, "otherOperatingExpenses": 298517000, "totalOperatingExpenses": 2098879000, "operatingIncome": 95877000, "totalOtherIncomeExpenseNet": 3640000, "ebit": 95877000, "interestExpense": -12718000, "incomeBeforeTax": 99517000, "incomeTaxExpense": 41442000, "minorityInterest": {}, "netIncomeFromContinuingOps": 58075000, "discontinuedOperations": {}, "extraordinaryItems": {}, "effectOfAccountingCharges": {}, "otherItems": {}, "netIncome": 58075000, "netIncomeApplicableToCommonShares": 58075000}], "maxAge": 86400}, "fundOwnership": {"ownershipList": [], "maxAge": 1}, "summaryDetail": {"maxAge": 1, "priceHint": 2, "previousClose": 28.7, "open": 28.65, "dayLow": 28.1, "dayHigh": 30.0, "regularMarketPreviousClose": 28.7, "regularMarketOpen": 28.65, "regularMarketDayLow": 28.1, "regularMarketDayHigh": 30.0, "exDividendDate": "2019-07-29 05:30:00", "payoutRatio": 0.0, "beta": 0.820009, "trailingPE": 8.652695, "volume": 80320, "regularMarketVolume": 80320, "averageVolume": 110317, "averageVolume10days": 42695, "averageDailyVolume10Day": 42695, "bid": 0.0, "ask": 0.0, "bidSize": 0, "askSize": 0, "marketCap": 1700660992, "fiftyTwoWeekLow": 10.3, "fiftyTwoWeekHigh": 31.75, "priceToSalesTrailing12Months": 0.7587603, "fiftyDayAverage": 26.078789, "twoHundredDayAverage": 20.247143, "trailingAnnualDividendRate": 0.5, "trailingAnnualDividendYield": 0.017421603, "currency": "INR", "fromCurrency": null, "lastMarket": null, "algorithm": null, "tradeable": false}, "incomeStatementHistoryQuarterly": {"incomeStatementHistory": [{"maxAge": 1, "endDate": "2020-12-31", "totalRevenue": 615554000, "costOfRevenue": 400214000, "grossProfit": 215340000, "researchDevelopment": {}, "sellingGeneralAdministrative": 43378000, "nonRecurring": {}, "otherOperatingExpenses": 48511000, "totalOperatingExpenses": 506425000, "operatingIncome": 109129000, "totalOtherIncomeExpenseNet": -1892000, "ebit": 109129000, "interestExpense": -1892000, "incomeBeforeTax": 107237000, "incomeTaxExpense": 27993000, "minorityInterest": {}, "netIncomeFromContinuingOps": 79244000, "discontinuedOperations": {}, "extraordinaryItems": {}, "effectOfAccountingCharges": {}, "otherItems": {}, "netIncome": 79244000, "netIncomeApplicableToCommonShares": 79244000}, {"maxAge": 1, "endDate": "2020-09-30", "totalRevenue": 707636000, "costOfRevenue": 436902000, "grossProfit": 270734000, "researchDevelopment": {}, "sellingGeneralAdministrative": 41195000, "nonRecurring": {}, "otherOperatingExpenses": 113553000, "totalOperatingExpenses": 605401000, "operatingIncome": 102235000, "totalOtherIncomeExpenseNet": -3099000, "ebit": 102235000, "interestExpense": -3099000, "incomeBeforeTax": 99136000, "incomeTaxExpense": 29632000, "minorityInterest": {}, "netIncomeFromContinuingOps": 69504000, "discontinuedOperations": {}, "extraordinaryItems": {}, "effectOfAccountingCharges": {}, "otherItems": {}, "netIncome": 69504000, "netIncomeApplicableToCommonShares": 69504000}, {"maxAge": 1, "endDate": "2020-06-30", "totalRevenue": 255457000, "costOfRevenue": 155116000, "grossProfit": 100341000, "researchDevelopment": {}, "sellingGeneralAdministrative": 34338000, "nonRecurring": {}, "otherOperatingExpenses": 36670000, "totalOperatingExpenses": 240502000, "operatingIncome": 14955000, "totalOtherIncomeExpenseNet": -1314000, "ebit": 14955000, "interestExpense": -1314000, "incomeBeforeTax": 13641000, "incomeTaxExpense": 3807000, "minorityInterest": {}, "netIncomeFromContinuingOps": 9834000, "discontinuedOperations": {}, "extraordinaryItems": {}, "effectOfAccountingCharges": {}, "otherItems": {}, "netIncome": 9834000, "netIncomeApplicableToCommonShares": 9834000}, {"maxAge": 1, "endDate": "2020-03-31", "totalRevenue": 662722000, "costOfRevenue": 288489000, "grossProfit": 374233000, "researchDevelopment": {}, "sellingGeneralAdministrative": 33547000, "nonRecurring": {}, "otherOperatingExpenses": 278412000, "totalOperatingExpenses": 614362000, "operatingIncome": 48360000, "totalOtherIncomeExpenseNet": 6059000, "ebit": 48360000, "interestExpense": -2221000, "incomeBeforeTax": 54419000, "incomeTaxExpense": 15951000, "minorityInterest": {}, "netIncomeFromContinuingOps": 38468000, "discontinuedOperations": {}, "extraordinaryItems": {}, "effectOfAccountingCharges": {}, "otherItems": {}, "netIncome": 38468000, "netIncomeApplicableToCommonShares": 38468000}], "maxAge": 86400}, "cashflowStatementHistoryQuarterly": {"cashflowStatements": [{"maxAge": 1, "endDate": "2020-12-31", "netIncome": 79244000, "changeToLiabilities": 0}, {"maxAge": 1, "endDate": "2020-09-30", "netIncome": 69504000, "changeToLiabilities": 0}, {"maxAge": 1, "endDate": "2020-06-30", "netIncome": 9834000, "changeToLiabilities": 0}, {"maxAge": 1, "endDate": "2020-03-31", "netIncome": 38468000, "changeToLiabilities": 0}], "maxAge": 86400}, "insiderHolders": {"holders": [], "maxAge": 1}, "calendarEvents": {"maxAge": 1, "earnings": {"earningsDate": []}, "exDividendDate": "2019-07-29 05:30:00"}, "upgradeDowngradeHistory": {"history": [], "maxAge": 86400}, "price": {"maxAge": 1, "regularMarketChangePercent": 0.006968601, "regularMarketChange": 0.19999886, "regularMarketTime": "2021-04-30 15:29:56", "priceHint": 2, "regularMarketPrice": 28.9, "regularMarketDayHigh": 30.0, "regularMarketDayLow": 28.1, "regularMarketVolume": 80320, "averageDailyVolume10Day": 42695, "averageDailyVolume3Month": 110317, "regularMarketPreviousClose": 28.7, "regularMarketSource": "FREE_REALTIME", "regularMarketOpen": 28.65, "exchange": "NSI", "exchangeName": "NSE", "exchangeDataDelayedBy": 15, "marketState": "CLOSED", "quoteType": "EQUITY", "symbol": "KOTHARIPET.NS", "underlyingSymbol": null, "shortName": "KOTHARI PETROCHEM", "longName": "Kothari Petrochemicals Limited", "currency": "INR", "quoteSourceName": "Delayed Quote", "currencySymbol": "\u20b9", "fromCurrency": null, "lastMarket": null, "marketCap": 1700660992}, "balanceSheetHistory": {"balanceSheetStatements": [{"maxAge": 1, "endDate": "2020-03-31", "cash": 3496000, "netReceivables": 210516000, "inventory": 110207000, "otherCurrentAssets": 75528000, "totalCurrentAssets": 445089000, "propertyPlantEquipment": 816120000, "intangibleAssets": 12049000, "otherAssets": 185207000, "totalAssets": 1458465000, "accountsPayable": 249592000, "shortLongTermDebt": 52190000, "otherCurrentLiab": 19613000, "longTermDebt": 549000, "otherLiab": 87337000, "totalCurrentLiabilities": 347715000, "totalLiab": 456316000, "commonStock": 588464000, "retainedEarnings": 410241000, "treasuryStock": 3444000, "otherStockholderEquity": 3444000, "totalStockholderEquity": 1002149000, "netTangibleAssets": 990100000}, {"maxAge": 1, "endDate": "2019-03-31", "cash": 54938000, "netReceivables": 223234000, "inventory": 101359000, "otherCurrentAssets": 76289000, "totalCurrentAssets": 462310000, "propertyPlantEquipment": 832082000, "intangibleAssets": 4337000, "otherAssets": 200196000, "totalAssets": 1498925000, "accountsPayable": 239047000, "shortLongTermDebt": 52183000, "otherCurrentLiab": 31643000, "longTermDebt": 52739000, "otherLiab": 81284000, "totalCurrentLiabilities": 510073000, "totalLiab": 644096000, "commonStock": 588464000, "retainedEarnings": 262921000, "treasuryStock": 3444000, "otherStockholderEquity": 3444000, "totalStockholderEquity": 854829000, "netTangibleAssets": 850492000}, {"maxAge": 1, "endDate": "2018-03-31", "cash": 3647000, "netReceivables": 217470000, "inventory": 108627000, "otherCurrentAssets": 122519000, "totalCurrentAssets": 457583000, "propertyPlantEquipment": 794675000, "intangibleAssets": 417000, "otherAssets": 183185000, "totalAssets": 1435860000, "accountsPayable": 188958000, "shortLongTermDebt": 52177000, "otherCurrentLiab": 33580000, "longTermDebt": 104922000, "otherLiab": 78002000, "totalCurrentLiabilities": 466641000, "totalLiab": 649565000, "commonStock": 588464000, "retainedEarnings": 194387000, "treasuryStock": 3444000, "otherStockholderEquity": 3444000, "totalStockholderEquity": 786295000, "netTangibleAssets": 785878000}, {"maxAge": 1, "endDate": "2017-03-31", "cash": 223948000, "netReceivables": 198031000, "inventory": 106133000, "otherCurrentAssets": 81941000, "totalCurrentAssets": 613328000, "propertyPlantEquipment": 530068000, "intangibleAssets": 8000, "otherAssets": 184244000, "totalAssets": 1327648000, "accountsPayable": 168697000, "shortLongTermDebt": 2171000, "otherCurrentLiab": 31724000, "longTermDebt": 91282000, "otherLiab": 62181000, "totalCurrentLiabilities": 465816000, "totalLiab": 619279000, "commonStock": 588464000, "retainedEarnings": 116461000, "treasuryStock": 3444000, "otherStockholderEquity": 3444000, "totalStockholderEquity": 708369000, "netTangibleAssets": 708361000}], "maxAge": 86400}, "financialData": {"maxAge": 86400, "currentPrice": 28.9, "recommendationKey": "none", "totalCash": 189312992, "totalCashPerShare": 3.225, "ebitda": 324481504, "totalDebt": 35580000, "totalRevenue": 2241368064, "debtToEquity": 3.29, "revenuePerShare": 38.049, "grossProfits": 930559000, "earningsGrowth": 1.015, "revenueGrowth": -0.057, "grossMargins": 0.4286, "ebitdaMargins": 0.14477, "operatingMargins": 0.12255, "profitMargins": 0.087910004, "financialCurrency": "INR"}}}