{"KOTHARIPRO.NS": {"assetProfile": {"address1": "Pan Parag House", "address2": "24/19, The Mall", "city": "Kanpur", "zip": "208001", "country": "India", "phone": "91 51 2231 2171", "fax": "91 51 2231 2058", "website": "http://www.kothariproducts.in", "industry": "Conglomerates", "sector": "Industrials", "longBusinessSummary": "Kothari Products Limited, together with its subsidiaries, engages in international trade and real estate activities in India. It operates through two segments, Trading and Real Estate. The company is involved in the import, export, and trade of various products/commodities, including agro based commodities, minerals, metals, petroleum products and coal, tiles, notebooks, computer storage devices, computer hardware products, electronic components, transformers, copier papers, steel products, scrap and PVC products, etc. It also develops land, commercial, retail, mall, hotel, and service apartment projects, as well as leases commercial buildings; operates a hotel, as well as senior secondary schools; and invests in stocks and mutual funds. Kothari Products Limited was incorporated in 1983 and is based in Kanpur, India.", "fullTimeEmployees": 49, "companyOfficers": [{"maxAge": 1, "name": "Mr. Deepak  Kothari", "age": 69, "title": "Chairman & MD", "yearBorn": 1951, "fiscalYear": 2020, "totalPay": 4828846, "exercisedValue": 0, "unexercisedValue": 0}, {"maxAge": 1, "name": "Mr. Anurag  Tandon", "title": "Chief Financial Officer", "fiscalYear": 2020, "totalPay": 4334400, "exercisedValue": 0, "unexercisedValue": 0}, {"maxAge": 1, "name": "Mr. Raj Kumar Gupta", "title": "Company Sec. & Compliance Officer", "fiscalYear": 2020, "totalPay": 955380, "exercisedValue": 0, "unexercisedValue": 0}, {"maxAge": 1, "name": "Mr. Mitesh  Kothari", "age": 44, "title": "Exec. Director of Production & Exec. Director", "yearBorn": 1976, "fiscalYear": 2020, "totalPay": 5534245, "exercisedValue": 0, "unexercisedValue": 0}], "compensationAsOfEpochDate": "2020-12-31 05:30:00", "maxAge": 86400}, "cashflowStatementHistory": {"cashflowStatements": [{"maxAge": 1, "endDate": "2020-03-31", "netIncome": 347400000, "depreciation": 31600000, "changeToNetincome": 452700000, "changeToAccountReceivables": 3525300000, "changeToLiabilities": -4957800000, "changeToInventory": -32400000, "totalCashFromOperatingActivities": -633000000, "capitalExpenditures": -6500000, "investments": 625500000, "otherCashflowsFromInvestingActivities": -37100000, "totalCashflowsFromInvestingActivities": 594100000, "dividendsPaid": -29900000, "netBorrowings": -398600000, "otherCashflowsFromFinancingActivities": -465900000, "totalCashFromFinancingActivities": -894400000, "changeInCash": -933300000}, {"maxAge": 1, "endDate": "2019-03-31", "netIncome": 1235700000, "depreciation": 31600000, "changeToNetincome": 776200000, "changeToAccountReceivables": -5513200000, "changeToLiabilities": -9776700000, "changeToInventory": 528700000, "totalCashFromOperatingActivities": -12717500000, "capitalExpenditures": -190000000, "investments": 8326500000, "otherCashflowsFromInvestingActivities": 3000000, "totalCashflowsFromInvestingActivities": 8139700000, "dividendsPaid": -44700000, "netBorrowings": 6124000000, "otherCashflowsFromFinancingActivities": -596900000, "totalCashFromFinancingActivities": 5482400000, "changeInCash": 904600000}, {"maxAge": 1, "endDate": "2018-03-31", "netIncome": 553500000, "depreciation": 29100000, "changeToNetincome": 245600000, "changeToAccountReceivables": -1885500000, "changeToLiabilities": -6330800000, "changeToInventory": -422400000, "totalCashFromOperatingActivities": -7810500000, "capitalExpenditures": -98700000, "investments": 6135700000, "otherCashflowsFromInvestingActivities": 7300000, "totalCashflowsFromInvestingActivities": 5501700000, "dividendsPaid": -89600000, "netBorrowings": 2451700000, "otherCashflowsFromFinancingActivities": -467200000, "totalCashFromFinancingActivities": 1894900000, "changeInCash": -413900000}, {"maxAge": 1, "endDate": "2017-03-31", "netIncome": 757200000, "depreciation": 26700000, "changeToNetincome": 173000000, "changeToAccountReceivables": 3432400000, "changeToLiabilities": -4675300000, "changeToInventory": 408600000, "totalCashFromOperatingActivities": 122600000, "capitalExpenditures": -36000000, "investments": 1213900000, "otherCashflowsFromInvestingActivities": 7900000, "totalCashflowsFromInvestingActivities": 1350000000, "dividendsPaid": -89600000, "netBorrowings": -1121300000, "otherCashflowsFromFinancingActivities": -774700000, "totalCashFromFinancingActivities": -1896000000, "changeInCash": -423400000}], "maxAge": 86400}, "institutionOwnership": {"ownershipList": [], "maxAge": 1}, "majorHoldersBreakdown": {"maxAge": 1, "insidersPercentHeld": 0.87555003, "institutionsPercentHeld": 0.0, "institutionsFloatPercentHeld": 0.0, "institutionsCount": 0}, "balanceSheetHistoryQuarterly": {"balanceSheetStatements": [{"maxAge": 1, "endDate": "2020-12-31", "totalStockholderEquity": 11267300000, "netTangibleAssets": 10638300000}, {"maxAge": 1, "endDate": "2020-09-30", "cash": 923400000, "shortTermInvestments": 1111500000, "netReceivables": 20466300000, "inventory": 1433200000, "otherCurrentAssets": 269800000, "totalCurrentAssets": 24204200000, "longTermInvestments": 689100000, "propertyPlantEquipment": 314900000, "goodWill": 629000000, "otherAssets": 1492300000, "deferredLongTermAssetCharges": 15800000, "totalAssets": 27329500000, "accountsPayable": 4265300000, "shortLongTermDebt": 6093100000, "otherCurrentLiab": 618400000, "longTermDebt": 5069700000, "otherLiab": 15700000, "totalCurrentLiabilities": 10976800000, "totalLiab": 16062200000, "commonStock": 298400000, "treasuryStock": 10968900000, "otherStockholderEquity": 10968900000, "totalStockholderEquity": 11267300000, "netTangibleAssets": 10638300000}, {"maxAge": 1, "endDate": "2020-06-30", "totalStockholderEquity": 11712700000, "netTangibleAssets": 11083700000}, {"maxAge": 1, "endDate": "2020-03-31", "cash": 156500000, "shortTermInvestments": 442500000, "netReceivables": 21031600000, "inventory": 1422900000, "otherCurrentAssets": 2359300000, "totalCurrentAssets": 25412800000, "longTermInvestments": 99700000, "propertyPlantEquipment": 308800000, "goodWill": 629000000, "otherAssets": 1629300000, "deferredLongTermAssetCharges": 28000000, "totalAssets": 28079600000, "accountsPayable": 4915100000, "shortLongTermDebt": 600000, "otherCurrentLiab": 319700000, "longTermDebt": 5007300000, "otherLiab": 18200000, "totalCurrentLiabilities": 11341400000, "totalLiab": 16366900000, "commonStock": 298400000, "retainedEarnings": 10274900000, "treasuryStock": 1139400000, "otherStockholderEquity": 1139400000, "totalStockholderEquity": 11712700000, "netTangibleAssets": 11083700000}], "maxAge": 86400}, "indexTrend": {"maxAge": 1, "symbol": "SP5", "peRatio": 19.7411, "pegRatio": 1.34172, "estimates": [{"period": "0q", "growth": 0.549}, {"period": "+1q", "growth": 0.431}, {"period": "0y", "growth": 0.305}, {"period": "+1y", "growth": 0.109}, {"period": "+5y", "growth": 0.120865}, {"period": "-5y"}]}, "defaultKeyStatistics": {"maxAge": 1, "priceHint": 2, "enterpriseValue": 11013741568, "profitMargins": -0.03658, "floatShares": 3266804, "sharesOutstanding": 29843900, "heldPercentInsiders": 0.87555003, "heldPercentInstitutions": 0.0, "beta": 0.763819, "category": null, "bookValue": 377.523, "priceToBook": 0.16952609, "fundFamily": null, "legalType": null, "lastFiscalYearEnd": "2020-03-31 05:30:00", "nextFiscalYearEnd": "2022-03-31 05:30:00", "mostRecentQuarter": "2020-12-31 05:30:00", "netIncomeToCommon": -1118400000, "trailingEps": -37.487, "lastSplitFactor": "3:2", "lastSplitDate": "2016-01-05 05:30:00", "enterpriseToRevenue": 0.36, "enterpriseToEbitda": -9.577}, "summaryProfile": {"address1": "Pan Parag House", "address2": "24/19, The Mall", "city": "Kanpur", "zip": "208001", "country": "India", "phone": "91 51 2231 2171", "fax": "91 51 2231 2058", "website": "http://www.kothariproducts.in", "industry": "Conglomerates", "sector": "Industrials", "longBusinessSummary": "Kothari Products Limited, together with its subsidiaries, engages in international trade and real estate activities in India. It operates through two segments, Trading and Real Estate. The company is involved in the import, export, and trade of various products/commodities, including agro based commodities, minerals, metals, petroleum products and coal, tiles, notebooks, computer storage devices, computer hardware products, electronic components, transformers, copier papers, steel products, scrap and PVC products, etc. It also develops land, commercial, retail, mall, hotel, and service apartment projects, as well as leases commercial buildings; operates a hotel, as well as senior secondary schools; and invests in stocks and mutual funds. Kothari Products Limited was incorporated in 1983 and is based in Kanpur, India.", "fullTimeEmployees": 49, "companyOfficers": [], "maxAge": 86400}, "netSharePurchaseActivity": {"maxAge": 1, "period": "6m", "buyInfoCount": 0, "buyInfoShares": 0, "sellInfoCount": 0, "netInfoCount": 0, "netInfoShares": 0, "netPercentInsiderShares": 0.0, "totalInsiderShares": 26125776}, "insiderTransactions": {"transactions": [{"maxAge": 1, "shares": 1895316, "filerUrl": "", "transactionText": "", "filerName": "Kothari (Arti)", "filerRelation": "Promoter", "moneyText": "", "startDate": "2015-10-28", "ownership": "D"}], "maxAge": 1}, "quoteType": {"exchange": "NSI", "quoteType": "EQUITY", "symbol": "KOTHARIPRO.NS", "underlyingSymbol": "KOTHARIPRO.NS", "shortName": "KOTHARI PRODUCTS", "longName": "Kothari Products Limited", "firstTradeDateEpochUtc": "2002-07-01 09:15:00", "timeZoneFullName": "Asia/Kolkata", "timeZoneShortName": "IST", "uuid": "fa09b3a7-d933-3da9-b42b-6215c0a69ec3", "gmtOffSetMilliseconds": 19800000, "maxAge": 1}, "incomeStatementHistory": {"incomeStatementHistory": [{"maxAge": 1, "endDate": "2020-03-31", "totalRevenue": 41132500000, "costOfRevenue": 40822500000, "grossProfit": 310000000, "researchDevelopment": {}, "sellingGeneralAdministrative": 80800000, "nonRecurring": {}, "otherOperatingExpenses": 380100000, "totalOperatingExpenses": 41315200000, "operatingIncome": -182700000, "totalOtherIncomeExpenseNet": 730700000, "ebit": -182700000, "interestExpense": -443600000, "incomeBeforeTax": 548000000, "incomeTaxExpense": 200600000, "minorityInterest": {}, "netIncomeFromContinuingOps": 347400000, "discontinuedOperations": {}, "extraordinaryItems": {}, "effectOfAccountingCharges": {}, "otherItems": {}, "netIncome": 347400000, "netIncomeApplicableToCommonShares": 347400000}, {"maxAge": 1, "endDate": "2019-03-31", "totalRevenue": 57187800000, "costOfRevenue": 53741300000, "grossProfit": 3446500000, "researchDevelopment": {}, "sellingGeneralAdministrative": 102400000, "nonRecurring": {}, "otherOperatingExpenses": 1260200000, "totalOperatingExpenses": 55135700000, "operatingIncome": 2052100000, "totalOtherIncomeExpenseNet": -427500000, "ebit": 2052100000, "interestExpense": -429000000, "incomeBeforeTax": 1624600000, "incomeTaxExpense": 388900000, "minorityInterest": {}, "netIncomeFromContinuingOps": 1235700000, "discontinuedOperations": {}, "extraordinaryItems": {}, "effectOfAccountingCharges": {}, "otherItems": {}, "netIncome": 1235700000, "netIncomeApplicableToCommonShares": 1235700000}, {"maxAge": 1, "endDate": "2018-03-31", "totalRevenue": 63666000000, "costOfRevenue": 61602900000, "grossProfit": 2063100000, "researchDevelopment": {}, "sellingGeneralAdministrative": 100600000, "nonRecurring": {}, "otherOperatingExpenses": 364900000, "totalOperatingExpenses": 62097500000, "operatingIncome": 1568500000, "totalOtherIncomeExpenseNet": -888100000, "ebit": 1568500000, "interestExpense": -215400000, "incomeBeforeTax": 680400000, "incomeTaxExpense": 126900000, "minorityInterest": 200000, "netIncomeFromContinuingOps": 553500000, "discontinuedOperations": {}, "extraordinaryItems": {}, "effectOfAccountingCharges": {}, "otherItems": {}, "netIncome": 553500000, "netIncomeApplicableToCommonShares": 553500000}, {"maxAge": 1, "endDate": "2017-03-31", "totalRevenue": 63343100000, "costOfRevenue": 60543900000, "grossProfit": 2799200000, "researchDevelopment": {}, "sellingGeneralAdministrative": 83300000, "nonRecurring": {}, "otherOperatingExpenses": 889100000, "totalOperatingExpenses": 61543000000, "operatingIncome": 1800100000, "totalOtherIncomeExpenseNet": -645700000, "ebit": 1800100000, "interestExpense": -458100000, "incomeBeforeTax": 1154400000, "incomeTaxExpense": 397200000, "minorityInterest": 1800000, "netIncomeFromContinuingOps": 757200000, "discontinuedOperations": {}, "extraordinaryItems": {}, "effectOfAccountingCharges": {}, "otherItems": {}, "netIncome": 757200000, "netIncomeApplicableToCommonShares": 757200000}], "maxAge": 86400}, "fundOwnership": {"ownershipList": [], "maxAge": 1}, "summaryDetail": {"maxAge": 1, "priceHint": 2, "previousClose": 63.2, "open": 62.1, "dayLow": 61.5, "dayHigh": 67.05, "regularMarketPreviousClose": 63.2, "regularMarketOpen": 62.1, "regularMarketDayLow": 61.5, "regularMarketDayHigh": 67.05, "exDividendDate": "2019-09-12 05:30:00", "payoutRatio": 0.0, "beta": 0.763819, "volume": 8026, "regularMarketVolume": 8026, "averageVolume": 14164, "averageVolume10days": 6429, "averageDailyVolume10Day": 6429, "bid": 0.0, "ask": 0.0, "bidSize": 0, "askSize": 0, "marketCap": 1882809600, "fiftyTwoWeekLow": 34.95, "fiftyTwoWeekHigh": 95.15, "priceToSalesTrailing12Months": 0.061583057, "fiftyDayAverage": 68.8894, "twoHundredDayAverage": 66.99715, "trailingAnnualDividendRate": 1.0, "trailingAnnualDividendYield": 0.015822785, "currency": "INR", "fromCurrency": null, "lastMarket": null, "algorithm": null, "tradeable": false}, "incomeStatementHistoryQuarterly": {"incomeStatementHistory": [{"maxAge": 1, "endDate": "2020-12-31", "totalRevenue": 7737800000, "costOfRevenue": 7669600000, "grossProfit": 68200000, "researchDevelopment": {}, "sellingGeneralAdministrative": 12800000, "nonRecurring": {}, "otherOperatingExpenses": 828800000, "totalOperatingExpenses": 8517700000, "operatingIncome": -779900000, "totalOtherIncomeExpenseNet": -62100000, "ebit": -779900000, "interestExpense": -90400000, "incomeBeforeTax": -842000000, "incomeTaxExpense": 12000000, "minorityInterest": {}, "netIncomeFromContinuingOps": -854000000, "discontinuedOperations": {}, "extraordinaryItems": {}, "effectOfAccountingCharges": {}, "otherItems": {}, "netIncome": -854000000, "netIncomeApplicableToCommonShares": -854000000}, {"maxAge": 1, "endDate": "2020-09-30", "totalRevenue": 6260000000, "costOfRevenue": 6201400000, "grossProfit": 58600000, "researchDevelopment": {}, "sellingGeneralAdministrative": 12200000, "nonRecurring": {}, "otherOperatingExpenses": 310400000, "totalOperatingExpenses": 6532000000, "operatingIncome": -272000000, "totalOtherIncomeExpenseNet": -133300000, "ebit": -272000000, "interestExpense": -117400000, "incomeBeforeTax": -405300000, "incomeTaxExpense": 0, "minorityInterest": {}, "netIncomeFromContinuingOps": -405300000, "discontinuedOperations": {}, "extraordinaryItems": {}, "effectOfAccountingCharges": {}, "otherItems": {}, "netIncome": -405300000, "netIncomeApplicableToCommonShares": -405300000}, {"maxAge": 1, "endDate": "2020-06-30", "totalRevenue": 7591800000, "costOfRevenue": 7513200000, "grossProfit": 78600000, "researchDevelopment": {}, "sellingGeneralAdministrative": 13000000, "nonRecurring": {}, "otherOperatingExpenses": 14100000, "totalOperatingExpenses": 7548300000, "operatingIncome": 43500000, "totalOtherIncomeExpenseNet": -56400000, "ebit": 43500000, "interestExpense": -118400000, "incomeBeforeTax": -12900000, "incomeTaxExpense": 12800000, "minorityInterest": {}, "netIncomeFromContinuingOps": -25700000, "discontinuedOperations": {}, "extraordinaryItems": {}, "effectOfAccountingCharges": {}, "otherItems": {}, "netIncome": -25700000, "netIncomeApplicableToCommonShares": -25700000}, {"maxAge": 1, "endDate": "2020-03-31", "totalRevenue": 8475800000, "costOfRevenue": 8915600000, "grossProfit": -439800000, "researchDevelopment": {}, "sellingGeneralAdministrative": 34200000, "nonRecurring": {}, "otherOperatingExpenses": 198700000, "totalOperatingExpenses": 9157100000, "operatingIncome": -681300000, "totalOtherIncomeExpenseNet": 1014700000, "ebit": -681300000, "interestExpense": -101100000, "incomeBeforeTax": 333400000, "incomeTaxExpense": 167000000, "minorityInterest": {}, "netIncomeFromContinuingOps": 166400000, "discontinuedOperations": {}, "extraordinaryItems": {}, "effectOfAccountingCharges": {}, "otherItems": {}, "netIncome": 166400000, "netIncomeApplicableToCommonShares": 166400000}], "maxAge": 86400}, "cashflowStatementHistoryQuarterly": {"cashflowStatements": [{"maxAge": 1, "endDate": "2020-12-31", "netIncome": -854000000, "changeToLiabilities": 0}, {"maxAge": 1, "endDate": "2020-09-30", "netIncome": -405300000, "changeToLiabilities": 0}, {"maxAge": 1, "endDate": "2020-06-30", "netIncome": -25700000, "changeToLiabilities": 0}, {"maxAge": 1, "endDate": "2020-03-31", "netIncome": 166400000, "changeToLiabilities": 0}], "maxAge": 86400}, "insiderHolders": {"holders": [{"maxAge": 1, "name": "Kothari (Arti)", "relation": "Promoter", "url": "", "transactionDescription": "Other", "latestTransDate": "2015-10-28", "positionDirect": 0, "positionDirectDate": "2015-10-28"}], "maxAge": 1}, "calendarEvents": {"maxAge": 1, "earnings": {"earningsDate": []}, "exDividendDate": "2019-09-12 05:30:00"}, "upgradeDowngradeHistory": {"history": [], "maxAge": 86400}, "price": {"maxAge": 1, "regularMarketChangePercent": 0.012658216, "regularMarketChange": 0.79999924, "regularMarketTime": "2021-04-30 15:28:22", "priceHint": 2, "regularMarketPrice": 64.0, "regularMarketDayHigh": 67.05, "regularMarketDayLow": 61.5, "regularMarketVolume": 8026, "averageDailyVolume10Day": 6429, "averageDailyVolume3Month": 14164, "regularMarketPreviousClose": 63.2, "regularMarketSource": "FREE_REALTIME", "regularMarketOpen": 62.1, "exchange": "NSI", "exchangeName": "NSE", "exchangeDataDelayedBy": 15, "marketState": "CLOSED", "quoteType": "EQUITY", "symbol": "KOTHARIPRO.NS", "underlyingSymbol": null, "shortName": "KOTHARI PRODUCTS", "longName": "Kothari Products Limited", "currency": "INR", "quoteSourceName": "Delayed Quote", "currencySymbol": "\u20b9", "fromCurrency": null, "lastMarket": null, "marketCap": 1882809600}, "balanceSheetHistory": {"balanceSheetStatements": [{"maxAge": 1, "endDate": "2020-03-31", "cash": 156500000, "shortTermInvestments": 442500000, "netReceivables": 21031600000, "inventory": 1422900000, "otherCurrentAssets": 2359300000, "totalCurrentAssets": 25412800000, "longTermInvestments": 99700000, "propertyPlantEquipment": 308800000, "goodWill": 629000000, "otherAssets": 1629300000, "deferredLongTermAssetCharges": 28000000, "totalAssets": 28079600000, "accountsPayable": 4915100000, "shortLongTermDebt": 600000, "otherCurrentLiab": 319700000, "longTermDebt": 5007300000, "otherLiab": 18200000, "totalCurrentLiabilities": 11341400000, "totalLiab": 16366900000, "commonStock": 298400000, "retainedEarnings": 10274900000, "treasuryStock": 1139400000, "otherStockholderEquity": 1139400000, "totalStockholderEquity": 11712700000, "netTangibleAssets": 11083700000}, {"maxAge": 1, "endDate": "2019-03-31", "cash": 1090500000, "shortTermInvestments": 451900000, "netReceivables": 23444300000, "inventory": 1416900000, "otherCurrentAssets": 3012300000, "totalCurrentAssets": 29415900000, "longTermInvestments": 79300000, "propertyPlantEquipment": 358800000, "goodWill": 629000000, "intangibleAssets": 200000, "otherAssets": 2392800000, "deferredLongTermAssetCharges": 150600000, "totalAssets": 32876000000, "accountsPayable": 9649900000, "shortLongTermDebt": 7400000, "otherCurrentLiab": 443800000, "longTermDebt": 4850300000, "otherLiab": 30800000, "totalCurrentLiabilities": 16693800000, "totalLiab": 21574900000, "commonStock": 298400000, "retainedEarnings": 9963500000, "treasuryStock": 1039200000, "otherStockholderEquity": 1039200000, "totalStockholderEquity": 11301100000, "netTangibleAssets": 10671900000}, {"maxAge": 1, "endDate": "2018-03-31", "cash": 183100000, "shortTermInvestments": 71400000, "netReceivables": 18620000000, "inventory": 2164800000, "otherCurrentAssets": 8515000000, "totalCurrentAssets": 29554300000, "longTermInvestments": 1193100000, "propertyPlantEquipment": 198600000, "goodWill": 629000000, "otherAssets": 4057000000, "deferredLongTermAssetCharges": 70500000, "totalAssets": 35632000000, "accountsPayable": 19776300000, "shortLongTermDebt": 11500000, "otherCurrentLiab": 355200000, "longTermDebt": 1312500000, "otherLiab": 66200000, "minorityInterest": 200000, "totalCurrentLiabilities": 24127300000, "totalLiab": 25506000000, "commonStock": 298400000, "retainedEarnings": 9617500000, "treasuryStock": 209900000, "otherStockholderEquity": 209900000, "totalStockholderEquity": 10125800000, "netTangibleAssets": 9496800000}, {"maxAge": 1, "endDate": "2017-03-31", "cash": 597000000, "shortTermInvestments": 663700000, "netReceivables": 16789400000, "inventory": 1742400000, "otherCurrentAssets": 15450800000, "totalCurrentAssets": 35243300000, "longTermInvestments": 1303600000, "propertyPlantEquipment": 178400000, "goodWill": 78700000, "otherAssets": 2081200000, "deferredLongTermAssetCharges": 10700000, "totalAssets": 38885200000, "accountsPayable": 25910700000, "shortLongTermDebt": 6600000, "otherCurrentLiab": 521000000, "longTermDebt": 880000000, "otherLiab": 8700000, "minorityInterest": 1800000, "totalCurrentLiabilities": 28416400000, "totalLiab": 29305100000, "commonStock": 298400000, "retainedEarnings": 9077300000, "treasuryStock": 202600000, "otherStockholderEquity": 202600000, "totalStockholderEquity": 9578300000, "netTangibleAssets": 9499600000}], "maxAge": 86400}, "financialData": {"maxAge": 86400, "currentPrice": 64.0, "recommendationKey": "none", "totalCash": 2034899968, "totalCashPerShare": 68.195, "ebitda": -1150000000, "totalDebt": 11162800128, "totalRevenue": 30573500416, "debtToEquity": 99.073, "revenuePerShare": 1024.75, "grossProfits": 310000000, "revenueGrowth": -0.292, "grossMargins": 0.00895, "ebitdaMargins": -0.037609998, "operatingMargins": -0.03865, "profitMargins": -0.03658, "financialCurrency": "INR"}}}