{"KOVAI.BO": {"recommendationTrend": {"trend": [{"period": "0m", "strongBuy": 0, "buy": 0, "hold": 0, "sell": 0, "strongSell": 0}, {"period": "-1m", "strongBuy": 0, "buy": 0, "hold": 0, "sell": 0, "strongSell": 0}, {"period": "-2m", "strongBuy": 0, "buy": 0, "hold": 0, "sell": 0, "strongSell": 0}, {"period": "-3m", "strongBuy": 0, "buy": 0, "hold": 0, "sell": 0, "strongSell": 0}], "maxAge": 86400}, "cashflowStatementHistory": {"cashflowStatements": [{"maxAge": 1, "endDate": "2020-03-31", "netIncome": 945871000, "depreciation": 516332000, "changeToNetincome": 14307000, "changeToLiabilities": 0, "changeToOperatingActivities": 180265000, "totalCashFromOperatingActivities": 1661636000, "capitalExpenditures": -2680253000, "totalCashflowsFromInvestingActivities": -2678196000, "dividendsPaid": -77600000, "netBorrowings": 1324673000, "otherCashflowsFromFinancingActivities": -119256000, "totalCashFromFinancingActivities": 1127817000, "changeInCash": -698067000}, {"maxAge": 1, "endDate": "2019-03-31", "netIncome": 601427000, "depreciation": 351843000, "changeToNetincome": 136142000, "changeToLiabilities": 0, "changeToOperatingActivities": 167616000, "totalCashFromOperatingActivities": 1260512000, "capitalExpenditures": -2767117000, "totalCashflowsFromInvestingActivities": -2766338000, "dividendsPaid": -39435000, "netBorrowings": 1761269000, "otherCashflowsFromFinancingActivities": -121151000, "totalCashFromFinancingActivities": 1600683000, "changeInCash": -656769000}, {"maxAge": 1, "endDate": "2018-03-31", "netIncome": 579797000, "depreciation": 340755000, "changeToNetincome": 64051000, "changeToLiabilities": 0, "changeToOperatingActivities": -118265000, "totalCashFromOperatingActivities": 868897000, "capitalExpenditures": -1284513000, "investments": 600000, "otherCashflowsFromInvestingActivities": 50386000, "totalCashflowsFromInvestingActivities": -1227349000, "dividendsPaid": -33199000, "netBorrowings": 761241000, "otherCashflowsFromFinancingActivities": -129770000, "totalCashFromFinancingActivities": 598272000, "changeInCash": -447459000}, {"maxAge": 1, "endDate": "2017-03-31", "netIncome": 600635000, "depreciation": 237119000, "changeToNetincome": 171588000, "changeToLiabilities": 0, "changeToOperatingActivities": -19769000, "totalCashFromOperatingActivities": 991109000, "capitalExpenditures": -360265000, "investments": 600000, "otherCashflowsFromInvestingActivities": 38825000, "totalCashflowsFromInvestingActivities": -320109000, "dividendsPaid": -19699000, "netBorrowings": -328885000, "otherCashflowsFromFinancingActivities": -148707000, "totalCashFromFinancingActivities": -497291000, "changeInCash": -335322000}], "maxAge": 86400}, "institutionOwnership": {"maxAge": 1, "ownershipList": []}, "balanceSheetHistoryQuarterly": {"balanceSheetStatements": [{"maxAge": 1, "endDate": "2020-06-30", "totalStockholderEquity": 4310369000, "netTangibleAssets": 4301697000}, {"maxAge": 1, "endDate": "2020-03-31", "cash": 320879000, "shortTermInvestments": 799155000, "netReceivables": 141170000, "inventory": 126598000, "otherCurrentAssets": 12767000, "totalCurrentAssets": 1423969000, "longTermInvestments": 1168000, "propertyPlantEquipment": 9415008000, "intangibleAssets": 8672000, "otherAssets": 223297000, "totalAssets": 11072114000, "accountsPayable": 309767000, "shortLongTermDebt": 45264000, "otherCurrentLiab": 503340000, "longTermDebt": 5046376000, "otherLiab": 368757000, "totalCurrentLiabilities": 1051883000, "totalLiab": 6761745000, "commonStock": 109423000, "retainedEarnings": 4197219000, "treasuryStock": 3727000, "otherStockholderEquity": 3727000, "totalStockholderEquity": 4310369000, "netTangibleAssets": 4301697000}, {"maxAge": 1, "endDate": "2019-12-31", "totalStockholderEquity": 3753990000, "netTangibleAssets": 3743909000}, {"maxAge": 1, "endDate": "2019-09-30", "cash": 1148839000, "shortTermInvestments": 60618000, "netReceivables": 138071000, "inventory": 104840000, "otherCurrentAssets": 26837000, "totalCurrentAssets": 1479205000, "longTermInvestments": 1734000, "propertyPlantEquipment": 8508441000, "intangibleAssets": 10081000, "otherAssets": 312999000, "totalAssets": 10312460000, "accountsPayable": 328079000, "otherCurrentLiab": 2021493000, "longTermDebt": 3345600000, "otherLiab": 746204000, "totalCurrentLiabilities": 2466666000, "totalLiab": 6558470000, "commonStock": 109423000, "treasuryStock": 3644567000, "otherStockholderEquity": 3644567000, "totalStockholderEquity": 3753990000, "netTangibleAssets": 3743909000}], "maxAge": 86400}, "earningsHistory": {"history": [{"maxAge": 1, "epsActual": {}, "epsEstimate": {}, "epsDifference": {}, "surprisePercent": {}, "quarter": {}, "period": "-4q"}, {"maxAge": 1, "epsActual": 16.13, "epsEstimate": 16.93, "epsDifference": -0.8, "surprisePercent": -0.047, "quarter": "2017-09-30", "period": "-3q"}, {"maxAge": 1, "epsActual": 13.24, "epsEstimate": 14.54, "epsDifference": -1.3, "surprisePercent": -0.088999994, "quarter": "2017-12-31", "period": "-2q"}, {"maxAge": 1, "epsActual": 9.19, "epsEstimate": 14.33, "epsDifference": -5.14, "surprisePercent": -0.35900003, "quarter": "2018-03-31", "period": "-1q"}], "maxAge": 86400}, "indexTrend": {"maxAge": 1, "symbol": "SP5", "peRatio": 19.7411, "pegRatio": 1.34172, "estimates": [{"period": "0q", "growth": 0.549}, {"period": "+1q", "growth": 0.431}, {"period": "0y", "growth": 0.305}, {"period": "+1y", "growth": 0.109}, {"period": "+5y", "growth": 0.120859005}, {"period": "-5y"}]}, "industryTrend": {"maxAge": 1, "symbol": null, "estimates": []}, "insiderTransactions": {"transactions": [{"maxAge": 1, "shares": 1686, "filerUrl": "", "transactionText": "", "filerName": "Sadasivan (Nanjappa)", "filerRelation": "Promoter", "moneyText": "", "startDate": "2020-01-24", "ownership": "D"}, {"maxAge": 1, "shares": 18000, "filerUrl": "", "transactionText": "", "filerName": "Kovai Purani Finance, Ltd.", "filerRelation": "Promoter", "moneyText": "", "startDate": "2019-11-14", "ownership": "D"}, {"maxAge": 1, "shares": 100, "filerUrl": "", "transactionText": "", "filerName": "Kovai Purani Finance, Ltd.", "filerRelation": "Promoter", "moneyText": "", "startDate": "2019-03-05", "ownership": "D"}, {"maxAge": 1, "shares": 1200, "filerUrl": "", "transactionText": "", "filerName": "Kovai Purani Finance, Ltd.", "filerRelation": "Promoter", "moneyText": "", "startDate": "2018-10-25", "ownership": "D"}, {"maxAge": 1, "shares": 101, "filerUrl": "", "transactionText": "", "filerName": "Murugaiyan (K)", "filerRelation": "Promoter", "moneyText": "", "startDate": "2018-10-25", "ownership": "D"}, {"maxAge": 1, "shares": 101, "filerUrl": "", "transactionText": "", "filerName": "Murugaiyan (Mallika)", "filerRelation": "Promoter", "moneyText": "", "startDate": "2018-10-25", "ownership": "D"}], "maxAge": 1}, "quoteType": {"exchange": "BSE", "quoteType": "EQUITY", "symbol": "KOVAI.BO", "underlyingSymbol": "KOVAI.BO", "shortName": "KOVAI MEDICAL CENTER & HOSPITA", "longName": "Kovai Medical Center and Hospital Limited", "firstTradeDateEpochUtc": "2001-03-26 09:15:00", "timeZoneFullName": "Asia/Kolkata", "timeZoneShortName": "IST", "uuid": "d538b72e-59cf-33da-bb43-ad24096af517", "messageBoardId": null, "gmtOffSetMilliseconds": 19800000, "maxAge": 1}, "incomeStatementHistory": {"incomeStatementHistory": [{"maxAge": 1, "endDate": "2020-03-31", "totalRevenue": 7117288000, "costOfRevenue": 3355912000, "grossProfit": 3761376000, "researchDevelopment": {}, "sellingGeneralAdministrative": 83318000, "nonRecurring": {}, "otherOperatingExpenses": 1984489000, "totalOperatingExpenses": 5944912000, "operatingIncome": 1172376000, "totalOtherIncomeExpenseNet": -53249000, "ebit": 1172376000, "interestExpense": -142502000, "incomeBeforeTax": 1119127000, "incomeTaxExpense": 173256000, "minorityInterest": {}, "netIncomeFromContinuingOps": 945871000, "discontinuedOperations": {}, "extraordinaryItems": {}, "effectOfAccountingCharges": {}, "otherItems": {}, "netIncome": 945871000, "netIncomeApplicableToCommonShares": 945871000}, {"maxAge": 1, "endDate": "2019-03-31", "totalRevenue": 6283905000, "costOfRevenue": 3062167000, "grossProfit": 3221738000, "researchDevelopment": {}, "sellingGeneralAdministrative": 101427000, "nonRecurring": {}, "otherOperatingExpenses": 1797145000, "totalOperatingExpenses": 5316066000, "operatingIncome": 967839000, "totalOtherIncomeExpenseNet": -39394000, "ebit": 967839000, "interestExpense": -121302000, "incomeBeforeTax": 928445000, "incomeTaxExpense": 327018000, "minorityInterest": {}, "netIncomeFromContinuingOps": 601427000, "discontinuedOperations": {}, "extraordinaryItems": {}, "effectOfAccountingCharges": {}, "otherItems": {}, "netIncome": 601427000, "netIncomeApplicableToCommonShares": 601427000}, {"maxAge": 1, "endDate": "2018-03-31", "totalRevenue": 5923663000, "costOfRevenue": 2862303000, "grossProfit": 3061360000, "researchDevelopment": {}, "sellingGeneralAdministrative": 90071000, "nonRecurring": {}, "otherOperatingExpenses": 1676793000, "totalOperatingExpenses": 4972481000, "operatingIncome": 951182000, "totalOtherIncomeExpenseNet": -56830000, "ebit": 951182000, "interestExpense": -121035000, "incomeBeforeTax": 894352000, "incomeTaxExpense": 314555000, "minorityInterest": {}, "netIncomeFromContinuingOps": 579797000, "discontinuedOperations": {}, "extraordinaryItems": {}, "effectOfAccountingCharges": {}, "otherItems": {}, "netIncome": 579797000, "netIncomeApplicableToCommonShares": 579797000}, {"maxAge": 1, "endDate": "2017-03-31", "totalRevenue": 5310733000, "costOfRevenue": 2602131000, "grossProfit": 2708602000, "researchDevelopment": {}, "sellingGeneralAdministrative": 62672000, "nonRecurring": {}, "otherOperatingExpenses": 1391351000, "totalOperatingExpenses": 4294809000, "operatingIncome": 1015924000, "totalOtherIncomeExpenseNet": -91662000, "ebit": 1015924000, "interestExpense": -146154000, "incomeBeforeTax": 924262000, "incomeTaxExpense": 323627000, "minorityInterest": {}, "netIncomeFromContinuingOps": 600635000, "discontinuedOperations": {}, "extraordinaryItems": {}, "effectOfAccountingCharges": {}, "otherItems": {}, "netIncome": 600635000, "netIncomeApplicableToCommonShares": 600635000}], "maxAge": 86400}, "fundOwnership": {"maxAge": 1, "ownershipList": []}, "summaryDetail": {"maxAge": 1, "priceHint": 2, "previousClose": 1245.65, "open": 1245.0, "dayLow": 1230.0, "dayHigh": 1340.0, "regularMarketPreviousClose": 1245.65, "regularMarketOpen": 1245.0, "regularMarketDayLow": 1230.0, "regularMarketDayHigh": 1340.0, "trailingPE": 17.866621, "forwardPE": 18.82842, "volume": 28492, "regularMarketVolume": 28492, "averageVolume": 5945, "averageVolume10days": 6680, "averageDailyVolume10Day": 6680, "bid": 1225.65, "ask": 1240.0, "bidSize": 0, "askSize": 0, "marketCap": 13628635136, "fiftyTwoWeekLow": 501.25, "fiftyTwoWeekHigh": 1340.0, "fiftyDayAverage": 1139.6044, "twoHundredDayAverage": 906.7305, "trailingAnnualDividendRate": 3.0, "trailingAnnualDividendYield": 0.002408381, "currency": "INR", "fromCurrency": null, "toCurrency": null, "lastMarket": null, "algorithm": null, "tradeable": false}, "sectorTrend": {"maxAge": 1, "symbol": null, "estimates": []}, "incomeStatementHistoryQuarterly": {"incomeStatementHistory": [{"maxAge": 1, "endDate": "2020-06-30", "totalRevenue": 1289734000, "costOfRevenue": 656534000, "grossProfit": 633200000, "researchDevelopment": {}, "sellingGeneralAdministrative": {}, "nonRecurring": {}, "otherOperatingExpenses": 408137000, "totalOperatingExpenses": 1228566000, "operatingIncome": 61168000, "totalOtherIncomeExpenseNet": -40117000, "ebit": 61168000, "interestExpense": -68109000, "incomeBeforeTax": 21051000, "incomeTaxExpense": 5620000, "minorityInterest": {}, "netIncomeFromContinuingOps": 15431000, "discontinuedOperations": {}, "extraordinaryItems": {}, "effectOfAccountingCharges": {}, "otherItems": {}, "netIncome": 15431000, "netIncomeApplicableToCommonShares": 15431000}, {"maxAge": 1, "endDate": "2020-03-31", "totalRevenue": 1777676000, "costOfRevenue": 907907000, "grossProfit": 869769000, "researchDevelopment": {}, "sellingGeneralAdministrative": 83318000, "nonRecurring": {}, "otherOperatingExpenses": 369553000, "totalOperatingExpenses": 1578371000, "operatingIncome": 199305000, "totalOtherIncomeExpenseNet": -26293000, "ebit": 199305000, "interestExpense": -39088000, "incomeBeforeTax": 173012000, "incomeTaxExpense": -161877000, "minorityInterest": {}, "netIncomeFromContinuingOps": 334889000, "discontinuedOperations": {}, "extraordinaryItems": {}, "effectOfAccountingCharges": {}, "otherItems": {}, "netIncome": 334889000, "netIncomeApplicableToCommonShares": 334889000}, {"maxAge": 1, "endDate": "2019-12-31", "totalRevenue": 1918796000, "costOfRevenue": 861069000, "grossProfit": 1057727000, "researchDevelopment": {}, "sellingGeneralAdministrative": 83318000, "nonRecurring": {}, "otherOperatingExpenses": 550086000, "totalOperatingExpenses": 1517650000, "operatingIncome": 401146000, "totalOtherIncomeExpenseNet": -6493000, "ebit": 401146000, "interestExpense": -32670000, "incomeBeforeTax": 394653000, "incomeTaxExpense": 145754000, "minorityInterest": {}, "netIncomeFromContinuingOps": 248899000, "discontinuedOperations": {}, "extraordinaryItems": {}, "effectOfAccountingCharges": {}, "otherItems": {}, "netIncome": 248899000, "netIncomeApplicableToCommonShares": 248899000}, {"maxAge": 1, "endDate": "2019-09-30", "totalRevenue": 1766396000, "costOfRevenue": 811173000, "grossProfit": 955223000, "researchDevelopment": {}, "sellingGeneralAdministrative": 83318000, "nonRecurring": {}, "otherOperatingExpenses": 542938000, "totalOperatingExpenses": 1455403000, "operatingIncome": 310993000, "totalOtherIncomeExpenseNet": -18283000, "ebit": 310993000, "interestExpense": -41665000, "incomeBeforeTax": 292710000, "incomeTaxExpense": 129073000, "minorityInterest": {}, "netIncomeFromContinuingOps": 163637000, "discontinuedOperations": {}, "extraordinaryItems": {}, "effectOfAccountingCharges": {}, "otherItems": {}, "netIncome": 163637000, "netIncomeApplicableToCommonShares": 163637000}], "maxAge": 86400}, "cashflowStatementHistoryQuarterly": {"cashflowStatements": [{"maxAge": 1, "endDate": "2020-06-30", "netIncome": 15431000, "changeToLiabilities": 0}, {"maxAge": 1, "endDate": "2020-03-31", "netIncome": 334889000, "changeToLiabilities": 0}, {"maxAge": 1, "endDate": "2019-12-31", "netIncome": 248899000, "changeToLiabilities": 0}, {"maxAge": 1, "endDate": "2019-09-30", "netIncome": 163637000, "changeToLiabilities": 0}], "maxAge": 86400}, "insiderHolders": {"holders": [{"maxAge": 1, "name": "Kovai Purani Finance, Ltd.", "relation": "Promoter", "url": "", "transactionDescription": "Acquisition", "latestTransDate": "2019-11-14", "positionDirect": 4025761, "positionDirectDate": "2019-11-14"}, {"maxAge": 1, "name": "Murugaiyan (K)", "relation": "Promoter", "url": "", "transactionDescription": "Purchase", "latestTransDate": "2018-10-25", "positionDirect": 70101, "positionDirectDate": "2018-10-25"}, {"maxAge": 1, "name": "Murugaiyan (Mallika)", "relation": "Promoter", "url": "", "transactionDescription": "Purchase", "latestTransDate": "2018-10-25", "positionDirect": 10101, "positionDirectDate": "2018-10-25"}, {"maxAge": 1, "name": "Sadasivan (Nanjappa)", "relation": "Promoter", "url": "", "transactionDescription": "Sale", "latestTransDate": "2020-01-24", "positionDirect": 2514, "positionDirectDate": "2020-01-24"}], "maxAge": 1}, "earnings": {"maxAge": 86400, "earningsChart": {"quarterly": [{"date": "3Q2017", "actual": 16.13, "estimate": 16.93}, {"date": "4Q2017", "actual": 13.24, "estimate": 14.54}, {"date": "1Q2018", "actual": 9.19, "estimate": 14.33}], "currentQuarterEstimateDate": "2Q", "currentQuarterEstimateYear": 2018, "earningsDate": ["2020-09-01 05:30:S"]}, "financialsChart": {"yearly": [{"date": 2017, "revenue": 5310733000, "earnings": 600635000}, {"date": 2018, "revenue": 5923663000, "earnings": 579797000}, {"date": 2019, "revenue": 6283905000, "earnings": 601427000}, {"date": 2020, "revenue": 7117288000, "earnings": 945871000}], "quarterly": [{"date": "3Q2019", "revenue": 1766396000, "earnings": 163637000}, {"date": "4Q2019", "revenue": 1918796000, "earnings": 248899000}, {"date": "1Q2020", "revenue": 1777676000, "earnings": 334889000}, {"date": "2Q2020", "revenue": 1289734000, "earnings": 15431000}]}, "financialCurrency": "INR"}, "calendarEvents": {"maxAge": 1, "earnings": {"earningsDate": ["2020-09-01 05:30:S"]}}, "price": {"maxAge": 1, "regularMarketChangePercent": -0.00012043866, "regularMarketChange": -0.15002441, "regularMarketTime": "2021-04-30 15:46:25", "priceHint": 2, "regularMarketPrice": 1245.5, "regularMarketDayHigh": 1340.0, "regularMarketDayLow": 1230.0, "regularMarketVolume": 28492, "averageDailyVolume10Day": 6680, "averageDailyVolume3Month": 5945, "regularMarketPreviousClose": 1245.65, "regularMarketSource": "FREE_REALTIME", "regularMarketOpen": 1245.0, "exchange": "BSE", "exchangeName": "BSE", "exchangeDataDelayedBy": 0, "marketState": "CLOSED", "quoteType": "EQUITY", "symbol": "KOVAI.BO", "underlyingSymbol": null, "shortName": "KOVAI MEDICAL CENTER & HOSPITA", "longName": "Kovai Medical Center and Hospital Limited", "currency": "INR", "quoteSourceName": "Delayed Quote", "currencySymbol": "\u20b9", "fromCurrency": null, "toCurrency": null, "lastMarket": null, "marketCap": 13628635136}, "balanceSheetHistory": {"balanceSheetStatements": [{"maxAge": 1, "endDate": "2020-03-31", "cash": 320879000, "shortTermInvestments": 799155000, "netReceivables": 141170000, "inventory": 126598000, "otherCurrentAssets": 12767000, "totalCurrentAssets": 1423969000, "longTermInvestments": 1168000, "propertyPlantEquipment": 9415008000, "intangibleAssets": 8672000, "otherAssets": 223297000, "totalAssets": 11072114000, "accountsPayable": 309767000, "shortLongTermDebt": 45264000, "otherCurrentLiab": 503340000, "longTermDebt": 5046376000, "otherLiab": 368757000, "totalCurrentLiabilities": 1051883000, "totalLiab": 6761745000, "commonStock": 109423000, "retainedEarnings": 4197219000, "treasuryStock": 3727000, "otherStockholderEquity": 3727000, "totalStockholderEquity": 4310369000, "netTangibleAssets": 4301697000}, {"maxAge": 1, "endDate": "2019-03-31", "cash": 267320000, "shortTermInvestments": 746817000, "netReceivables": 157953000, "inventory": 101316000, "otherCurrentAssets": 8562000, "totalCurrentAssets": 1292432000, "longTermInvestments": 2410000, "propertyPlantEquipment": 6957328000, "intangibleAssets": 8665000, "otherAssets": 235325000, "totalAssets": 8496160000, "accountsPayable": 281555000, "shortLongTermDebt": 323254000, "otherCurrentLiab": 374865000, "longTermDebt": 3359640000, "otherLiab": 492194000, "totalCurrentLiabilities": 1211891000, "totalLiab": 5063725000, "commonStock": 109423000, "retainedEarnings": 3330497000, "treasuryStock": -7485000, "otherStockholderEquity": -7485000, "totalStockholderEquity": 3432435000, "netTangibleAssets": 3423770000}, {"maxAge": 1, "endDate": "2018-03-31", "cash": 236811000, "shortTermInvestments": 682620000, "netReceivables": 165471000, "inventory": 108272000, "otherCurrentAssets": 5820000, "totalCurrentAssets": 1209888000, "longTermInvestments": 2250000, "propertyPlantEquipment": 4546564000, "goodWill": 12446000, "intangibleAssets": 8169000, "otherAssets": 281903000, "totalAssets": 6061220000, "accountsPayable": 242232000, "shortLongTermDebt": 369497000, "otherCurrentLiab": 332869000, "longTermDebt": 1645618000, "otherLiab": 473924000, "totalCurrentLiabilities": 1056114000, "totalLiab": 3175656000, "commonStock": 109423000, "retainedEarnings": 2782578000, "treasuryStock": -6437000, "otherStockholderEquity": -6437000, "totalStockholderEquity": 2885564000, "netTangibleAssets": 2864949000}, {"maxAge": 1, "endDate": "2017-03-31", "cash": 175239000, "shortTermInvestments": 504150000, "netReceivables": 134711000, "inventory": 87776000, "otherCurrentAssets": 6857000, "totalCurrentAssets": 919637000, "longTermInvestments": 3110000, "propertyPlantEquipment": 3621521000, "goodWill": 12446000, "intangibleAssets": 2657000, "otherAssets": 65478000, "totalAssets": 4624849000, "accountsPayable": 202184000, "shortLongTermDebt": 354178000, "otherCurrentLiab": 273357000, "longTermDebt": 857238000, "otherLiab": 464017000, "totalCurrentLiabilities": 964554000, "totalLiab": 2285809000, "commonStock": 109423000, "retainedEarnings": 2235706000, "treasuryStock": -6089000, "otherStockholderEquity": -6089000, "totalStockholderEquity": 2339040000, "netTangibleAssets": 2323937000}], "maxAge": 86400}, "earningsTrend": {"trend": [{"maxAge": 1, "period": "0q", "endDate": "2018-06-30", "growth": {}, "earningsEstimate": {"avg": 0.0, "low": 0.0, "high": 0.0, "yearAgoEps": {}, "numberOfAnalysts": 0, "growth": {}}, "revenueEstimate": {"avg": 0, "low": 0, "high": 0, "numberOfAnalysts": 0, "yearAgoRevenue": {}, "growth": {}}, "epsTrend": {"current": 0.0, "7daysAgo": 0.0, "30daysAgo": 0.0, "60daysAgo": 0.0, "90daysAgo": 0.0}, "epsRevisions": {"upLast7days": 0, "upLast30days": 0, "downLast30days": 0, "downLast90days": {}}}, {"maxAge": 1, "period": "+1q", "endDate": "2018-09-30", "growth": {}, "earningsEstimate": {"avg": 0.0, "low": 0.0, "high": 0.0, "yearAgoEps": 16.13, "numberOfAnalysts": 0, "growth": {}}, "revenueEstimate": {"avg": 0, "low": 0, "high": 0, "numberOfAnalysts": 0, "yearAgoRevenue": {}, "growth": {}}, "epsTrend": {"current": 0.0, "7daysAgo": 0.0, "30daysAgo": 0.0, "60daysAgo": 0.0, "90daysAgo": 0.0}, "epsRevisions": {"upLast7days": 0, "upLast30days": 0, "downLast30days": 0, "downLast90days": {}}}, {"maxAge": 1, "period": "0y", "endDate": "2019-03-31", "growth": {}, "earningsEstimate": {"avg": 0.0, "low": 0.0, "high": 0.0, "yearAgoEps": {}, "numberOfAnalysts": 0, "growth": {}}, "revenueEstimate": {"avg": 6500000000, "low": 6500000000, "high": 6500000000, "numberOfAnalysts": 1, "yearAgoRevenue": 5855130000, "growth": 0.11}, "epsTrend": {"current": 0.0, "7daysAgo": 66.15, "30daysAgo": 66.15, "60daysAgo": 66.15, "90daysAgo": 66.15}, "epsRevisions": {"upLast7days": 0, "upLast30days": 0, "downLast30days": 0, "downLast90days": {}}}, {"maxAge": 1, "period": "+1y", "endDate": "2020-03-31", "growth": {}, "earningsEstimate": {"avg": 0.0, "low": 0.0, "high": 0.0, "yearAgoEps": {}, "numberOfAnalysts": 0, "growth": {}}, "revenueEstimate": {"avg": 0, "low": 0, "high": 0, "numberOfAnalysts": 0, "yearAgoRevenue": 6500000000, "growth": {}}, "epsTrend": {"current": 0.0, "7daysAgo": 0.0, "30daysAgo": 0.0, "60daysAgo": 0.0, "90daysAgo": 0.0}, "epsRevisions": {"upLast7days": 0, "upLast30days": 0, "downLast30days": 0, "downLast90days": {}}}, {"maxAge": 1, "period": "+5y", "endDate": null, "growth": {}, "earningsEstimate": {"avg": {}, "low": {}, "high": {}, "yearAgoEps": {}, "numberOfAnalysts": {}, "growth": {}}, "revenueEstimate": {"avg": {}, "low": {}, "high": {}, "numberOfAnalysts": {}, "yearAgoRevenue": {}, "growth": {}}, "epsTrend": {"current": {}, "7daysAgo": {}, "30daysAgo": {}, "60daysAgo": {}, "90daysAgo": {}}, "epsRevisions": {"upLast7days": {}, "upLast30days": {}, "downLast30days": {}, "downLast90days": {}}}, {"maxAge": 1, "period": "-5y", "endDate": null, "growth": {}, "earningsEstimate": {"avg": {}, "low": {}, "high": {}, "yearAgoEps": {}, "numberOfAnalysts": {}, "growth": {}}, "revenueEstimate": {"avg": {}, "low": {}, "high": {}, "numberOfAnalysts": {}, "yearAgoRevenue": {}, "growth": {}}, "epsTrend": {"current": {}, "7daysAgo": {}, "30daysAgo": {}, "60daysAgo": {}, "90daysAgo": {}}, "epsRevisions": {"upLast7days": {}, "upLast30days": {}, "downLast30days": {}, "downLast90days": {}}}], "maxAge": 1}, "financialData": {"maxAge": 86400, "currentPrice": 1245.5, "targetHighPrice": 740.0, "targetLowPrice": 740.0, "targetMeanPrice": 740.0, "targetMedianPrice": 740.0, "recommendationKey": "none", "numberOfAnalystOpinions": 1, "grossProfits": 3761376000, "financialCurrency": "INR"}}}