{"KPEL.BO": {"cashflowStatementHistory": {"cashflowStatements": [{"maxAge": 1, "endDate": "2020-03-31", "netIncome": 11002000, "depreciation": 39701000, "changeToNetincome": -25381000, "changeToAccountReceivables": 237323000, "changeToLiabilities": -116741000, "changeToInventory": -459609000, "changeToOperatingActivities": 29665000, "totalCashFromOperatingActivities": -284040000, "capitalExpenditures": -408898000, "otherCashflowsFromInvestingActivities": 5153000, "totalCashflowsFromInvestingActivities": -403745000, "dividendsPaid": -11115000, "netBorrowings": 456616000, "otherCashflowsFromFinancingActivities": 243715000, "totalCashFromFinancingActivities": 689216000, "changeInCash": 1430000}, {"maxAge": 1, "endDate": "2019-03-31", "netIncome": 194368000, "depreciation": 38399000, "changeToNetincome": 12671000, "changeToAccountReceivables": -123868000, "changeToLiabilities": 186650000, "changeToInventory": -225350000, "changeToOperatingActivities": -67072000, "totalCashFromOperatingActivities": 20278000, "capitalExpenditures": -43050000, "otherCashflowsFromInvestingActivities": 4429000, "totalCashflowsFromInvestingActivities": -38271000, "dividendsPaid": -11115000, "netBorrowings": 7344000, "otherCashflowsFromFinancingActivities": 1000, "totalCashFromFinancingActivities": 7345000, "changeInCash": -10649000}, {"maxAge": 1, "endDate": "2018-03-31", "netIncome": 18782000, "depreciation": 28795000, "changeToNetincome": 555000, "changeToAccountReceivables": 104862000, "changeToLiabilities": 174083000, "changeToInventory": -71776000, "changeToOperatingActivities": -134996000, "totalCashFromOperatingActivities": 122250000, "capitalExpenditures": -275979000, "otherCashflowsFromInvestingActivities": 1585000, "totalCashflowsFromInvestingActivities": -274200000, "dividendsPaid": -1710000, "netBorrowings": 219614000, "otherCashflowsFromFinancingActivities": -296000, "totalCashFromFinancingActivities": 217608000, "changeInCash": 65657000}, {"maxAge": 1, "endDate": "2017-03-31", "netIncome": 168944486, "depreciation": 12351323, "changeToNetincome": 52065437, "changeToAccountReceivables": -179386260, "changeToLiabilities": 87551354, "changeToInventory": 8543078, "changeToOperatingActivities": 208094241, "totalCashFromOperatingActivities": 360108578, "capitalExpenditures": -439678197, "otherCashflowsFromInvestingActivities": 1585000, "totalCashflowsFromInvestingActivities": -438496697, "dividendsPaid": -3420000, "netBorrowings": 87140371, "otherCashflowsFromFinancingActivities": -693250, "totalCashFromFinancingActivities": 83027121, "changeInCash": 4639003}], "maxAge": 86400}, "institutionOwnership": {"ownershipList": [], "maxAge": 1}, "balanceSheetHistoryQuarterly": {"balanceSheetStatements": [{"maxAge": 1, "endDate": "2020-06-30", "cash": 78869000, "netReceivables": 147322000, "inventory": 750316000, "otherCurrentAssets": 250824000, "totalCurrentAssets": 1227331000, "longTermInvestments": 10000000, "propertyPlantEquipment": 1392485000, "otherAssets": 7058000, "totalAssets": 2636874000, "accountsPayable": 377548000, "shortLongTermDebt": 59250000, "otherCurrentLiab": 247457000, "longTermDebt": 271810000, "otherLiab": 803206000, "minorityInterest": 246202000, "totalCurrentLiabilities": 710633000, "totalLiab": 1785649000, "commonStock": 111150000, "treasuryStock": 493873000, "otherStockholderEquity": 493873000, "totalStockholderEquity": 605023000, "netTangibleAssets": 605023000}, {"maxAge": 1, "endDate": "2020-03-31", "cash": 9197000, "shortTermInvestments": 66896000, "netReceivables": 46962000, "inventory": 802224000, "otherCurrentAssets": 246373000, "totalCurrentAssets": 1172903000, "propertyPlantEquipment": 1301193000, "otherAssets": 7027000, "totalAssets": 2481123000, "accountsPayable": 437223000, "shortLongTermDebt": 53464000, "otherCurrentLiab": 123232000, "longTermDebt": 257898000, "otherLiab": 698799000, "minorityInterest": 246202000, "totalCurrentLiabilities": 682543000, "totalLiab": 1639240000, "commonStock": 111150000, "retainedEarnings": 428255000, "treasuryStock": 56276000, "otherStockholderEquity": 56276000, "totalStockholderEquity": 595681000, "netTangibleAssets": 595681000}, {"maxAge": 1, "endDate": "2019-12-31", "cash": 101006000, "netReceivables": 135952000, "inventory": 269822000, "otherCurrentAssets": 73713000, "totalCurrentAssets": 580493000, "longTermInvestments": 2626000, "propertyPlantEquipment": 1408475000, "otherAssets": 76985000, "totalAssets": 2065953000, "accountsPayable": 194186000, "shortLongTermDebt": 47950000, "otherCurrentLiab": 201897000, "longTermDebt": 501037000, "otherLiab": 159823000, "minorityInterest": 246202000, "totalCurrentLiabilities": 506708000, "totalLiab": 1167568000, "commonStock": 111150000, "treasuryStock": 541033000, "otherStockholderEquity": 541033000, "totalStockholderEquity": 652183000, "netTangibleAssets": 652183000}, {"maxAge": 1, "endDate": "2019-09-30", "cash": 93576000, "netReceivables": 39865000, "inventory": 311952000, "otherCurrentAssets": 204358000, "totalCurrentAssets": 649751000, "propertyPlantEquipment": 1244699000, "otherAssets": 5084000, "totalAssets": 1899534000, "accountsPayable": 314444000, "shortLongTermDebt": 48412000, "otherCurrentLiab": 124789000, "longTermDebt": 278039000, "otherLiab": 158766000, "minorityInterest": 246201000, "totalCurrentLiabilities": 544939000, "totalLiab": 981744000, "commonStock": 111150000, "treasuryStock": 560439000, "otherStockholderEquity": 560439000, "totalStockholderEquity": 671589000, "netTangibleAssets": 671589000}], "maxAge": 86400}, "indexTrend": {"maxAge": 1, "symbol": "SP5", "peRatio": 19.7411, "pegRatio": 1.34172, "estimates": [{"period": "0q", "growth": 0.549}, {"period": "+1q", "growth": 0.431}, {"period": "0y", "growth": 0.305}, {"period": "+1y", "growth": 0.109}, {"period": "+5y", "growth": 0.120859005}, {"period": "-5y"}]}, "quoteType": {"exchange": "BSE", "quoteType": "EQUITY", "symbol": "KPEL.BO", "underlyingSymbol": "KPEL.BO", "shortName": "K.P. Energy Limited", "longName": "K.P. Energy Limited", "firstTradeDateEpochUtc": "2016-02-25 09:15:00", "timeZoneFullName": "Asia/Kolkata", "timeZoneShortName": "IST", "uuid": "7718972a-ca5e-33a2-a72f-fa70d9929d81", "gmtOffSetMilliseconds": 19800000, "maxAge": 1}, "incomeStatementHistory": {"incomeStatementHistory": [{"maxAge": 1, "endDate": "2020-03-31", "totalRevenue": 749925000, "costOfRevenue": 452680000, "grossProfit": 297245000, "researchDevelopment": {}, "sellingGeneralAdministrative": 87516000, "nonRecurring": {}, "otherOperatingExpenses": 101958000, "totalOperatingExpenses": 681855000, "operatingIncome": 68070000, "totalOtherIncomeExpenseNet": -40240000, "ebit": 68070000, "interestExpense": -38614000, "incomeBeforeTax": 27830000, "incomeTaxExpense": 16828000, "minorityInterest": 246202000, "netIncomeFromContinuingOps": 11002000, "discontinuedOperations": {}, "extraordinaryItems": {}, "effectOfAccountingCharges": {}, "otherItems": {}, "netIncome": 11002000, "netIncomeApplicableToCommonShares": 11002000}, {"maxAge": 1, "endDate": "2019-03-31", "totalRevenue": 1584100000, "costOfRevenue": 983463000, "grossProfit": 600637000, "researchDevelopment": {}, "sellingGeneralAdministrative": 95977000, "nonRecurring": {}, "otherOperatingExpenses": 173769000, "totalOperatingExpenses": 1291608000, "operatingIncome": 292492000, "totalOtherIncomeExpenseNet": -43402000, "ebit": 292492000, "interestExpense": -44818000, "incomeBeforeTax": 249090000, "incomeTaxExpense": 54722000, "minorityInterest": 202000, "netIncomeFromContinuingOps": 194368000, "discontinuedOperations": {}, "extraordinaryItems": {}, "effectOfAccountingCharges": {}, "otherItems": {}, "netIncome": 194368000, "netIncomeApplicableToCommonShares": 194368000}, {"maxAge": 1, "endDate": "2018-03-31", "totalRevenue": 599516000, "costOfRevenue": 303932000, "grossProfit": 295584000, "researchDevelopment": {}, "sellingGeneralAdministrative": 62759000, "nonRecurring": {}, "otherOperatingExpenses": 133278000, "totalOperatingExpenses": 528764000, "operatingIncome": 70752000, "totalOtherIncomeExpenseNet": -32937000, "ebit": 70752000, "interestExpense": -30043000, "incomeBeforeTax": 37815000, "incomeTaxExpense": 19033000, "minorityInterest": 202000, "netIncomeFromContinuingOps": 18782000, "discontinuedOperations": {}, "extraordinaryItems": {}, "effectOfAccountingCharges": {}, "otherItems": {}, "netIncome": 18782000, "netIncomeApplicableToCommonShares": 18782000}, {"maxAge": 1, "endDate": "2017-03-31", "totalRevenue": 1119818301, "costOfRevenue": 638107206, "grossProfit": 481711095, "researchDevelopment": {}, "sellingGeneralAdministrative": 50305397, "nonRecurring": {}, "otherOperatingExpenses": 138807426, "totalOperatingExpenses": 839940002, "operatingIncome": 279878299, "totalOtherIncomeExpenseNet": -18626149, "ebit": 279878299, "interestExpense": -15718354, "incomeBeforeTax": 261252150, "incomeTaxExpense": 92307664, "minorityInterest": 150000, "netIncomeFromContinuingOps": 168944486, "discontinuedOperations": {}, "extraordinaryItems": {}, "effectOfAccountingCharges": {}, "otherItems": {}, "netIncome": 168944486, "netIncomeApplicableToCommonShares": 168944486}], "maxAge": 86400}, "fundOwnership": {"ownershipList": [], "maxAge": 1}, "summaryDetail": {"maxAge": 1, "priceHint": 2, "previousClose": 55.05, "open": 56.8, "dayLow": 55.0, "dayHigh": 61.95, "regularMarketPreviousClose": 55.05, "regularMarketOpen": 56.8, "regularMarketDayLow": 55.0, "regularMarketDayHigh": 61.95, "volume": 7037, "regularMarketVolume": 7037, "averageVolume": 7113, "averageVolume10days": 6720, "averageDailyVolume10Day": 6720, "bid": 56.0, "ask": 56.0, "bidSize": 0, "askSize": 0, "marketCap": 631887744, "fiftyTwoWeekLow": 53.75, "fiftyTwoWeekHigh": 145.0, "fiftyDayAverage": 67.93636, "twoHundredDayAverage": 69.7125, "trailingAnnualDividendRate": 1.0, "trailingAnnualDividendYield": 0.018165305, "currency": "INR", "fromCurrency": null, "lastMarket": null, "algorithm": null, "tradeable": false}, "incomeStatementHistoryQuarterly": {"incomeStatementHistory": [{"maxAge": 1, "endDate": "2020-06-30", "totalRevenue": 89680000, "costOfRevenue": 34157000, "grossProfit": 55523000, "researchDevelopment": {}, "sellingGeneralAdministrative": 12706000, "nonRecurring": {}, "otherOperatingExpenses": 12966000, "totalOperatingExpenses": 70161000, "operatingIncome": 19519000, "totalOtherIncomeExpenseNet": -10177000, "ebit": 19519000, "interestExpense": -10797000, "incomeBeforeTax": 9342000, "incomeTaxExpense": 0, "minorityInterest": 246202000, "netIncomeFromContinuingOps": 9342000, "discontinuedOperations": {}, "extraordinaryItems": {}, "effectOfAccountingCharges": {}, "otherItems": {}, "netIncome": 9342000, "netIncomeApplicableToCommonShares": 9342000}, {"maxAge": 1, "endDate": "2020-03-31", "totalRevenue": 59854000, "costOfRevenue": 38782000, "grossProfit": 21072000, "researchDevelopment": {}, "sellingGeneralAdministrative": 32772000, "nonRecurring": {}, "otherOperatingExpenses": 26887000, "totalOperatingExpenses": 108496000, "operatingIncome": -48642000, "totalOtherIncomeExpenseNet": -16338000, "ebit": -48642000, "interestExpense": -11133000, "incomeBeforeTax": -64980000, "incomeTaxExpense": -9440000, "minorityInterest": 246202000, "netIncomeFromContinuingOps": -55540000, "discontinuedOperations": {}, "extraordinaryItems": {}, "effectOfAccountingCharges": {}, "otherItems": {}, "netIncome": -55540000, "netIncomeApplicableToCommonShares": -55540000}, {"maxAge": 1, "endDate": "2019-12-31", "totalRevenue": 49613000, "costOfRevenue": 6218000, "grossProfit": 43395000, "researchDevelopment": {}, "sellingGeneralAdministrative": 18641000, "nonRecurring": {}, "otherOperatingExpenses": 17322000, "totalOperatingExpenses": 52154000, "operatingIncome": -2541000, "totalOtherIncomeExpenseNet": -6763000, "ebit": -2541000, "interestExpense": -8141000, "incomeBeforeTax": -9304000, "incomeTaxExpense": -2340000, "minorityInterest": 246202000, "netIncomeFromContinuingOps": -6964000, "discontinuedOperations": {}, "extraordinaryItems": {}, "effectOfAccountingCharges": {}, "otherItems": {}, "netIncome": -6964000, "netIncomeApplicableToCommonShares": -6964000}, {"maxAge": 1, "endDate": "2019-09-30", "totalRevenue": 278201000, "costOfRevenue": 181052000, "grossProfit": 97149000, "researchDevelopment": {}, "sellingGeneralAdministrative": 18471000, "nonRecurring": {}, "otherOperatingExpenses": 27199000, "totalOperatingExpenses": 236536000, "operatingIncome": 41665000, "totalOtherIncomeExpenseNet": -8277000, "ebit": 41665000, "interestExpense": -10227000, "incomeBeforeTax": 33388000, "incomeTaxExpense": 9394000, "minorityInterest": 246201000, "netIncomeFromContinuingOps": 23994000, "discontinuedOperations": {}, "extraordinaryItems": {}, "effectOfAccountingCharges": {}, "otherItems": {}, "netIncome": 23994000, "netIncomeApplicableToCommonShares": 23994000}], "maxAge": 86400}, "cashflowStatementHistoryQuarterly": {"cashflowStatements": [{"maxAge": 1, "endDate": "2020-06-30", "netIncome": 9342000, "changeToLiabilities": 0}, {"maxAge": 1, "endDate": "2020-03-31", "netIncome": -55540000, "changeToLiabilities": 0}, {"maxAge": 1, "endDate": "2019-12-31", "netIncome": -6964000, "changeToLiabilities": 0}, {"maxAge": 1, "endDate": "2019-09-30", "netIncome": 23994000, "changeToLiabilities": 0}], "maxAge": 86400}, "insiderHolders": {"holders": [], "maxAge": 1}, "calendarEvents": {"maxAge": 1, "earnings": {"earningsDate": ["2020-09-14 05:30:S"]}}, "upgradeDowngradeHistory": {"history": [], "maxAge": 86400}, "price": {"maxAge": 1, "regularMarketChangePercent": 0.032697536, "regularMarketChange": 1.7999992, "regularMarketTime": "2021-04-30 15:26:52", "priceHint": 2, "regularMarketPrice": 56.85, "regularMarketDayHigh": 61.95, "regularMarketDayLow": 55.0, "regularMarketVolume": 7037, "averageDailyVolume10Day": 6720, "averageDailyVolume3Month": 7113, "regularMarketPreviousClose": 55.05, "regularMarketSource": "FREE_REALTIME", "regularMarketOpen": 56.8, "exchange": "BSE", "exchangeName": "BSE", "exchangeDataDelayedBy": 0, "marketState": "CLOSED", "quoteType": "EQUITY", "symbol": "KPEL.BO", "underlyingSymbol": null, "shortName": "K.P. Energy Limited", "longName": "K.P. Energy Limited", "currency": "INR", "quoteSourceName": "Delayed Quote", "currencySymbol": "\u20b9", "fromCurrency": null, "lastMarket": null, "marketCap": 631887744}, "balanceSheetHistory": {"balanceSheetStatements": [{"maxAge": 1, "endDate": "2020-03-31", "cash": 9197000, "shortTermInvestments": 66896000, "netReceivables": 46962000, "inventory": 802224000, "otherCurrentAssets": 246373000, "totalCurrentAssets": 1172903000, "propertyPlantEquipment": 1301193000, "otherAssets": 7027000, "totalAssets": 2481123000, "accountsPayable": 437223000, "shortLongTermDebt": 53464000, "otherCurrentLiab": 123232000, "longTermDebt": 257898000, "otherLiab": 698799000, "minorityInterest": 246202000, "totalCurrentLiabilities": 682543000, "totalLiab": 1639240000, "commonStock": 111150000, "retainedEarnings": 428255000, "treasuryStock": 56276000, "otherStockholderEquity": 56276000, "totalStockholderEquity": 595681000, "netTangibleAssets": 595681000}, {"maxAge": 1, "endDate": "2019-03-31", "cash": 8104000, "shortTermInvestments": 66561000, "netReceivables": 285122000, "inventory": 342615000, "otherCurrentAssets": 150534000, "totalCurrentAssets": 854575000, "propertyPlantEquipment": 931995000, "otherAssets": 5534000, "totalAssets": 1792104000, "accountsPayable": 553964000, "shortLongTermDebt": 49518000, "otherCurrentLiab": 61976000, "longTermDebt": 305228000, "otherLiab": 150470000, "minorityInterest": 202000, "totalCurrentLiabilities": 738124000, "totalLiab": 1193822000, "commonStock": 111150000, "retainedEarnings": 430654000, "treasuryStock": 56276000, "otherStockholderEquity": 56276000, "totalStockholderEquity": 598080000, "netTangibleAssets": 598080000}, {"maxAge": 1, "endDate": "2018-03-31", "cash": 1809000, "shortTermInvestments": 83504000, "netReceivables": 151528000, "inventory": 117266000, "otherCurrentAssets": 93805000, "totalCurrentAssets": 448895000, "propertyPlantEquipment": 928061000, "otherAssets": 4348000, "totalAssets": 1381304000, "accountsPayable": 367314000, "shortLongTermDebt": 98265000, "otherCurrentLiab": 45180000, "longTermDebt": 305413000, "otherLiab": 145566000, "minorityInterest": 202000, "totalCurrentLiabilities": 582687000, "totalLiab": 1033666000, "commonStock": 85500000, "retainedEarnings": 253036000, "capitalSurplus": 8900000, "totalStockholderEquity": 347436000, "netTangibleAssets": 347436000}, {"maxAge": 1, "endDate": "2017-03-31", "cash": 19665263, "netReceivables": 263317969, "inventory": 45490110, "otherCurrentAssets": 28051034, "totalCurrentAssets": 357598662, "propertyPlantEquipment": 681346407, "otherAssets": 1846518, "totalAssets": 1040791587, "accountsPayable": 193253425, "shortLongTermDebt": 32485869, "otherCurrentLiab": 22455867, "longTermDebt": 151577939, "otherLiab": 242407407, "minorityInterest": 150000, "totalCurrentLiabilities": 318002769, "totalLiab": 711988115, "commonStock": 85500000, "retainedEarnings": 234253471, "capitalSurplus": 8900000, "totalStockholderEquity": 328653471, "netTangibleAssets": 328653471}], "maxAge": 86400}, "financialData": {"maxAge": 86400, "currentPrice": 56.85, "recommendationKey": "none", "grossProfits": 297245000, "financialCurrency": "INR"}}}