{"KPRMILL.NS": {"assetProfile": {"address1": "Srivari Shrimat", "address2": "1st Floor 1045, Avinashi Road", "city": "Coimbatore", "zip": "641018", "country": "India", "phone": "91 42 2220 7777", "fax": "91 42 2220 7778", "website": "http://www.kprmilllimited.com", "industry": "Apparel Manufacturing", "sector": "Consumer Cyclical", "longBusinessSummary": "K.P.R. Mill Limited, together with its subsidiaries, operates as an integrated apparel manufacturing company in India and internationally. It operates through three segments: Textile, Sugar, and Others. The company offers yarn, and knitted fabrics; and readymade garments comprising casual, sports, active, sleep, and work wear for men and women, as well as kids wear, and men's innerwear products and athleisure products. It also produces sugar; ethanol; green energy through co-gen power; and wind power, as well as acts as a dealer for AUDI cars. The company also exports its products. K.P.R. Mill Limited was founded in 1984 and is based in Coimbatore, India.", "companyOfficers": [{"maxAge": 1, "name": "Mr. K. P. Ramasamy", "age": 71, "title": "Founder & Whole-Time Exec. Chairman", "yearBorn": 1949, "exercisedValue": 0, "unexercisedValue": 0}, {"maxAge": 1, "name": "Mr. P.  Nataraj", "age": 63, "title": "CEO, MD and Non-Independent & Exec. Director", "yearBorn": 1957, "exercisedValue": 0, "unexercisedValue": 0}, {"maxAge": 1, "name": "Mr. C. R. Anandakrishnan", "age": 43, "title": "Exec. Director", "yearBorn": 1977, "exercisedValue": 0, "unexercisedValue": 0}, {"maxAge": 1, "name": "Mr. K. P. D. Sigamani", "age": 67, "title": "MD and Non-Independent & Exec. Director", "yearBorn": 1953, "exercisedValue": 0, "unexercisedValue": 0}, {"maxAge": 1, "name": "Mr. E. K. Sakthivel", "age": 37, "title": "Head of Operations for Garment Division & Exec. Director", "yearBorn": 1983, "exercisedValue": 0, "unexercisedValue": 0}, {"maxAge": 1, "name": "Mr. P.  Selvakumar", "age": 46, "title": "Mang. of Taxation & Wholetime Director", "yearBorn": 1974, "exercisedValue": 0, "unexercisedValue": 0}, {"maxAge": 1, "name": "Mr. P. L. Murugappan CA", "title": "Chief Financial Officer", "exercisedValue": 0, "unexercisedValue": 0}, {"maxAge": 1, "name": "Mr. P.  Ranganathan", "age": 51, "title": "Gen. Mang. of Technology", "yearBorn": 1969, "exercisedValue": 0, "unexercisedValue": 0}, {"maxAge": 1, "name": "Mr. P.  Kandaswamy B.com, F.C.S.", "title": "Company Sec. & Compliance Officer", "exercisedValue": 0, "unexercisedValue": 0}, {"maxAge": 1, "name": "Mrs. D.  Geetha", "age": 34, "title": "Chief Exec. Officer of the Garment Division - Tirupur", "yearBorn": 1986, "exercisedValue": 0, "unexercisedValue": 0}], "maxAge": 86400}, "recommendationTrend": {"trend": [{"period": "0m", "strongBuy": 0, "buy": 0, "hold": 0, "sell": 0, "strongSell": 0}, {"period": "-1m", "strongBuy": 1, "buy": 3, "hold": 1, "sell": 0, "strongSell": 0}, {"period": "-2m", "strongBuy": 1, "buy": 3, "hold": 1, "sell": 0, "strongSell": 0}, {"period": "-3m", "strongBuy": 1, "buy": 4, "hold": 1, "sell": 0, "strongSell": 0}], "maxAge": 86400}, "cashflowStatementHistory": {"cashflowStatements": [{"maxAge": 1, "endDate": "2021-03-31", "netIncome": 5152600000, "depreciation": 1467000000, "changeToNetincome": 442900000, "changeToAccountReceivables": 853100000, "changeToLiabilities": -97900000, "changeToInventory": -1975300000, "changeToOperatingActivities": 746800000, "totalCashFromOperatingActivities": 6589200000, "capitalExpenditures": -2850100000, "investments": -2622400000, "otherCashflowsFromInvestingActivities": -33400000, "totalCashflowsFromInvestingActivities": -5483400000, "dividendsPaid": -309600000, "netBorrowings": -1306900000, "otherCashflowsFromFinancingActivities": -327900000, "totalCashFromFinancingActivities": -1944400000, "changeInCash": -838600000}, {"maxAge": 1, "endDate": "2020-03-31", "netIncome": 3766800000, "depreciation": 1369100000, "changeToNetincome": 375400000, "changeToAccountReceivables": 733700000, "changeToLiabilities": -901500000, "changeToInventory": 2906800000, "changeToOperatingActivities": -369300000, "totalCashFromOperatingActivities": 7882800000, "capitalExpenditures": -2966400000, "investments": -15500000, "otherCashflowsFromInvestingActivities": 111500000, "totalCashflowsFromInvestingActivities": -2827900000, "dividendsPaid": -312400000, "netBorrowings": -691400000, "otherCashflowsFromFinancingActivities": -540800000, "totalCashFromFinancingActivities": -4177700000, "changeInCash": 877200000, "repurchaseOfStock": -2633100000}, {"maxAge": 1, "endDate": "2019-03-31", "netIncome": 3348700000, "depreciation": 1310900000, "changeToNetincome": 451500000, "changeToAccountReceivables": -1105200000, "changeToLiabilities": -212900000, "changeToInventory": -3660000000, "changeToOperatingActivities": 526000000, "totalCashFromOperatingActivities": 659400000, "capitalExpenditures": -924600000, "investments": 138300000, "otherCashflowsFromInvestingActivities": 23100000, "totalCashflowsFromInvestingActivities": -690900000, "dividendsPaid": -54400000, "netBorrowings": 2085200000, "otherCashflowsFromFinancingActivities": -482200000, "totalCashFromFinancingActivities": 467200000, "changeInCash": 435700000, "repurchaseOfStock": -1081400000}, {"maxAge": 1, "endDate": "2018-03-31", "netIncome": 2903800000, "depreciation": 1395300000, "changeToNetincome": 512300000, "changeToAccountReceivables": -790300000, "changeToLiabilities": 990500000, "changeToInventory": -1074200000, "changeToOperatingActivities": -1680600000, "totalCashFromOperatingActivities": 2260000000, "capitalExpenditures": -432500000, "investments": -123000000, "otherCashflowsFromInvestingActivities": -500000, "totalCashflowsFromInvestingActivities": -542400000, "dividendsPaid": -55400000, "netBorrowings": -1317300000, "otherCashflowsFromFinancingActivities": -530700000, "totalCashFromFinancingActivities": -1903400000, "changeInCash": -185800000, "repurchaseOfStock": -1081400000}], "maxAge": 86400}, "indexTrend": {"maxAge": 1, "symbol": "SP5", "peRatio": 19.7411, "pegRatio": 1.34172, "estimates": [{"period": "0q", "growth": 0.549}, {"period": "+1q", "growth": 0.431}, {"period": "0y", "growth": 0.305}, {"period": "+1y", "growth": 0.109}, {"period": "+5y", "growth": 0.120865}, {"period": "-5y"}]}, "defaultKeyStatistics": {"maxAge": 1, "priceHint": 2, "enterpriseValue": 96275914752, "forwardPE": 24.962849, "profitMargins": 0.14596, "floatShares": 32263145, "sharesOutstanding": 68810000, "heldPercentInsiders": 0.74732, "heldPercentInstitutions": 0.18989, "beta": 0.947007, "category": null, "bookValue": 341.492, "priceToBook": 4.0336227, "fundFamily": null, "legalType": null, "lastFiscalYearEnd": "2021-03-31 05:30:00", "nextFiscalYearEnd": "2023-03-31 05:30:00", "mostRecentQuarter": "2021-03-31 05:30:00", "earningsQuarterlyGrowth": 1.301, "netIncomeToCommon": 5152600064, "trailingEps": 74.88, "forwardEps": 89.34, "pegRatio": 0.51, "lastSplitFactor": "2:1", "lastSplitDate": "2016-11-29 05:30:00", "enterpriseToRevenue": 2.727, "enterpriseToEbitda": 11.087}, "industryTrend": {"maxAge": 1, "symbol": null, "estimates": []}, "quoteType": {"exchange": "NSI", "quoteType": "EQUITY", "symbol": "KPRMILL.NS", "underlyingSymbol": "KPRMILL.NS", "shortName": "KPR MILL LTD", "longName": "K.P.R. Mill Limited", "firstTradeDateEpochUtc": "2007-08-28 09:15:00", "timeZoneFullName": "Asia/Kolkata", "timeZoneShortName": "IST", "uuid": "08f64edb-de69-3bb3-a51c-42b57a69335d", "gmtOffSetMilliseconds": 19800000, "maxAge": 1}, "incomeStatementHistory": {"incomeStatementHistory": [{"maxAge": 1, "endDate": "2021-03-31", "totalRevenue": 35301500000, "costOfRevenue": 19629300000, "grossProfit": 15672200000, "researchDevelopment": {}, "sellingGeneralAdministrative": 3936800000, "nonRecurring": {}, "otherOperatingExpenses": 3051400000, "totalOperatingExpenses": 28084500000, "operatingIncome": 7217000000, "totalOtherIncomeExpenseNet": -328400000, "ebit": 7217000000, "interestExpense": -328400000, "incomeBeforeTax": 6888600000, "incomeTaxExpense": 1736000000, "minorityInterest": {}, "netIncomeFromContinuingOps": 5152600000, "discontinuedOperations": {}, "extraordinaryItems": {}, "effectOfAccountingCharges": {}, "otherItems": {}, "netIncome": 5152600000, "netIncomeApplicableToCommonShares": 5152600000}, {"maxAge": 1, "endDate": "2020-03-31", "totalRevenue": 33526300000, "costOfRevenue": 20591000000, "grossProfit": 12935300000, "researchDevelopment": {}, "sellingGeneralAdministrative": 3973600000, "nonRecurring": {}, "otherOperatingExpenses": 2470900000, "totalOperatingExpenses": 28406400000, "operatingIncome": 5119900000, "totalOtherIncomeExpenseNet": -403200000, "ebit": 5119900000, "interestExpense": -496500000, "incomeBeforeTax": 4716700000, "incomeTaxExpense": 949900000, "minorityInterest": {}, "netIncomeFromContinuingOps": 3766800000, "discontinuedOperations": {}, "extraordinaryItems": {}, "effectOfAccountingCharges": {}, "otherItems": {}, "netIncome": 3766800000, "netIncomeApplicableToCommonShares": 3766800000}, {"maxAge": 1, "endDate": "2019-03-31", "totalRevenue": 33840100000, "costOfRevenue": 21211000000, "grossProfit": 12629100000, "researchDevelopment": {}, "sellingGeneralAdministrative": 3832300000, "nonRecurring": {}, "otherOperatingExpenses": 2339900000, "totalOperatingExpenses": 28694500000, "operatingIncome": 5145600000, "totalOtherIncomeExpenseNet": -459800000, "ebit": 5145600000, "interestExpense": -489400000, "incomeBeforeTax": 4685800000, "incomeTaxExpense": 1337100000, "minorityInterest": {}, "netIncomeFromContinuingOps": 3348700000, "discontinuedOperations": {}, "extraordinaryItems": {}, "effectOfAccountingCharges": {}, "otherItems": {}, "netIncome": 3348700000, "netIncomeApplicableToCommonShares": 3348700000}, {"maxAge": 1, "endDate": "2018-03-31", "totalRevenue": 30234400000, "costOfRevenue": 19103000000, "grossProfit": 11131400000, "researchDevelopment": {}, "sellingGeneralAdministrative": 3027600000, "nonRecurring": {}, "otherOperatingExpenses": 2229100000, "totalOperatingExpenses": 25758200000, "operatingIncome": 4476200000, "totalOtherIncomeExpenseNet": -496000000, "ebit": 4476200000, "interestExpense": -515600000, "incomeBeforeTax": 3980200000, "incomeTaxExpense": 1076400000, "minorityInterest": {}, "netIncomeFromContinuingOps": 2903800000, "discontinuedOperations": {}, "extraordinaryItems": {}, "effectOfAccountingCharges": {}, "otherItems": {}, "netIncome": 2903800000, "netIncomeApplicableToCommonShares": 2903800000}], "maxAge": 86400}, "fundOwnership": {"ownershipList": [], "maxAge": 1}, "summaryDetail": {"maxAge": 1, "priceHint": 2, "previousClose": 1361.9, "open": 1332.0, "dayLow": 1330.0, "dayHigh": 1385.0, "regularMarketPreviousClose": 1361.9, "regularMarketOpen": 1332.0, "regularMarketDayLow": 1330.0, "regularMarketDayHigh": 1385.0, "dividendRate": 4.5, "dividendYield": 0.0033000002, "exDividendDate": "2021-02-10 05:30:00", "payoutRatio": 0.060100004, "fiveYearAvgDividendYield": 0.36, "beta": 0.947007, "trailingPE": 18.395433, "forwardPE": 15.418066, "volume": 53841, "regularMarketVolume": 53841, "averageVolume": 63179, "averageVolume10days": 76260, "averageDailyVolume10Day": 76260, "bid": 0.0, "ask": 0.0, "bidSize": 0, "askSize": 0, "marketCap": 94622269440, "fiftyTwoWeekLow": 329.05, "fiftyTwoWeekHigh": 1385.0, "priceToSalesTrailing12Months": 2.6804037, "fiftyDayAverage": 1001.83527, "twoHundredDayAverage": 850.34644, "trailingAnnualDividendRate": 4.5, "trailingAnnualDividendYield": 0.0033042072, "currency": "INR", "fromCurrency": null, "lastMarket": null, "algorithm": null, "tradeable": false}, "insiderHolders": {"holders": [{"maxAge": 1, "name": "Jayanthi (N)", "relation": "Promoter", "url": "", "transactionDescription": "Other", "latestTransDate": "2018-04-09", "positionDirect": 1789004, "positionDirectDate": "2018-04-09"}, {"maxAge": 1, "name": "K P R Developers Ltd", "relation": "Promoter", "url": "", "transactionDescription": "Sale", "latestTransDate": "2020-09-30", "positionDirect": 1705462, "positionDirectDate": "2020-09-30"}, {"maxAge": 1, "name": "Nataraj (P)", "relation": "Managing Director", "url": "", "transactionDescription": "Other", "latestTransDate": "2018-04-09", "positionDirect": 15680141, "positionDirectDate": "2018-04-09"}, {"maxAge": 1, "name": "Parvathi (K R)", "relation": "Promoter", "url": "", "transactionDescription": "Sale", "latestTransDate": "2017-02-13", "positionDirect": 1847126, "positionDirectDate": "2017-02-13"}, {"maxAge": 1, "name": "Radhamani (D)", "relation": "Promoter", "url": "", "transactionDescription": "Other", "latestTransDate": "2018-04-09", "positionDirect": 1789004, "positionDirectDate": "2018-04-09"}, {"maxAge": 1, "name": "Ramasamy (K P)", "relation": "Executive Chairman", "url": "", "transactionDescription": "Other", "latestTransDate": "2018-04-09", "positionDirect": 15680141, "positionDirectDate": "2018-04-09"}, {"maxAge": 1, "name": "Sigamani (K P D)", "relation": "Managing Director", "url": "", "transactionDescription": "Other", "latestTransDate": "2018-04-09", "positionDirect": 15680141, "positionDirectDate": "2018-04-09"}], "maxAge": 1}, "calendarEvents": {"maxAge": 1, "earnings": {"earningsDate": []}, "exDividendDate": "2021-02-10 05:30:00"}, "upgradeDowngradeHistory": {"history": [], "maxAge": 86400}, "price": {"maxAge": 1, "regularMarketChangePercent": 0.011417818, "regularMarketChange": 15.549927, "regularMarketTime": "2021-04-30 15:29:54", "priceHint": 2, "regularMarketPrice": 1377.45, "regularMarketDayHigh": 1385.0, "regularMarketDayLow": 1330.0, "regularMarketVolume": 53841, "averageDailyVolume10Day": 76260, "averageDailyVolume3Month": 63179, "regularMarketPreviousClose": 1361.9, "regularMarketSource": "FREE_REALTIME", "regularMarketOpen": 1332.0, "exchange": "NSI", "exchangeName": "NSE", "exchangeDataDelayedBy": 15, "marketState": "CLOSED", "quoteType": "EQUITY", "symbol": "KPRMILL.NS", "underlyingSymbol": null, "shortName": "KPR MILL LTD", "longName": "K.P.R. Mill Limited", "currency": "INR", "quoteSourceName": "Delayed Quote", "currencySymbol": "\u20b9", "fromCurrency": null, "lastMarket": null, "marketCap": 94622269440}, "balanceSheetHistory": {"balanceSheetStatements": [{"maxAge": 1, "endDate": "2021-03-31", "cash": 772600000, "shortTermInvestments": 2779500000, "netReceivables": 3209800000, "inventory": 9132600000, "otherCurrentAssets": 1649800000, "totalCurrentAssets": 17544300000, "longTermInvestments": 15000000, "propertyPlantEquipment": 12825300000, "goodWill": 7000000, "intangibleAssets": 9500000, "otherAssets": 2249500000, "deferredLongTermAssetCharges": 136800000, "totalAssets": 32650600000, "accountsPayable": 1221600000, "otherCurrentLiab": 1349300000, "longTermDebt": 1790800000, "otherLiab": 476900000, "totalCurrentLiabilities": 6881200000, "totalLiab": 9148900000, "commonStock": 344100000, "treasuryStock": 23157600000, "otherStockholderEquity": 23157600000, "totalStockholderEquity": 23501700000, "netTangibleAssets": 23485200000}, {"maxAge": 1, "endDate": "2020-03-31", "cash": 1518100000, "netReceivables": 5471400000, "inventory": 7157300000, "otherCurrentAssets": 884800000, "totalCurrentAssets": 15101700000, "longTermInvestments": 21000000, "propertyPlantEquipment": 13260100000, "goodWill": 7000000, "intangibleAssets": 10500000, "otherAssets": 571500000, "deferredLongTermAssetCharges": 147600000, "totalAssets": 28971800000, "accountsPayable": 1319500000, "shortLongTermDebt": 470700000, "otherCurrentLiab": 391800000, "longTermDebt": 2067500000, "otherLiab": 542300000, "totalCurrentLiabilities": 7703300000, "totalLiab": 10313100000, "commonStock": 344100000, "retainedEarnings": 16193000000, "treasuryStock": 212000000, "capitalSurplus": 1909600000, "otherStockholderEquity": 212000000, "totalStockholderEquity": 18658700000, "netTangibleAssets": 18641200000}, {"maxAge": 1, "endDate": "2019-03-31", "cash": 640900000, "netReceivables": 6217200000, "inventory": 10064100000, "otherCurrentAssets": 732200000, "totalCurrentAssets": 17654400000, "longTermInvestments": 21000000, "propertyPlantEquipment": 11482500000, "goodWill": 7000000, "intangibleAssets": 2000000, "otherAssets": 669200000, "deferredLongTermAssetCharges": 98700000, "totalAssets": 29836100000, "accountsPayable": 2221000000, "shortLongTermDebt": 350500000, "otherCurrentLiab": 336000000, "longTermDebt": 1304900000, "otherLiab": 595500000, "deferredLongTermLiab": 33100000, "totalCurrentLiabilities": 10034000000, "totalLiab": 11934400000, "commonStock": 362800000, "retainedEarnings": 15436000000, "treasuryStock": 193300000, "capitalSurplus": 1909600000, "otherStockholderEquity": 193300000, "totalStockholderEquity": 17901700000, "netTangibleAssets": 17892700000}, {"maxAge": 1, "endDate": "2018-03-31", "cash": 205200000, "shortTermInvestments": 18200000, "netReceivables": 5257600000, "inventory": 6404100000, "otherCurrentAssets": 1030900000, "totalCurrentAssets": 13036200000, "longTermInvestments": 21000000, "propertyPlantEquipment": 12227700000, "goodWill": 7000000, "intangibleAssets": 1800000, "otherAssets": 227800000, "totalAssets": 25521500000, "accountsPayable": 2549900000, "shortLongTermDebt": 287800000, "otherCurrentLiab": 101000000, "longTermDebt": 1586100000, "otherLiab": 518700000, "deferredLongTermLiab": 33500000, "totalCurrentLiabilities": 7716900000, "totalLiab": 9821700000, "commonStock": 369500000, "retainedEarnings": 13234100000, "treasuryStock": 186600000, "capitalSurplus": 1909600000, "otherStockholderEquity": 186600000, "totalStockholderEquity": 15699800000, "netTangibleAssets": 15691000000}], "maxAge": 86400}, "earningsTrend": {"trend": [{"maxAge": 1, "period": "0q", "endDate": "2018-06-30", "growth": {}, "earningsEstimate": {"avg": 0.0, "low": 0.0, "high": 0.0, "yearAgoEps": 9.89, "numberOfAnalysts": 0, "growth": {}}, "revenueEstimate": {"avg": 0, "low": 0, "high": 0, "numberOfAnalysts": 0, "yearAgoRevenue": {}, "growth": {}}, "epsTrend": {"current": 0.0, "7daysAgo": 0.0, "30daysAgo": 0.0, "60daysAgo": 0.0, "90daysAgo": 0.0}, "epsRevisions": {"upLast7days": 0, "upLast30days": 0, "downLast30days": 0, "downLast90days": {}}}, {"maxAge": 1, "period": "+1q", "endDate": "2018-09-30", "growth": {}, "earningsEstimate": {"avg": 0.0, "low": 0.0, "high": 0.0, "yearAgoEps": 9.95, "numberOfAnalysts": 0, "growth": {}}, "revenueEstimate": {"avg": 0, "low": 0, "high": 0, "numberOfAnalysts": 0, "yearAgoRevenue": {}, "growth": {}}, "epsTrend": {"current": 0.0, "7daysAgo": 0.0, "30daysAgo": 0.0, "60daysAgo": 0.0, "90daysAgo": 0.0}, "epsRevisions": {"upLast7days": 0, "upLast30days": 0, "downLast30days": 0, "downLast90days": {}}}, {"maxAge": 1, "period": "0y", "endDate": "2019-03-31", "growth": 0.22799999, "earningsEstimate": {"avg": 48.27, "low": 42.87, "high": 50.79, "yearAgoEps": 39.3, "numberOfAnalysts": 4, "growth": 0.22799999}, "revenueEstimate": {"avg": 33362500000, "low": 32815000000, "high": 34380000000, "numberOfAnalysts": 4, "yearAgoRevenue": 30244200000, "growth": 0.103}, "epsTrend": {"current": 48.27, "7daysAgo": 48.27, "30daysAgo": 48.27, "60daysAgo": 48.27, "90daysAgo": 49.7}, "epsRevisions": {"upLast7days": 0, "upLast30days": 0, "downLast30days": 0, "downLast90days": {}}}, {"maxAge": 1, "period": "+1y", "endDate": "2020-03-31", "growth": 0.143, "earningsEstimate": {"avg": 55.18, "low": 46.34, "high": 62.61, "yearAgoEps": 48.27, "numberOfAnalysts": 3, "growth": 0.143}, "revenueEstimate": {"avg": 36549100000, "low": 34947000000, "high": 39260000000, "numberOfAnalysts": 3, "yearAgoRevenue": 33362500000, "growth": 0.096}, "epsTrend": {"current": 55.18, "7daysAgo": 55.18, "30daysAgo": 55.18, "60daysAgo": 55.18, "90daysAgo": 61.01}, "epsRevisions": {"upLast7days": 0, "upLast30days": 0, "downLast30days": 0, "downLast90days": {}}}, {"maxAge": 1, "period": "+5y", "endDate": null, "growth": 0.253, "earningsEstimate": {"avg": {}, "low": {}, "high": {}, "yearAgoEps": {}, "numberOfAnalysts": {}, "growth": {}}, "revenueEstimate": {"avg": {}, "low": {}, "high": {}, "numberOfAnalysts": {}, "yearAgoRevenue": {}, "growth": {}}, "epsTrend": {"current": {}, "7daysAgo": {}, "30daysAgo": {}, "60daysAgo": {}, "90daysAgo": {}}, "epsRevisions": {"upLast7days": {}, "upLast30days": {}, "downLast30days": {}, "downLast90days": {}}}, {"maxAge": 1, "period": "-5y", "endDate": null, "growth": 0.2456, "earningsEstimate": {"avg": {}, "low": {}, "high": {}, "yearAgoEps": {}, "numberOfAnalysts": {}, "growth": {}}, "revenueEstimate": {"avg": {}, "low": {}, "high": {}, "numberOfAnalysts": {}, "yearAgoRevenue": {}, "growth": {}}, "epsTrend": {"current": {}, "7daysAgo": {}, "30daysAgo": {}, "60daysAgo": {}, "90daysAgo": {}}, "epsRevisions": {"upLast7days": {}, "upLast30days": {}, "downLast30days": {}, "downLast90days": {}}}], "maxAge": 1}, "institutionOwnership": {"ownershipList": [], "maxAge": 1}, "majorHoldersBreakdown": {"maxAge": 1, "insidersPercentHeld": 0.74732, "institutionsPercentHeld": 0.18989, "institutionsFloatPercentHeld": 0.75153, "institutionsCount": 32}, "balanceSheetHistoryQuarterly": {"balanceSheetStatements": [{"maxAge": 1, "endDate": "2021-03-31", "cash": 772600000, "shortTermInvestments": 2779500000, "netReceivables": 3209800000, "inventory": 9132600000, "otherCurrentAssets": 1649800000, "totalCurrentAssets": 17544300000, "longTermInvestments": 15000000, "propertyPlantEquipment": 12825300000, "goodWill": 7000000, "intangibleAssets": 9500000, "otherAssets": 2249500000, "deferredLongTermAssetCharges": 136800000, "totalAssets": 32650600000, "accountsPayable": 1221600000, "otherCurrentLiab": 1349300000, "longTermDebt": 1790800000, "otherLiab": 476900000, "totalCurrentLiabilities": 6881200000, "totalLiab": 9148900000, "commonStock": 344100000, "treasuryStock": 23157600000, "otherStockholderEquity": 23157600000, "totalStockholderEquity": 23501700000, "netTangibleAssets": 23485200000}, {"maxAge": 1, "endDate": "2020-12-31", "totalStockholderEquity": 20335400000, "netTangibleAssets": 20314800000}, {"maxAge": 1, "endDate": "2020-09-30", "cash": 1878100000, "shortTermInvestments": 648800000, "netReceivables": 4466300000, "inventory": 4784300000, "otherCurrentAssets": 2581500000, "totalCurrentAssets": 14359000000, "longTermInvestments": 21000000, "propertyPlantEquipment": 12865300000, "goodWill": 7000000, "intangibleAssets": 13600000, "otherAssets": 564900000, "deferredLongTermAssetCharges": 134600000, "totalAssets": 27830800000, "accountsPayable": 2201300000, "otherCurrentLiab": 1240000000, "longTermDebt": 1389100000, "otherLiab": 494500000, "totalCurrentLiabilities": 5611800000, "totalLiab": 7495400000, "commonStock": 344100000, "treasuryStock": 19991300000, "otherStockholderEquity": 19991300000, "totalStockholderEquity": 20335400000, "netTangibleAssets": 20314800000}, {"maxAge": 1, "endDate": "2020-06-30", "totalStockholderEquity": 18658700000, "netTangibleAssets": 18641200000}], "maxAge": 86400}, "earningsHistory": {"history": [{"maxAge": 1, "epsActual": 9.89, "epsEstimate": 10.92, "epsDifference": -1.03, "surprisePercent": -0.094, "quarter": "2017-06-30", "period": "-4q"}, {"maxAge": 1, "epsActual": 9.95, "epsEstimate": 11.85, "epsDifference": -1.9, "surprisePercent": -0.16, "quarter": "2017-09-30", "period": "-3q"}, {"maxAge": 1, "epsActual": 9.56, "epsEstimate": 11.0, "epsDifference": -1.44, "surprisePercent": -0.131, "quarter": "2017-12-31", "period": "-2q"}, {"maxAge": 1, "epsActual": 9.89, "epsEstimate": 10.14, "epsDifference": -0.25, "surprisePercent": -0.025, "quarter": "2018-03-31", "period": "-1q"}], "maxAge": 86400}, "summaryProfile": {"address1": "Srivari Shrimat", "address2": "1st Floor 1045, Avinashi Road", "city": "Coimbatore", "zip": "641018", "country": "India", "phone": "91 42 2220 7777", "fax": "91 42 2220 7778", "website": "http://www.kprmilllimited.com", "industry": "Apparel Manufacturing", "sector": "Consumer Cyclical", "longBusinessSummary": "K.P.R. Mill Limited, together with its subsidiaries, operates as an integrated apparel manufacturing company in India and internationally. It operates through three segments: Textile, Sugar, and Others. The company offers yarn, and knitted fabrics; and readymade garments comprising casual, sports, active, sleep, and work wear for men and women, as well as kids wear, and men's innerwear products and athleisure products. It also produces sugar; ethanol; green energy through co-gen power; and wind power, as well as acts as a dealer for AUDI cars. The company also exports its products. K.P.R. Mill Limited was founded in 1984 and is based in Coimbatore, India.", "companyOfficers": [], "maxAge": 86400}, "netSharePurchaseActivity": {"maxAge": 1, "period": "6m", "buyInfoCount": 0, "buyInfoShares": 0, "sellInfoCount": 0, "netInfoCount": 0, "netInfoShares": 0, "netPercentInsiderShares": 0.0, "totalInsiderShares": 51431088}, "insiderTransactions": {"transactions": [{"maxAge": 1, "shares": 331700, "value": 2896371, "filerUrl": "", "transactionText": "Sale at price 8.73 per share.", "filerName": "K P R Developers Ltd", "filerRelation": "Promoter", "moneyText": "", "startDate": "2020-09-30", "ownership": "D"}, {"maxAge": 1, "shares": 269859, "filerUrl": "", "transactionText": "", "filerName": "Nataraj (P)", "filerRelation": "Managing Director", "moneyText": "", "startDate": "2018-04-09", "ownership": "D"}, {"maxAge": 1, "shares": 269859, "filerUrl": "", "transactionText": "", "filerName": "Sigamani (K P D)", "filerRelation": "Managing Director", "moneyText": "", "startDate": "2018-04-09", "ownership": "D"}, {"maxAge": 1, "shares": 30789, "filerUrl": "", "transactionText": "", "filerName": "Radhamani (D)", "filerRelation": "Promoter", "moneyText": "", "startDate": "2018-04-09", "ownership": "D"}, {"maxAge": 1, "shares": 30789, "filerUrl": "", "transactionText": "", "filerName": "Jayanthi (N)", "filerRelation": "Promoter", "moneyText": "", "startDate": "2018-04-09", "ownership": "D"}, {"maxAge": 1, "shares": 269859, "filerUrl": "", "transactionText": "", "filerName": "Ramasamy (K P)", "filerRelation": "Executive Chairman", "moneyText": "", "startDate": "2018-04-09", "ownership": "D"}, {"maxAge": 1, "shares": 0, "filerUrl": "", "transactionText": "", "filerName": "Nataraj (P)", "filerRelation": "Managing Director", "moneyText": "", "startDate": "2017-03-31", "ownership": "I"}, {"maxAge": 1, "shares": 0, "filerUrl": "", "transactionText": "", "filerName": "Sigamani (K P D)", "filerRelation": "Managing Director", "moneyText": "", "startDate": "2017-03-31", "ownership": "I"}, {"maxAge": 1, "shares": 0, "filerUrl": "", "transactionText": "", "filerName": "Jayanthi (N)", "filerRelation": "Promoter", "moneyText": "", "startDate": "2017-03-31", "ownership": "I"}, {"maxAge": 1, "shares": 0, "filerUrl": "", "transactionText": "", "filerName": "Ramasamy (K P)", "filerRelation": "Executive Chairman", "moneyText": "", "startDate": "2017-03-31", "ownership": "I"}, {"maxAge": 1, "shares": 0, "filerUrl": "", "transactionText": "", "filerName": "Radhamani (D)", "filerRelation": "Promoter", "moneyText": "", "startDate": "2017-03-31", "ownership": "I"}, {"maxAge": 1, "shares": 1254, "filerUrl": "", "transactionText": "", "filerName": "Ramasamy (K P)", "filerRelation": "Executive Chairman", "moneyText": "", "startDate": "2017-03-30", "ownership": "D"}, {"maxAge": 1, "shares": 3119, "filerUrl": "", "transactionText": "", "filerName": "Sigamani (K P D)", "filerRelation": "Managing Director", "moneyText": "", "startDate": "2017-03-30", "ownership": "D"}, {"maxAge": 1, "shares": 1351, "filerUrl": "", "transactionText": "", "filerName": "Nataraj (P)", "filerRelation": "Managing Director", "moneyText": "", "startDate": "2017-03-30", "ownership": "D"}, {"maxAge": 1, "shares": 28651, "filerUrl": "", "transactionText": "", "filerName": "Jayanthi (N)", "filerRelation": "Promoter", "moneyText": "", "startDate": "2017-03-30", "ownership": "D"}, {"maxAge": 1, "shares": 26882, "filerUrl": "", "transactionText": "", "filerName": "Radhamani (D)", "filerRelation": "Promoter", "moneyText": "", "startDate": "2017-03-30", "ownership": "D"}, {"maxAge": 1, "shares": 35216, "filerUrl": "", "transactionText": "", "filerName": "Parvathi (K R)", "filerRelation": "Promoter", "moneyText": "", "startDate": "2017-02-13", "ownership": "D"}, {"maxAge": 1, "shares": 35207, "filerUrl": "", "transactionText": "", "filerName": "Radhamani (D)", "filerRelation": "Promoter", "moneyText": "", "startDate": "2017-02-13", "ownership": "D"}, {"maxAge": 1, "shares": 304115, "filerUrl": "", "transactionText": "", "filerName": "Nataraj (P)", "filerRelation": "Non Independent Director", "moneyText": "", "startDate": "2017-02-13", "ownership": "D"}, {"maxAge": 1, "shares": 38838, "filerUrl": "", "transactionText": "", "filerName": "K P R Developers Ltd", "filerRelation": "Promoter", "moneyText": "", "startDate": "2017-02-13", "ownership": "D"}, {"maxAge": 1, "shares": 304149, "filerUrl": "", "transactionText": "", "filerName": "Sigamani (K P D)", "filerRelation": "Managing Director", "moneyText": "", "startDate": "2017-02-13", "ownership": "D"}, {"maxAge": 1, "shares": 304114, "filerUrl": "", "transactionText": "", "filerName": "Ramasamy (K P)", "filerRelation": "Executive Chairman", "moneyText": "", "startDate": "2017-02-13", "ownership": "D"}, {"maxAge": 1, "shares": 35240, "filerUrl": "", "transactionText": "", "filerName": "Jayanthi (N)", "filerRelation": "Promoter", "moneyText": "", "startDate": "2017-02-13", "ownership": "D"}], "maxAge": 1}, "sectorTrend": {"maxAge": 1, "symbol": null, "estimates": []}, "incomeStatementHistoryQuarterly": {"incomeStatementHistory": [{"maxAge": 1, "endDate": "2021-03-31", "totalRevenue": 11179100000, "costOfRevenue": 6445800000, "grossProfit": 4733300000, "researchDevelopment": {}, "sellingGeneralAdministrative": 1017100000, "nonRecurring": {}, "otherOperatingExpenses": 923500000, "totalOperatingExpenses": 8719600000, "operatingIncome": 2459500000, "totalOtherIncomeExpenseNet": -77800000, "ebit": 2459500000, "interestExpense": -77800000, "incomeBeforeTax": 2381700000, "incomeTaxExpense": 520100000, "minorityInterest": {}, "netIncomeFromContinuingOps": 1861600000, "discontinuedOperations": {}, "extraordinaryItems": {}, "effectOfAccountingCharges": {}, "otherItems": {}, "netIncome": 1861600000, "netIncomeApplicableToCommonShares": 1861600000}, {"maxAge": 1, "endDate": "2020-12-31", "totalRevenue": 9296400000, "costOfRevenue": 4660500000, "grossProfit": 4635900000, "researchDevelopment": {}, "sellingGeneralAdministrative": 1112800000, "nonRecurring": {}, "otherOperatingExpenses": 901500000, "totalOperatingExpenses": 7039100000, "operatingIncome": 2257300000, "totalOtherIncomeExpenseNet": -75200000, "ebit": 2257300000, "interestExpense": -75200000, "incomeBeforeTax": 2182100000, "incomeTaxExpense": 619500000, "minorityInterest": {}, "netIncomeFromContinuingOps": 1562600000, "discontinuedOperations": {}, "extraordinaryItems": {}, "effectOfAccountingCharges": {}, "otherItems": {}, "netIncome": 1562600000, "netIncomeApplicableToCommonShares": 1562600000}, {"maxAge": 1, "endDate": "2020-09-30", "totalRevenue": 9419200000, "costOfRevenue": 5654700000, "grossProfit": 3764500000, "researchDevelopment": {}, "sellingGeneralAdministrative": 1044700000, "nonRecurring": {}, "otherOperatingExpenses": 729600000, "totalOperatingExpenses": 7812600000, "operatingIncome": 1606600000, "totalOtherIncomeExpenseNet": -74300000, "ebit": 1606600000, "interestExpense": -74300000, "incomeBeforeTax": 1532300000, "incomeTaxExpense": 406900000, "minorityInterest": {}, "netIncomeFromContinuingOps": 1125400000, "discontinuedOperations": {}, "extraordinaryItems": {}, "effectOfAccountingCharges": {}, "otherItems": {}, "netIncome": 1125400000, "netIncomeApplicableToCommonShares": 1125400000}, {"maxAge": 1, "endDate": "2020-06-30", "totalRevenue": 5406800000, "costOfRevenue": 2868300000, "grossProfit": 2538500000, "researchDevelopment": {}, "sellingGeneralAdministrative": 762200000, "nonRecurring": {}, "otherOperatingExpenses": 508100000, "totalOperatingExpenses": 4524500000, "operatingIncome": 882300000, "totalOtherIncomeExpenseNet": -89800000, "ebit": 882300000, "interestExpense": -89800000, "incomeBeforeTax": 792500000, "incomeTaxExpense": 189500000, "minorityInterest": {}, "netIncomeFromContinuingOps": 603000000, "discontinuedOperations": {}, "extraordinaryItems": {}, "effectOfAccountingCharges": {}, "otherItems": {}, "netIncome": 603000000, "netIncomeApplicableToCommonShares": 603000000}], "maxAge": 86400}, "cashflowStatementHistoryQuarterly": {"cashflowStatements": [{"maxAge": 1, "endDate": "2021-03-31", "netIncome": 1861600000, "changeToLiabilities": 0}, {"maxAge": 1, "endDate": "2020-12-31", "netIncome": 1562600000, "changeToLiabilities": 0}, {"maxAge": 1, "endDate": "2020-09-30", "netIncome": 1125400000, "changeToLiabilities": 0}, {"maxAge": 1, "endDate": "2020-06-30", "netIncome": 603000000, "changeToLiabilities": 0}], "maxAge": 86400}, "earnings": {"maxAge": 86400, "earningsChart": {"quarterly": [{"date": "2Q2017", "actual": 9.89, "estimate": 10.92}, {"date": "3Q2017", "actual": 9.95, "estimate": 11.85}, {"date": "4Q2017", "actual": 9.56, "estimate": 11.0}, {"date": "1Q2018", "actual": 9.89, "estimate": 10.14}], "currentQuarterEstimateDate": "2Q", "currentQuarterEstimateYear": 2018, "earningsDate": []}, "financialsChart": {"yearly": [{"date": 2018, "revenue": 30234400000, "earnings": 2903800000}, {"date": 2019, "revenue": 33840100000, "earnings": 3348700000}, {"date": 2020, "revenue": 33526300000, "earnings": 3766800000}, {"date": 2021, "revenue": 35301500000, "earnings": 5152600000}], "quarterly": [{"date": "2Q2020", "revenue": 5406800000, "earnings": 603000000}, {"date": "3Q2020", "revenue": 9419200000, "earnings": 1125400000}, {"date": "4Q2020", "revenue": 9296400000, "earnings": 1562600000}, {"date": "1Q2021", "revenue": 11179100000, "earnings": 1861600000}]}, "financialCurrency": "INR"}, "financialData": {"maxAge": 86400, "currentPrice": 1377.45, "targetHighPrice": 1019.0, "targetLowPrice": 840.0, "targetMeanPrice": 937.75, "targetMedianPrice": 946.0, "recommendationMean": 1.7, "recommendationKey": "buy", "numberOfAnalystOpinions": 4, "totalCash": 3552100096, "totalCashPerShare": 51.614, "ebitda": 8684000256, "totalDebt": 6101100032, "quickRatio": 0.983, "currentRatio": 2.55, "totalRevenue": 35301498880, "debtToEquity": 25.96, "revenuePerShare": 513.018, "returnOnAssets": 0.14639, "returnOnEquity": 0.24443, "grossProfits": 15672200000, "freeCashflow": 3120075008, "operatingCashflow": 6589199872, "earningsGrowth": 1.3, "revenueGrowth": 0.279, "grossMargins": 0.44395, "ebitdaMargins": 0.24599001, "operatingMargins": 0.20444, "profitMargins": 0.14596, "financialCurrency": "INR"}}}