{"KPRMILL.BO": {"recommendationTrend": {"trend": [{"period": "0m", "strongBuy": 0, "buy": 0, "hold": 0, "sell": 0, "strongSell": 0}, {"period": "-1m", "strongBuy": 0, "buy": 0, "hold": 0, "sell": 0, "strongSell": 0}, {"period": "-2m", "strongBuy": 0, "buy": 0, "hold": 0, "sell": 0, "strongSell": 0}, {"period": "-3m", "strongBuy": 0, "buy": 0, "hold": 0, "sell": 0, "strongSell": 0}], "maxAge": 86400}, "cashflowStatementHistory": {"cashflowStatements": [{"maxAge": 1, "endDate": "2020-03-31", "netIncome": 3766800000, "depreciation": 1369100000, "changeToNetincome": 375400000, "changeToAccountReceivables": 733700000, "changeToLiabilities": -901500000, "changeToInventory": 2906800000, "changeToOperatingActivities": -369300000, "totalCashFromOperatingActivities": 7882800000, "capitalExpenditures": -2966400000, "investments": -15500000, "otherCashflowsFromInvestingActivities": 111500000, "totalCashflowsFromInvestingActivities": -2827900000, "dividendsPaid": -312400000, "netBorrowings": -691400000, "otherCashflowsFromFinancingActivities": -540800000, "totalCashFromFinancingActivities": -4177700000, "changeInCash": 877200000, "repurchaseOfStock": -2633100000}, {"maxAge": 1, "endDate": "2019-03-31", "netIncome": 3348700000, "depreciation": 1310900000, "changeToNetincome": 451500000, "changeToAccountReceivables": -1105200000, "changeToLiabilities": -212900000, "changeToInventory": -3660000000, "changeToOperatingActivities": 526000000, "totalCashFromOperatingActivities": 659400000, "capitalExpenditures": -924600000, "investments": 138300000, "otherCashflowsFromInvestingActivities": 23100000, "totalCashflowsFromInvestingActivities": -690900000, "dividendsPaid": -54400000, "netBorrowings": 2085200000, "otherCashflowsFromFinancingActivities": -482200000, "totalCashFromFinancingActivities": 467200000, "changeInCash": 435700000, "repurchaseOfStock": -1081400000}, {"maxAge": 1, "endDate": "2018-03-31", "netIncome": 2903800000, "depreciation": 1395300000, "changeToNetincome": 512300000, "changeToAccountReceivables": -790300000, "changeToLiabilities": 990500000, "changeToInventory": -1074200000, "changeToOperatingActivities": -1680600000, "totalCashFromOperatingActivities": 2260000000, "capitalExpenditures": -432500000, "investments": -123000000, "otherCashflowsFromInvestingActivities": -500000, "totalCashflowsFromInvestingActivities": -542400000, "dividendsPaid": -55400000, "netBorrowings": -1317300000, "otherCashflowsFromFinancingActivities": -530700000, "totalCashFromFinancingActivities": -1903400000, "changeInCash": -185800000, "repurchaseOfStock": -1081400000}, {"maxAge": 1, "endDate": "2017-03-31", "netIncome": 2868200000, "depreciation": 1490500000, "changeToNetincome": 547500000, "changeToAccountReceivables": 794000000, "changeToLiabilities": -885700000, "changeToInventory": -272900000, "changeToOperatingActivities": 225500000, "totalCashFromOperatingActivities": 4770500000, "capitalExpenditures": -1991800000, "investments": -102300000, "otherCashflowsFromInvestingActivities": 109100000, "totalCashflowsFromInvestingActivities": -1976600000, "dividendsPaid": -43700000, "netBorrowings": -1037100000, "otherCashflowsFromFinancingActivities": -645000000, "totalCashFromFinancingActivities": -2696000000, "changeInCash": 97900000, "repurchaseOfStock": -970200000}], "maxAge": 86400}, "institutionOwnership": {"ownershipList": [], "maxAge": 1}, "balanceSheetHistoryQuarterly": {"balanceSheetStatements": [{"maxAge": 1, "endDate": "2020-06-30", "totalStockholderEquity": 18658700000, "netTangibleAssets": 18641200000}, {"maxAge": 1, "endDate": "2020-03-31", "cash": 1518100000, "netReceivables": 5471400000, "inventory": 7157300000, "otherCurrentAssets": 884800000, "totalCurrentAssets": 15101700000, "longTermInvestments": 21000000, "propertyPlantEquipment": 13260100000, "goodWill": 7000000, "intangibleAssets": 10500000, "otherAssets": 571500000, "deferredLongTermAssetCharges": 147600000, "totalAssets": 28971800000, "accountsPayable": 1319500000, "shortLongTermDebt": 470700000, "otherCurrentLiab": 391800000, "longTermDebt": 2067500000, "otherLiab": 542300000, "totalCurrentLiabilities": 7703300000, "totalLiab": 10313100000, "commonStock": 344100000, "retainedEarnings": 16193000000, "treasuryStock": 212000000, "capitalSurplus": 1909600000, "otherStockholderEquity": 212000000, "totalStockholderEquity": 18658700000, "netTangibleAssets": 18641200000}, {"maxAge": 1, "endDate": "2019-12-31", "totalStockholderEquity": 19849800000, "netTangibleAssets": 19834800000}, {"maxAge": 1, "endDate": "2019-09-30", "cash": 502900000, "shortTermInvestments": 2687000000, "netReceivables": 4874700000, "inventory": 7541700000, "otherCurrentAssets": 1133500000, "totalCurrentAssets": 16739800000, "longTermInvestments": 21000000, "propertyPlantEquipment": 12120100000, "goodWill": 7000000, "intangibleAssets": 8000000, "otherAssets": 1171600000, "totalAssets": 30067500000, "accountsPayable": 1549900000, "otherCurrentLiab": 930600000, "longTermDebt": 1823600000, "otherLiab": 516700000, "totalCurrentLiabilities": 7877400000, "totalLiab": 10217700000, "commonStock": 362800000, "treasuryStock": 19487000000, "otherStockholderEquity": 19487000000, "totalStockholderEquity": 19849800000, "netTangibleAssets": 19834800000}], "maxAge": 86400}, "earningsHistory": {"history": [{"maxAge": 1, "epsActual": 9.89, "epsEstimate": 10.92, "epsDifference": -1.03, "surprisePercent": -0.094, "quarter": "2017-06-30", "period": "-4q"}, {"maxAge": 1, "epsActual": 9.95, "epsEstimate": 11.85, "epsDifference": -1.9, "surprisePercent": -0.16, "quarter": "2017-09-30", "period": "-3q"}, {"maxAge": 1, "epsActual": 9.56, "epsEstimate": 11.0, "epsDifference": -1.44, "surprisePercent": -0.131, "quarter": "2017-12-31", "period": "-2q"}, {"maxAge": 1, "epsActual": 9.89, "epsEstimate": 10.14, "epsDifference": -0.25, "surprisePercent": -0.025, "quarter": "2018-03-31", "period": "-1q"}], "maxAge": 86400}, "indexTrend": {"maxAge": 1, "symbol": "SP5", "peRatio": 19.7411, "pegRatio": 1.34172, "estimates": [{"period": "0q", "growth": 0.549}, {"period": "+1q", "growth": 0.431}, {"period": "0y", "growth": 0.305}, {"period": "+1y", "growth": 0.109}, {"period": "+5y", "growth": 0.120865}, {"period": "-5y"}]}, "industryTrend": {"maxAge": 1, "symbol": null, "estimates": []}, "insiderTransactions": {"transactions": [{"maxAge": 1, "shares": 269859, "filerUrl": "", "transactionText": "", "filerName": "Sigamani (K P D)", "filerRelation": "Managing Director", "moneyText": "", "startDate": "2018-04-09", "ownership": "D"}, {"maxAge": 1, "shares": 269859, "filerUrl": "", "transactionText": "", "filerName": "Nataraj (P)", "filerRelation": "Managing Director", "moneyText": "", "startDate": "2018-04-09", "ownership": "D"}, {"maxAge": 1, "shares": 30789, "filerUrl": "", "transactionText": "", "filerName": "Radhamani (D)", "filerRelation": "Promoter", "moneyText": "", "startDate": "2018-04-09", "ownership": "D"}, {"maxAge": 1, "shares": 269859, "filerUrl": "", "transactionText": "", "filerName": "Ramasamy (K P)", "filerRelation": "Executive Chairman", "moneyText": "", "startDate": "2018-04-09", "ownership": "D"}, {"maxAge": 1, "shares": 30789, "filerUrl": "", "transactionText": "", "filerName": "Jayanthi (N)", "filerRelation": "Promoter", "moneyText": "", "startDate": "2018-04-09", "ownership": "D"}, {"maxAge": 1, "shares": 0, "filerUrl": "", "transactionText": "", "filerName": "Ramasamy (K P)", "filerRelation": "Executive Chairman", "moneyText": "", "startDate": "2017-03-31", "ownership": "I"}, {"maxAge": 1, "shares": 0, "filerUrl": "", "transactionText": "", "filerName": "Nataraj (P)", "filerRelation": "Managing Director", "moneyText": "", "startDate": "2017-03-31", "ownership": "I"}, {"maxAge": 1, "shares": 0, "filerUrl": "", "transactionText": "", "filerName": "Radhamani (D)", "filerRelation": "Promoter", "moneyText": "", "startDate": "2017-03-31", "ownership": "I"}, {"maxAge": 1, "shares": 0, "filerUrl": "", "transactionText": "", "filerName": "Jayanthi (N)", "filerRelation": "Promoter", "moneyText": "", "startDate": "2017-03-31", "ownership": "I"}, {"maxAge": 1, "shares": 0, "filerUrl": "", "transactionText": "", "filerName": "Sigamani (K P D)", "filerRelation": "Managing Director", "moneyText": "", "startDate": "2017-03-31", "ownership": "I"}, {"maxAge": 1, "shares": 1254, "filerUrl": "", "transactionText": "", "filerName": "Ramasamy (K P)", "filerRelation": "Executive Chairman", "moneyText": "", "startDate": "2017-03-30", "ownership": "D"}, {"maxAge": 1, "shares": 1351, "filerUrl": "", "transactionText": "", "filerName": "Nataraj (P)", "filerRelation": "Managing Director", "moneyText": "", "startDate": "2017-03-30", "ownership": "D"}, {"maxAge": 1, "shares": 3119, "filerUrl": "", "transactionText": "", "filerName": "Sigamani (K P D)", "filerRelation": "Managing Director", "moneyText": "", "startDate": "2017-03-30", "ownership": "D"}, {"maxAge": 1, "shares": 28651, "filerUrl": "", "transactionText": "", "filerName": "Jayanthi (N)", "filerRelation": "Promoter", "moneyText": "", "startDate": "2017-03-30", "ownership": "D"}, {"maxAge": 1, "shares": 26882, "filerUrl": "", "transactionText": "", "filerName": "Radhamani (D)", "filerRelation": "Promoter", "moneyText": "", "startDate": "2017-03-30", "ownership": "D"}, {"maxAge": 1, "shares": 304149, "filerUrl": "", "transactionText": "", "filerName": "Sigamani (K P D)", "filerRelation": "Managing Director", "moneyText": "", "startDate": "2017-02-13", "ownership": "D"}, {"maxAge": 1, "shares": 35240, "filerUrl": "", "transactionText": "", "filerName": "Jayanthi (N)", "filerRelation": "Promoter", "moneyText": "", "startDate": "2017-02-13", "ownership": "D"}, {"maxAge": 1, "shares": 304114, "filerUrl": "", "transactionText": "", "filerName": "Ramasamy (K P)", "filerRelation": "Executive Chairman", "moneyText": "", "startDate": "2017-02-13", "ownership": "D"}, {"maxAge": 1, "shares": 35207, "filerUrl": "", "transactionText": "", "filerName": "Radhamani (D)", "filerRelation": "Promoter", "moneyText": "", "startDate": "2017-02-13", "ownership": "D"}, {"maxAge": 1, "shares": 304115, "filerUrl": "", "transactionText": "", "filerName": "Nataraj (P)", "filerRelation": "Non Independent Director", "moneyText": "", "startDate": "2017-02-13", "ownership": "D"}, {"maxAge": 1, "shares": 38838, "filerUrl": "", "transactionText": "", "filerName": "K P R Developers Ltd", "filerRelation": "Promoter", "moneyText": "", "startDate": "2017-02-13", "ownership": "D"}, {"maxAge": 1, "shares": 35216, "filerUrl": "", "transactionText": "", "filerName": "Parvathi (K R)", "filerRelation": "Promoter", "moneyText": "", "startDate": "2017-02-13", "ownership": "D"}], "maxAge": 1}, "quoteType": {"exchange": "BSE", "quoteType": "EQUITY", "symbol": "KPRMILL.BO", "underlyingSymbol": "KPRMILL.BO", "shortName": "K.P.R.MILL LIMITED", "longName": "K.P.R. Mill Limited", "firstTradeDateEpochUtc": "2007-08-28 09:15:00", "timeZoneFullName": "Asia/Kolkata", "timeZoneShortName": "IST", "uuid": "c7f7e9b9-8d35-3482-ba86-78ef4077eeea", "gmtOffSetMilliseconds": 19800000, "maxAge": 1}, "incomeStatementHistory": {"incomeStatementHistory": [{"maxAge": 1, "endDate": "2020-03-31", "totalRevenue": 33526300000, "costOfRevenue": 20591000000, "grossProfit": 12935300000, "researchDevelopment": {}, "sellingGeneralAdministrative": 3973600000, "nonRecurring": {}, "otherOperatingExpenses": 2470900000, "totalOperatingExpenses": 28406400000, "operatingIncome": 5119900000, "totalOtherIncomeExpenseNet": -403200000, "ebit": 5119900000, "interestExpense": -496500000, "incomeBeforeTax": 4716700000, "incomeTaxExpense": 949900000, "minorityInterest": {}, "netIncomeFromContinuingOps": 3766800000, "discontinuedOperations": {}, "extraordinaryItems": {}, "effectOfAccountingCharges": {}, "otherItems": {}, "netIncome": 3766800000, "netIncomeApplicableToCommonShares": 3766800000}, {"maxAge": 1, "endDate": "2019-03-31", "totalRevenue": 33840100000, "costOfRevenue": 21211000000, "grossProfit": 12629100000, "researchDevelopment": {}, "sellingGeneralAdministrative": 3832300000, "nonRecurring": {}, "otherOperatingExpenses": 2339900000, "totalOperatingExpenses": 28694500000, "operatingIncome": 5145600000, "totalOtherIncomeExpenseNet": -459800000, "ebit": 5145600000, "interestExpense": -489400000, "incomeBeforeTax": 4685800000, "incomeTaxExpense": 1337100000, "minorityInterest": {}, "netIncomeFromContinuingOps": 3348700000, "discontinuedOperations": {}, "extraordinaryItems": {}, "effectOfAccountingCharges": {}, "otherItems": {}, "netIncome": 3348700000, "netIncomeApplicableToCommonShares": 3348700000}, {"maxAge": 1, "endDate": "2018-03-31", "totalRevenue": 30234400000, "costOfRevenue": 19103000000, "grossProfit": 11131400000, "researchDevelopment": {}, "sellingGeneralAdministrative": 3027600000, "nonRecurring": {}, "otherOperatingExpenses": 2229100000, "totalOperatingExpenses": 25758200000, "operatingIncome": 4476200000, "totalOtherIncomeExpenseNet": -496000000, "ebit": 4476200000, "interestExpense": -515600000, "incomeBeforeTax": 3980200000, "incomeTaxExpense": 1076400000, "minorityInterest": {}, "netIncomeFromContinuingOps": 2903800000, "discontinuedOperations": {}, "extraordinaryItems": {}, "effectOfAccountingCharges": {}, "otherItems": {}, "netIncome": 2903800000, "netIncomeApplicableToCommonShares": 2903800000}, {"maxAge": 1, "endDate": "2017-03-31", "totalRevenue": 28069400000, "costOfRevenue": 17522100000, "grossProfit": 10547300000, "researchDevelopment": {}, "sellingGeneralAdministrative": 2810600000, "nonRecurring": {}, "otherOperatingExpenses": 1854500000, "totalOperatingExpenses": 23681100000, "operatingIncome": 4388300000, "totalOtherIncomeExpenseNet": -619300000, "ebit": 4388300000, "interestExpense": -644500000, "incomeBeforeTax": 3769000000, "incomeTaxExpense": 900800000, "minorityInterest": {}, "netIncomeFromContinuingOps": 2868200000, "discontinuedOperations": {}, "extraordinaryItems": {}, "effectOfAccountingCharges": {}, "otherItems": {}, "netIncome": 2868200000, "netIncomeApplicableToCommonShares": 2868200000}], "maxAge": 86400}, "fundOwnership": {"ownershipList": [], "maxAge": 1}, "summaryDetail": {"maxAge": 1, "priceHint": 2, "previousClose": 1359.6, "open": 1358.0, "dayLow": 1331.75, "dayHigh": 1385.95, "regularMarketPreviousClose": 1359.6, "regularMarketOpen": 1358.0, "regularMarketDayLow": 1331.75, "regularMarketDayHigh": 1385.95, "trailingPE": 28.094297, "forwardPE": 15.427021, "volume": 3220, "regularMarketVolume": 3220, "averageVolume": 6741, "averageVolume10days": 4603, "averageDailyVolume10Day": 4603, "bid": 1377.1, "ask": 1379.8, "bidSize": 0, "askSize": 0, "marketCap": 94837383168, "fiftyTwoWeekLow": 316.9, "fiftyTwoWeekHigh": 1385.95, "fiftyDayAverage": 903.56366, "twoHundredDayAverage": 700.9827, "trailingAnnualDividendRate": 4.5, "trailingAnnualDividendYield": 0.003309797, "currency": "INR", "fromCurrency": null, "lastMarket": null, "algorithm": null, "tradeable": false}, "sectorTrend": {"maxAge": 1, "symbol": null, "estimates": []}, "incomeStatementHistoryQuarterly": {"incomeStatementHistory": [{"maxAge": 1, "endDate": "2020-06-30", "totalRevenue": 5406800000, "costOfRevenue": 2868300000, "grossProfit": 2538500000, "researchDevelopment": {}, "sellingGeneralAdministrative": 762200000, "nonRecurring": {}, "otherOperatingExpenses": 508100000, "totalOperatingExpenses": 4524500000, "operatingIncome": 882300000, "totalOtherIncomeExpenseNet": -89800000, "ebit": 882300000, "interestExpense": -89800000, "incomeBeforeTax": 792500000, "incomeTaxExpense": 189500000, "minorityInterest": {}, "netIncomeFromContinuingOps": 603000000, "discontinuedOperations": {}, "extraordinaryItems": {}, "effectOfAccountingCharges": {}, "otherItems": {}, "netIncome": 603000000, "netIncomeApplicableToCommonShares": 603000000}, {"maxAge": 1, "endDate": "2020-03-31", "totalRevenue": 8738900000, "costOfRevenue": 6363300000, "grossProfit": 2375600000, "researchDevelopment": {}, "sellingGeneralAdministrative": 821200000, "nonRecurring": {}, "otherOperatingExpenses": 191600000, "totalOperatingExpenses": 7742200000, "operatingIncome": 996700000, "totalOtherIncomeExpenseNet": -23200000, "ebit": 996700000, "interestExpense": -116500000, "incomeBeforeTax": 973500000, "incomeTaxExpense": 164400000, "minorityInterest": {}, "netIncomeFromContinuingOps": 809100000, "discontinuedOperations": {}, "extraordinaryItems": {}, "effectOfAccountingCharges": {}, "otherItems": {}, "netIncome": 809100000, "netIncomeApplicableToCommonShares": 809100000}, {"maxAge": 1, "endDate": "2019-12-31", "totalRevenue": 7697600000, "costOfRevenue": 4403300000, "grossProfit": 3294300000, "researchDevelopment": {}, "sellingGeneralAdministrative": 1039300000, "nonRecurring": {}, "otherOperatingExpenses": 790600000, "totalOperatingExpenses": 6573800000, "operatingIncome": 1123800000, "totalOtherIncomeExpenseNet": -117000000, "ebit": 1123800000, "interestExpense": -117000000, "incomeBeforeTax": 1006800000, "incomeTaxExpense": 62800000, "minorityInterest": {}, "netIncomeFromContinuingOps": 944000000, "discontinuedOperations": {}, "extraordinaryItems": {}, "effectOfAccountingCharges": {}, "otherItems": {}, "netIncome": 944000000, "netIncomeApplicableToCommonShares": 944000000}, {"maxAge": 1, "endDate": "2019-09-30", "totalRevenue": 8080400000, "costOfRevenue": 4563700000, "grossProfit": 3516700000, "researchDevelopment": {}, "sellingGeneralAdministrative": 1055700000, "nonRecurring": {}, "otherOperatingExpenses": 643200000, "totalOperatingExpenses": 6599200000, "operatingIncome": 1481200000, "totalOtherIncomeExpenseNet": -118700000, "ebit": 1481200000, "interestExpense": -118700000, "incomeBeforeTax": 1362500000, "incomeTaxExpense": 271100000, "minorityInterest": {}, "netIncomeFromContinuingOps": 1091400000, "discontinuedOperations": {}, "extraordinaryItems": {}, "effectOfAccountingCharges": {}, "otherItems": {}, "netIncome": 1091400000, "netIncomeApplicableToCommonShares": 1091400000}], "maxAge": 86400}, "cashflowStatementHistoryQuarterly": {"cashflowStatements": [{"maxAge": 1, "endDate": "2020-06-30", "netIncome": 603000000, "changeToLiabilities": 0}, {"maxAge": 1, "endDate": "2020-03-31", "netIncome": 809100000, "changeToLiabilities": 0}, {"maxAge": 1, "endDate": "2019-12-31", "netIncome": 944000000, "changeToLiabilities": 0}, {"maxAge": 1, "endDate": "2019-09-30", "netIncome": 1091400000, "changeToLiabilities": 0}], "maxAge": 86400}, "insiderHolders": {"holders": [{"maxAge": 1, "name": "Jayanthi (N)", "relation": "Promoter", "url": "", "transactionDescription": "Other", "latestTransDate": "2018-04-09", "positionDirect": 1789004, "positionDirectDate": "2018-04-09"}, {"maxAge": 1, "name": "K P R Developers Ltd", "relation": "Promoter", "url": "", "transactionDescription": "Sale", "latestTransDate": "2017-02-13", "positionDirect": 2037162, "positionDirectDate": "2017-02-13"}, {"maxAge": 1, "name": "Nataraj (P)", "relation": "Managing Director", "url": "", "transactionDescription": "Other", "latestTransDate": "2018-04-09", "positionDirect": 15680141, "positionDirectDate": "2018-04-09"}, {"maxAge": 1, "name": "Parvathi (K R)", "relation": "Promoter", "url": "", "transactionDescription": "Sale", "latestTransDate": "2017-02-13", "positionDirect": 1847126, "positionDirectDate": "2017-02-13"}, {"maxAge": 1, "name": "Radhamani (D)", "relation": "Promoter", "url": "", "transactionDescription": "Other", "latestTransDate": "2018-04-09", "positionDirect": 1789004, "positionDirectDate": "2018-04-09"}, {"maxAge": 1, "name": "Ramasamy (K P)", "relation": "Executive Chairman", "url": "", "transactionDescription": "Other", "latestTransDate": "2018-04-09", "positionDirect": 15680141, "positionDirectDate": "2018-04-09"}, {"maxAge": 1, "name": "Sigamani (K P D)", "relation": "Managing Director", "url": "", "transactionDescription": "Other", "latestTransDate": "2018-04-09", "positionDirect": 15680141, "positionDirectDate": "2018-04-09"}], "maxAge": 1}, "earnings": {"maxAge": 86400, "earningsChart": {"quarterly": [{"date": "2Q2017", "actual": 9.89, "estimate": 10.92}, {"date": "3Q2017", "actual": 9.95, "estimate": 11.85}, {"date": "4Q2017", "actual": 9.56, "estimate": 11.0}, {"date": "1Q2018", "actual": 9.89, "estimate": 10.14}], "currentQuarterEstimateDate": "2Q", "currentQuarterEstimateYear": 2018, "earningsDate": ["2020-08-12 05:30:S"]}, "financialsChart": {"yearly": [{"date": 2017, "revenue": 28069400000, "earnings": 2868200000}, {"date": 2018, "revenue": 30234400000, "earnings": 2903800000}, {"date": 2019, "revenue": 33840100000, "earnings": 3348700000}, {"date": 2020, "revenue": 33526300000, "earnings": 3766800000}], "quarterly": [{"date": "3Q2019", "revenue": 8080400000, "earnings": 1091400000}, {"date": "4Q2019", "revenue": 7697600000, "earnings": 944000000}, {"date": "1Q2020", "revenue": 8738900000, "earnings": 809100000}, {"date": "2Q2020", "revenue": 5406800000, "earnings": 603000000}]}, "financialCurrency": "INR"}, "calendarEvents": {"maxAge": 1, "earnings": {"earningsDate": ["2020-08-12 05:30:S"], "revenueAverage": 9018500000}}, "upgradeDowngradeHistory": {"history": [], "maxAge": 86400}, "price": {"maxAge": 1, "regularMarketChangePercent": 0.013717288, "regularMarketChange": 18.650024, "regularMarketTime": "2021-04-30 15:28:11", "priceHint": 2, "regularMarketPrice": 1378.25, "regularMarketDayHigh": 1385.95, "regularMarketDayLow": 1331.75, "regularMarketVolume": 3220, "averageDailyVolume10Day": 4603, "averageDailyVolume3Month": 6741, "regularMarketPreviousClose": 1359.6, "regularMarketSource": "FREE_REALTIME", "regularMarketOpen": 1358.0, "exchange": "BSE", "exchangeName": "BSE", "exchangeDataDelayedBy": 0, "marketState": "CLOSED", "quoteType": "EQUITY", "symbol": "KPRMILL.BO", "underlyingSymbol": null, "shortName": "K.P.R.MILL LIMITED", "longName": "K.P.R. Mill Limited", "currency": "INR", "quoteSourceName": "Delayed Quote", "currencySymbol": "\u20b9", "fromCurrency": null, "lastMarket": null, "marketCap": 94837383168}, "balanceSheetHistory": {"balanceSheetStatements": [{"maxAge": 1, "endDate": "2020-03-31", "cash": 1518100000, "netReceivables": 5471400000, "inventory": 7157300000, "otherCurrentAssets": 884800000, "totalCurrentAssets": 15101700000, "longTermInvestments": 21000000, "propertyPlantEquipment": 13260100000, "goodWill": 7000000, "intangibleAssets": 10500000, "otherAssets": 571500000, "deferredLongTermAssetCharges": 147600000, "totalAssets": 28971800000, "accountsPayable": 1319500000, "shortLongTermDebt": 470700000, "otherCurrentLiab": 391800000, "longTermDebt": 2067500000, "otherLiab": 542300000, "totalCurrentLiabilities": 7703300000, "totalLiab": 10313100000, "commonStock": 344100000, "retainedEarnings": 16193000000, "treasuryStock": 212000000, "capitalSurplus": 1909600000, "otherStockholderEquity": 212000000, "totalStockholderEquity": 18658700000, "netTangibleAssets": 18641200000}, {"maxAge": 1, "endDate": "2019-03-31", "cash": 640900000, "netReceivables": 6217200000, "inventory": 10064100000, "otherCurrentAssets": 732200000, "totalCurrentAssets": 17654400000, "longTermInvestments": 21000000, "propertyPlantEquipment": 11482500000, "goodWill": 7000000, "intangibleAssets": 2000000, "otherAssets": 669200000, "deferredLongTermAssetCharges": 98700000, "totalAssets": 29836100000, "accountsPayable": 2221000000, "shortLongTermDebt": 350500000, "otherCurrentLiab": 336000000, "longTermDebt": 1304900000, "otherLiab": 595500000, "deferredLongTermLiab": 33100000, "totalCurrentLiabilities": 10034000000, "totalLiab": 11934400000, "commonStock": 362800000, "retainedEarnings": 15436000000, "treasuryStock": 193300000, "capitalSurplus": 1909600000, "otherStockholderEquity": 193300000, "totalStockholderEquity": 17901700000, "netTangibleAssets": 17892700000}, {"maxAge": 1, "endDate": "2018-03-31", "cash": 205200000, "shortTermInvestments": 18200000, "netReceivables": 5257600000, "inventory": 6404100000, "otherCurrentAssets": 1030900000, "totalCurrentAssets": 13036200000, "longTermInvestments": 21000000, "propertyPlantEquipment": 12227700000, "goodWill": 7000000, "intangibleAssets": 1800000, "otherAssets": 227800000, "totalAssets": 25521500000, "accountsPayable": 2549900000, "shortLongTermDebt": 287800000, "otherCurrentLiab": 101000000, "longTermDebt": 1586100000, "otherLiab": 518700000, "deferredLongTermLiab": 33500000, "totalCurrentLiabilities": 7716900000, "totalLiab": 9821700000, "commonStock": 369500000, "retainedEarnings": 13234100000, "treasuryStock": 186600000, "capitalSurplus": 1909600000, "otherStockholderEquity": 186600000, "totalStockholderEquity": 15699800000, "netTangibleAssets": 15691000000}, {"maxAge": 1, "endDate": "2017-03-31", "cash": 391000000, "shortTermInvestments": 27300000, "netReceivables": 4121900000, "inventory": 5329900000, "otherCurrentAssets": 506000000, "totalCurrentAssets": 10376100000, "longTermInvestments": 118800000, "propertyPlantEquipment": 13082900000, "goodWill": 7000000, "intangibleAssets": 4600000, "otherAssets": 324100000, "totalAssets": 23913500000, "accountsPayable": 1660200000, "shortLongTermDebt": 938800000, "otherCurrentLiab": 130800000, "longTermDebt": 2113600000, "otherLiab": 1242900000, "deferredLongTermLiab": 33900000, "totalCurrentLiabilities": 7697400000, "totalLiab": 11053900000, "commonStock": 369500000, "retainedEarnings": 10393900000, "treasuryStock": 186600000, "capitalSurplus": 1909600000, "otherStockholderEquity": 186600000, "totalStockholderEquity": 12859600000, "netTangibleAssets": 12848000000}], "maxAge": 86400}, "earningsTrend": {"trend": [{"maxAge": 1, "period": "0q", "endDate": "2018-06-30", "growth": {}, "earningsEstimate": {"avg": 0.0, "low": 0.0, "high": 0.0, "yearAgoEps": 9.89, "numberOfAnalysts": 0, "growth": {}}, "revenueEstimate": {"avg": 9018500000, "low": 0, "high": 0, "numberOfAnalysts": 0, "yearAgoRevenue": 7120800000, "growth": 0.26700002}, "epsTrend": {"current": 0.0, "7daysAgo": 0.0, "30daysAgo": 0.0, "60daysAgo": 0.0, "90daysAgo": 0.0}, "epsRevisions": {"upLast7days": 0, "upLast30days": 0, "downLast30days": 0, "downLast90days": {}}}, {"maxAge": 1, "period": "+1q", "endDate": "2018-09-30", "growth": {}, "earningsEstimate": {"avg": 0.0, "low": 0.0, "high": 0.0, "yearAgoEps": 9.95, "numberOfAnalysts": 0, "growth": {}}, "revenueEstimate": {"avg": 7650700000, "low": 0, "high": 0, "numberOfAnalysts": 0, "yearAgoRevenue": 7299100000, "growth": 0.048}, "epsTrend": {"current": 0.0, "7daysAgo": 0.0, "30daysAgo": 0.0, "60daysAgo": 0.0, "90daysAgo": 0.0}, "epsRevisions": {"upLast7days": 0, "upLast30days": 0, "downLast30days": 0, "downLast90days": {}}}, {"maxAge": 1, "period": "0y", "endDate": "2019-03-31", "growth": {}, "earningsEstimate": {"avg": 0.0, "low": 0.0, "high": 0.0, "yearAgoEps": {}, "numberOfAnalysts": 0, "growth": {}}, "revenueEstimate": {"avg": 32908300000, "low": 32210000000, "high": 33960000000, "numberOfAnalysts": 4, "yearAgoRevenue": 30244200000, "growth": 0.088}, "epsTrend": {"current": 0.0, "7daysAgo": 47.07, "30daysAgo": 47.07, "60daysAgo": 47.07, "90daysAgo": 47.07}, "epsRevisions": {"upLast7days": 0, "upLast30days": 0, "downLast30days": 0, "downLast90days": {}}}, {"maxAge": 1, "period": "+1y", "endDate": "2020-03-31", "growth": {}, "earningsEstimate": {"avg": 0.0, "low": 0.0, "high": 0.0, "yearAgoEps": {}, "numberOfAnalysts": 0, "growth": {}}, "revenueEstimate": {"avg": 36189700000, "low": 34016000000, "high": 38930000000, "numberOfAnalysts": 4, "yearAgoRevenue": 32908300000, "growth": 0.1}, "epsTrend": {"current": 0.0, "7daysAgo": 55.53, "30daysAgo": 55.53, "60daysAgo": 55.53, "90daysAgo": 55.53}, "epsRevisions": {"upLast7days": 0, "upLast30days": 0, "downLast30days": 0, "downLast90days": {}}}, {"maxAge": 1, "period": "+5y", "endDate": null, "growth": 0.253, "earningsEstimate": {"avg": {}, "low": {}, "high": {}, "yearAgoEps": {}, "numberOfAnalysts": {}, "growth": {}}, "revenueEstimate": {"avg": {}, "low": {}, "high": {}, "numberOfAnalysts": {}, "yearAgoRevenue": {}, "growth": {}}, "epsTrend": {"current": {}, "7daysAgo": {}, "30daysAgo": {}, "60daysAgo": {}, "90daysAgo": {}}, "epsRevisions": {"upLast7days": {}, "upLast30days": {}, "downLast30days": {}, "downLast90days": {}}}, {"maxAge": 1, "period": "-5y", "endDate": null, "growth": {}, "earningsEstimate": {"avg": {}, "low": {}, "high": {}, "yearAgoEps": {}, "numberOfAnalysts": {}, "growth": {}}, "revenueEstimate": {"avg": {}, "low": {}, "high": {}, "numberOfAnalysts": {}, "yearAgoRevenue": {}, "growth": {}}, "epsTrend": {"current": {}, "7daysAgo": {}, "30daysAgo": {}, "60daysAgo": {}, "90daysAgo": {}}, "epsRevisions": {"upLast7days": {}, "upLast30days": {}, "downLast30days": {}, "downLast90days": {}}}], "maxAge": 1}, "financialData": {"maxAge": 86400, "currentPrice": 1378.25, "targetHighPrice": 947.0, "targetLowPrice": 871.0, "targetMeanPrice": 901.0, "targetMedianPrice": 885.0, "recommendationKey": "none", "numberOfAnalystOpinions": 3, "grossProfits": 12935300000, "financialCurrency": "INR"}}}