{"KREBSBIO.BO": {"cashflowStatementHistory": {"cashflowStatements": [{"maxAge": 1, "endDate": "2020-03-31", "netIncome": -288720000, "depreciation": 44188000, "changeToNetincome": 55626000, "changeToAccountReceivables": 27089000, "changeToLiabilities": 12553000, "changeToInventory": -60319000, "changeToOperatingActivities": -151646000, "totalCashFromOperatingActivities": -358627000, "capitalExpenditures": -94112000, "otherCashflowsFromInvestingActivities": 3652000, "totalCashflowsFromInvestingActivities": -90460000, "netBorrowings": 142559000, "otherCashflowsFromFinancingActivities": 17262000, "totalCashFromFinancingActivities": 277641000, "changeInCash": -171446000, "issuanceOfStock": 117820000}, {"maxAge": 1, "endDate": "2019-03-31", "netIncome": -200115000, "depreciation": 41843000, "changeToNetincome": 57965000, "changeToAccountReceivables": -25861000, "changeToLiabilities": 37868000, "changeToInventory": 27647000, "changeToOperatingActivities": 97424000, "totalCashFromOperatingActivities": 38951000, "capitalExpenditures": -43389000, "otherCashflowsFromInvestingActivities": 8855000, "totalCashflowsFromInvestingActivities": -43156000, "netBorrowings": -12632000, "otherCashflowsFromFinancingActivities": -62381000, "totalCashFromFinancingActivities": 173209000, "changeInCash": 169005000, "issuanceOfStock": 248222000}, {"maxAge": 1, "endDate": "2018-03-31", "netIncome": -178249000, "depreciation": 37299000, "changeToNetincome": -16372000, "changeToAccountReceivables": 12635000, "changeToLiabilities": 67670000, "changeToInventory": -62735000, "changeToOperatingActivities": 73677000, "totalCashFromOperatingActivities": -61877000, "capitalExpenditures": -43050000, "otherCashflowsFromInvestingActivities": 15198000, "totalCashflowsFromInvestingActivities": -27732000, "netBorrowings": 92046000, "otherCashflowsFromFinancingActivities": 577000, "totalCashFromFinancingActivities": 92623000, "changeInCash": 3013000, "issuanceOfStock": 248222000}, {"maxAge": 1, "endDate": "2017-03-31", "netIncome": -163048000, "depreciation": 42337000, "changeToNetincome": 33974000, "changeToAccountReceivables": -15605000, "changeToLiabilities": -13736000, "changeToInventory": 1807000, "changeToOperatingActivities": 16565000, "totalCashFromOperatingActivities": -97706000, "capitalExpenditures": -109954000, "otherCashflowsFromInvestingActivities": 71739000, "totalCashflowsFromInvestingActivities": -61309000, "netBorrowings": 174778000, "otherCashflowsFromFinancingActivities": -53993000, "totalCashFromFinancingActivities": 157505000, "changeInCash": -1510000, "issuanceOfStock": 36720000}], "maxAge": 86400}, "institutionOwnership": {"ownershipList": [], "maxAge": 1}, "balanceSheetHistoryQuarterly": {"balanceSheetStatements": [{"maxAge": 1, "endDate": "2020-06-30", "totalStockholderEquity": -249959000, "netTangibleAssets": -268430000}, {"maxAge": 1, "endDate": "2020-03-31", "cash": 1743000, "netReceivables": 2738000, "inventory": 153885000, "otherCurrentAssets": 27835000, "totalCurrentAssets": 188599000, "propertyPlantEquipment": 1057112000, "intangibleAssets": 18471000, "otherAssets": 73820000, "totalAssets": 1338002000, "accountsPayable": 200300000, "shortLongTermDebt": 7068000, "otherCurrentLiab": 86818000, "longTermDebt": 655058000, "otherLiab": 501568000, "deferredLongTermLiab": 19227000, "totalCurrentLiabilities": 431335000, "totalLiab": 1587961000, "commonStock": 180006000, "retainedEarnings": -1530567000, "treasuryStock": 190986000, "capitalSurplus": 909616000, "otherStockholderEquity": 190986000, "totalStockholderEquity": -249959000, "netTangibleAssets": -268430000}, {"maxAge": 1, "endDate": "2019-12-31", "totalStockholderEquity": -304133000, "netTangibleAssets": -322604000}, {"maxAge": 1, "endDate": "2019-09-30", "cash": 13112000, "shortTermInvestments": 6082000, "netReceivables": 13440000, "inventory": 108078000, "otherCurrentAssets": 20035000, "totalCurrentAssets": 160747000, "propertyPlantEquipment": 1050093000, "intangibleAssets": 18471000, "otherAssets": 71129000, "totalAssets": 1300440000, "accountsPayable": 246448000, "otherCurrentLiab": 301147000, "longTermDebt": 512271000, "otherLiab": 528048000, "deferredLongTermLiab": 20528000, "totalCurrentLiabilities": 564254000, "totalLiab": 1604573000, "commonStock": 166306000, "treasuryStock": -470439000, "otherStockholderEquity": -470439000, "totalStockholderEquity": -304133000, "netTangibleAssets": -322604000}], "maxAge": 86400}, "indexTrend": {"maxAge": 1, "symbol": "SP5", "peRatio": 19.7411, "pegRatio": 1.34172, "estimates": [{"period": "0q", "growth": 0.549}, {"period": "+1q", "growth": 0.431}, {"period": "0y", "growth": 0.305}, {"period": "+1y", "growth": 0.109}, {"period": "+5y", "growth": 0.120865}, {"period": "-5y"}]}, "insiderTransactions": {"transactions": [{"maxAge": 1, "shares": 1620000, "value": 1844046, "filerUrl": "", "transactionText": "Other at price 1.14 per share.", "filerName": "IPCA Laboratories Ltd", "filerRelation": "Promoter", "moneyText": "", "startDate": "2020-05-20", "ownership": "D"}, {"maxAge": 1, "shares": 1370000, "filerUrl": "", "transactionText": "", "filerName": "IPCA Laboratories Ltd", "filerRelation": "Promoter", "moneyText": "", "startDate": "2020-02-05", "ownership": "D"}, {"maxAge": 1, "shares": 19488, "filerUrl": "", "transactionText": "", "filerName": "Ravi (Ajay)", "filerRelation": "Promoter", "moneyText": "", "startDate": "2019-03-28", "ownership": "D"}, {"maxAge": 1, "shares": 371451, "filerUrl": "", "transactionText": "", "filerName": "Ravi (Avinash)", "filerRelation": "Wholetime Director", "moneyText": "", "startDate": "2019-03-28", "ownership": "D"}, {"maxAge": 1, "shares": 467124, "filerUrl": "", "transactionText": "", "filerName": "Ravi (Hemalata)", "filerRelation": "Promoter", "moneyText": "", "startDate": "2019-03-28", "ownership": "D"}, {"maxAge": 1, "shares": 1675195, "filerUrl": "", "transactionText": "", "filerName": "IPCA Laboratories Ltd", "filerRelation": "Institution- Corporation", "moneyText": "", "startDate": "2019-03-26", "ownership": "D"}, {"maxAge": 1, "shares": 3500, "filerUrl": "", "transactionText": "", "filerName": "Ravi (R T)", "filerRelation": "Non Executive Chairman", "moneyText": "", "startDate": "2017-09-22", "ownership": "D"}, {"maxAge": 1, "shares": 181916, "filerUrl": "", "transactionText": "", "filerName": "Ravi (Avinash)", "filerRelation": "Chief Financial Officer", "moneyText": "", "startDate": "2017-09-22", "ownership": "D"}, {"maxAge": 1, "shares": 1330000, "filerUrl": "", "transactionText": "", "filerName": "Ravi (Hemalata)", "filerRelation": "Promoter", "moneyText": "", "startDate": "2016-05-31", "ownership": "D"}, {"maxAge": 1, "shares": 3500, "filerUrl": "", "transactionText": "", "filerName": "Ravi (Avinash)", "filerRelation": "Promoter", "moneyText": "", "startDate": "2015-11-20", "ownership": "D"}, {"maxAge": 1, "shares": 25000, "filerUrl": "", "transactionText": "", "filerName": "Ravi (Sambasiva Rao)", "filerRelation": "Promoter", "moneyText": "", "startDate": "2015-10-30", "ownership": "D"}, {"maxAge": 1, "shares": 35101, "filerUrl": "", "transactionText": "", "filerName": "Ravi (Avinash)", "filerRelation": "Promoter", "moneyText": "", "startDate": "2015-10-30", "ownership": "D"}, {"maxAge": 1, "shares": 10000, "filerUrl": "", "transactionText": "", "filerName": "Vahidulla (Mohd)", "filerRelation": "Promoter", "moneyText": "", "startDate": "2015-10-30", "ownership": "D"}, {"maxAge": 1, "shares": 2300000, "filerUrl": "", "transactionText": "", "filerName": "IPCA Laboratories Ltd", "filerRelation": "Institution- Corporation", "moneyText": "", "startDate": "2015-05-09", "ownership": "D"}, {"maxAge": 1, "shares": 25000, "filerUrl": "", "transactionText": "", "filerName": "Ravi (Sambasiva Rao)", "filerRelation": "Promoter", "moneyText": "", "startDate": "2015-02-11", "ownership": "D"}, {"maxAge": 1, "shares": 1800000, "filerUrl": "", "transactionText": "", "filerName": "IPCA Laboratories Ltd", "filerRelation": "Institution- Corporation", "moneyText": "", "startDate": "2015-02-11", "ownership": "D"}, {"maxAge": 1, "shares": 22900, "filerUrl": "", "transactionText": "", "filerName": "Ravi (R T)", "filerRelation": "Executive Chairman", "moneyText": "", "startDate": "2015-02-11", "ownership": "D"}, {"maxAge": 1, "shares": 2600, "filerUrl": "", "transactionText": "", "filerName": "Talasila (Vijayalakshmi)", "filerRelation": "Promoter", "moneyText": "", "startDate": "2015-02-11", "ownership": "D"}, {"maxAge": 1, "shares": 894400, "filerUrl": "", "transactionText": "", "filerName": "Ravi (Hemalata)", "filerRelation": "Promoter", "moneyText": "", "startDate": "2015-02-11", "ownership": "D"}, {"maxAge": 1, "shares": 10000, "filerUrl": "", "transactionText": "", "filerName": "Vahidulla (Mohd)", "filerRelation": "Promoter", "moneyText": "", "startDate": "2015-02-11", "ownership": "D"}, {"maxAge": 1, "shares": 150000, "filerUrl": "", "transactionText": "", "filerName": "Ravi (Avinash)", "filerRelation": "Promoter", "moneyText": "", "startDate": "2015-02-11", "ownership": "D"}, {"maxAge": 1, "shares": 540000, "filerUrl": "", "transactionText": "", "filerName": "Ravi (Ajay)", "filerRelation": "Promoter", "moneyText": "", "startDate": "2015-02-11", "ownership": "D"}, {"maxAge": 1, "shares": 3500, "filerUrl": "", "transactionText": "", "filerName": "Jasthi (Jawaharlal)", "filerRelation": "Promoter", "moneyText": "", "startDate": "2015-02-11", "ownership": "D"}, {"maxAge": 1, "shares": 1110000, "filerUrl": "", "transactionText": "", "filerName": "Ravi (Aditya)", "filerRelation": "Promoter", "moneyText": "", "startDate": "2015-02-11", "ownership": "D"}, {"maxAge": 1, "shares": 79416, "filerUrl": "", "transactionText": "", "filerName": "Parvathi (Sunkara Lakshmi)", "filerRelation": "Promoter", "moneyText": "", "startDate": "2015-02-11", "ownership": "D"}, {"maxAge": 1, "shares": 110400, "filerUrl": "", "transactionText": "", "filerName": "Rao (Sunkara Hari Ranga)", "filerRelation": "Promoter", "moneyText": "", "startDate": "2015-02-11", "ownership": "D"}], "maxAge": 1}, "quoteType": {"exchange": "BSE", "quoteType": "EQUITY", "symbol": "KREBSBIO.BO", "underlyingSymbol": "KREBSBIO.BO", "shortName": "KREBS BIOCHEMICALS & INDUSTRIE", "longName": "Krebs Biochemicals & Industries Limited", "firstTradeDateEpochUtc": "2000-06-23 09:15:00", "timeZoneFullName": "Asia/Kolkata", "timeZoneShortName": "IST", "uuid": "1fbc830d-04a3-3e65-ac9a-2388cffad4f9", "gmtOffSetMilliseconds": 19800000, "maxAge": 1}, "incomeStatementHistory": {"incomeStatementHistory": [{"maxAge": 1, "endDate": "2020-03-31", "totalRevenue": 323951000, "costOfRevenue": 323003000, "grossProfit": 948000, "researchDevelopment": {}, "sellingGeneralAdministrative": 159750000, "nonRecurring": {}, "otherOperatingExpenses": 25765000, "totalOperatingExpenses": 555308000, "operatingIncome": -231357000, "totalOtherIncomeExpenseNet": -57363000, "ebit": -231357000, "interestExpense": -59988000, "incomeBeforeTax": -288720000, "incomeTaxExpense": 0, "minorityInterest": {}, "netIncomeFromContinuingOps": -288720000, "discontinuedOperations": {}, "extraordinaryItems": {}, "effectOfAccountingCharges": {}, "otherItems": {}, "netIncome": -288720000, "netIncomeApplicableToCommonShares": -288720000}, {"maxAge": 1, "endDate": "2019-03-31", "totalRevenue": 467411000, "costOfRevenue": 384108000, "grossProfit": 83303000, "researchDevelopment": {}, "sellingGeneralAdministrative": 158031000, "nonRecurring": {}, "otherOperatingExpenses": 20184000, "totalOperatingExpenses": 606438000, "operatingIncome": -139027000, "totalOtherIncomeExpenseNet": -61088000, "ebit": -139027000, "interestExpense": -62753000, "incomeBeforeTax": -200115000, "incomeTaxExpense": 0, "minorityInterest": {}, "netIncomeFromContinuingOps": -200115000, "discontinuedOperations": {}, "extraordinaryItems": {}, "effectOfAccountingCharges": {}, "otherItems": {}, "netIncome": -200115000, "netIncomeApplicableToCommonShares": -200115000}, {"maxAge": 1, "endDate": "2018-03-31", "totalRevenue": 327164000, "costOfRevenue": 259110000, "grossProfit": 68054000, "researchDevelopment": {}, "sellingGeneralAdministrative": 123423000, "nonRecurring": {}, "otherOperatingExpenses": 17783000, "totalOperatingExpenses": 442018000, "operatingIncome": -114854000, "totalOtherIncomeExpenseNet": -63395000, "ebit": -114854000, "interestExpense": -51609000, "incomeBeforeTax": -178249000, "incomeTaxExpense": 0, "minorityInterest": {}, "netIncomeFromContinuingOps": -178249000, "discontinuedOperations": {}, "extraordinaryItems": {}, "effectOfAccountingCharges": {}, "otherItems": {}, "netIncome": -178249000, "netIncomeApplicableToCommonShares": -178249000}, {"maxAge": 1, "endDate": "2017-03-31", "totalRevenue": 20554000, "costOfRevenue": 24163000, "grossProfit": -3609000, "researchDevelopment": {}, "sellingGeneralAdministrative": 67270000, "nonRecurring": {}, "otherOperatingExpenses": 12029000, "totalOperatingExpenses": 145799000, "operatingIncome": -125245000, "totalOtherIncomeExpenseNet": -37803000, "ebit": -125245000, "interestExpense": -34854000, "incomeBeforeTax": -163048000, "incomeTaxExpense": 0, "minorityInterest": {}, "netIncomeFromContinuingOps": -163048000, "discontinuedOperations": {}, "extraordinaryItems": {}, "effectOfAccountingCharges": {}, "otherItems": {}, "netIncome": -163048000, "netIncomeApplicableToCommonShares": -163048000}], "maxAge": 86400}, "fundOwnership": {"ownershipList": [], "maxAge": 1}, "summaryDetail": {"maxAge": 1, "priceHint": 2, "previousClose": 132.0, "open": 129.35, "dayLow": 125.7, "dayHigh": 129.35, "regularMarketPreviousClose": 132.0, "regularMarketOpen": 129.35, "regularMarketDayLow": 125.7, "regularMarketDayHigh": 129.35, "volume": 1681, "regularMarketVolume": 1681, "averageVolume": 7226, "averageVolume10days": 3439, "averageDailyVolume10Day": 3439, "bid": 125.75, "ask": 127.95, "bidSize": 0, "askSize": 0, "marketCap": 2099613312, "fiftyTwoWeekLow": 60.1, "fiftyTwoWeekHigh": 147.7, "fiftyDayAverage": 122.3803, "twoHundredDayAverage": 96.79191, "currency": "INR", "fromCurrency": null, "lastMarket": null, "algorithm": null, "tradeable": false}, "incomeStatementHistoryQuarterly": {"incomeStatementHistory": [{"maxAge": 1, "endDate": "2020-06-30", "totalRevenue": 115690000, "costOfRevenue": 108459000, "grossProfit": 7231000, "researchDevelopment": {}, "sellingGeneralAdministrative": 42841000, "nonRecurring": {}, "otherOperatingExpenses": 6914000, "totalOperatingExpenses": 170583000, "operatingIncome": -54893000, "totalOtherIncomeExpenseNet": -12322000, "ebit": -54893000, "interestExpense": -12322000, "incomeBeforeTax": -67215000, "incomeTaxExpense": 0, "minorityInterest": {}, "netIncomeFromContinuingOps": -67215000, "discontinuedOperations": {}, "extraordinaryItems": {}, "effectOfAccountingCharges": {}, "otherItems": {}, "netIncome": -67215000, "netIncomeApplicableToCommonShares": -67215000}, {"maxAge": 1, "endDate": "2020-03-31", "totalRevenue": 137358000, "costOfRevenue": 126705000, "grossProfit": 10653000, "researchDevelopment": {}, "sellingGeneralAdministrative": 49479000, "nonRecurring": {}, "otherOperatingExpenses": 2421000, "totalOperatingExpenses": 190928000, "operatingIncome": -53570000, "totalOtherIncomeExpenseNet": -8002000, "ebit": -53570000, "interestExpense": -10627000, "incomeBeforeTax": -61572000, "incomeTaxExpense": 0, "minorityInterest": {}, "netIncomeFromContinuingOps": -61572000, "discontinuedOperations": {}, "extraordinaryItems": {}, "effectOfAccountingCharges": {}, "otherItems": {}, "netIncome": -61572000, "netIncomeApplicableToCommonShares": -61572000}, {"maxAge": 1, "endDate": "2019-12-31", "totalRevenue": 75459000, "costOfRevenue": 72642000, "grossProfit": 2817000, "researchDevelopment": {}, "sellingGeneralAdministrative": 36713000, "nonRecurring": {}, "otherOperatingExpenses": 10420000, "totalOperatingExpenses": 131264000, "operatingIncome": -55805000, "totalOtherIncomeExpenseNet": -17006000, "ebit": -55805000, "interestExpense": -17005000, "incomeBeforeTax": -72811000, "incomeTaxExpense": 0, "minorityInterest": {}, "netIncomeFromContinuingOps": -72811000, "discontinuedOperations": {}, "extraordinaryItems": {}, "effectOfAccountingCharges": {}, "otherItems": {}, "netIncome": -72811000, "netIncomeApplicableToCommonShares": -72811000}, {"maxAge": 1, "endDate": "2019-09-30", "totalRevenue": 64529000, "costOfRevenue": 71358000, "grossProfit": -6829000, "researchDevelopment": {}, "sellingGeneralAdministrative": 36339000, "nonRecurring": {}, "otherOperatingExpenses": 7509000, "totalOperatingExpenses": 126695000, "operatingIncome": -62166000, "totalOtherIncomeExpenseNet": -16304000, "ebit": -62166000, "interestExpense": -16303000, "incomeBeforeTax": -78470000, "incomeTaxExpense": 0, "minorityInterest": {}, "netIncomeFromContinuingOps": -78470000, "discontinuedOperations": {}, "extraordinaryItems": {}, "effectOfAccountingCharges": {}, "otherItems": {}, "netIncome": -78470000, "netIncomeApplicableToCommonShares": -78470000}], "maxAge": 86400}, "cashflowStatementHistoryQuarterly": {"cashflowStatements": [{"maxAge": 1, "endDate": "2020-06-30", "netIncome": -67215000, "changeToLiabilities": 0}, {"maxAge": 1, "endDate": "2020-03-31", "netIncome": -61572000, "changeToLiabilities": 0}, {"maxAge": 1, "endDate": "2019-12-31", "netIncome": -72811000, "changeToLiabilities": 0}, {"maxAge": 1, "endDate": "2019-09-30", "netIncome": -78470000, "changeToLiabilities": 0}], "maxAge": 86400}, "insiderHolders": {"holders": [{"maxAge": 1, "name": "IPCA Laboratories Ltd", "relation": "Promoter", "url": "", "transactionDescription": "Other", "latestTransDate": "2020-05-20", "positionDirect": 8765195, "positionDirectDate": "2020-05-20"}, {"maxAge": 1, "name": "Jasthi (Jawaharlal)", "relation": "Promoter", "url": "", "transactionDescription": "Purchase", "latestTransDate": "2015-02-11", "positionDirect": 3500, "positionDirectDate": "2015-02-11"}, {"maxAge": 1, "name": "Ravi (Aditya)", "relation": "Promoter", "url": "", "transactionDescription": "Sale", "latestTransDate": "2015-02-11", "positionDirect": 8820, "positionDirectDate": "2015-02-11"}, {"maxAge": 1, "name": "Ravi (Ajay)", "relation": "Promoter", "url": "", "transactionDescription": "Acquisition", "latestTransDate": "2019-03-28", "positionDirect": 112288, "positionDirectDate": "2019-03-28"}, {"maxAge": 1, "name": "Ravi (Avinash)", "relation": "Wholetime Director", "url": "", "transactionDescription": "Acquisition", "latestTransDate": "2019-03-28", "positionDirect": 2140272, "positionDirectDate": "2019-03-28"}, {"maxAge": 1, "name": "Ravi (Hemalata)", "relation": "Promoter", "url": "", "transactionDescription": "Acquisition", "latestTransDate": "2019-03-28", "positionDirect": 2691524, "positionDirectDate": "2019-03-28"}, {"maxAge": 1, "name": "Ravi (R T)", "relation": "Non Executive Chairman", "url": "", "transactionDescription": "Other", "latestTransDate": "2017-09-22", "positionDirect": 19400, "positionDirectDate": "2017-09-22"}, {"maxAge": 1, "name": "Ravi (Sambasiva Rao)", "relation": "Promoter", "url": "", "transactionDescription": "Other", "latestTransDate": "2015-10-30", "positionDirect": 0, "positionDirectDate": "2015-10-30"}, {"maxAge": 1, "name": "Talasila (Vijayalakshmi)", "relation": "Promoter", "url": "", "transactionDescription": "Purchase", "latestTransDate": "2015-02-11", "positionDirect": 2600, "positionDirectDate": "2015-02-11"}, {"maxAge": 1, "name": "Vahidulla (Mohd)", "relation": "Promoter", "url": "", "transactionDescription": "Other", "latestTransDate": "2015-10-30", "positionDirect": 0, "positionDirectDate": "2015-10-30"}], "maxAge": 1}, "calendarEvents": {"maxAge": 1, "earnings": {"earningsDate": []}}, "upgradeDowngradeHistory": {"history": [], "maxAge": 86400}, "price": {"maxAge": 1, "regularMarketChangePercent": -0.043560605, "regularMarketChange": -5.75, "regularMarketTime": "2021-04-30 15:26:11", "priceHint": 2, "regularMarketPrice": 126.25, "regularMarketDayHigh": 129.35, "regularMarketDayLow": 125.7, "regularMarketVolume": 1681, "averageDailyVolume10Day": 3439, "averageDailyVolume3Month": 7226, "regularMarketPreviousClose": 132.0, "regularMarketSource": "FREE_REALTIME", "regularMarketOpen": 129.35, "exchange": "BSE", "exchangeName": "BSE", "exchangeDataDelayedBy": 0, "marketState": "CLOSED", "quoteType": "EQUITY", "symbol": "KREBSBIO.BO", "underlyingSymbol": null, "shortName": "KREBS BIOCHEMICALS & INDUSTRIE", "longName": "Krebs Biochemicals & Industries Limited", "currency": "INR", "quoteSourceName": "Delayed Quote", "currencySymbol": "\u20b9", "fromCurrency": null, "lastMarket": null, "marketCap": 2099613312}, "balanceSheetHistory": {"balanceSheetStatements": [{"maxAge": 1, "endDate": "2020-03-31", "cash": 1743000, "netReceivables": 2738000, "inventory": 153885000, "otherCurrentAssets": 27835000, "totalCurrentAssets": 188599000, "propertyPlantEquipment": 1057112000, "intangibleAssets": 18471000, "otherAssets": 73820000, "totalAssets": 1338002000, "accountsPayable": 200300000, "shortLongTermDebt": 7068000, "otherCurrentLiab": 86818000, "longTermDebt": 655058000, "otherLiab": 501568000, "deferredLongTermLiab": 19227000, "totalCurrentLiabilities": 431335000, "totalLiab": 1587961000, "commonStock": 180006000, "retainedEarnings": -1530567000, "treasuryStock": 190986000, "capitalSurplus": 909616000, "otherStockholderEquity": 190986000, "totalStockholderEquity": -249959000, "netTangibleAssets": -268430000}, {"maxAge": 1, "endDate": "2019-03-31", "cash": 173189000, "shortTermInvestments": 4942000, "netReceivables": 29863000, "inventory": 92476000, "otherCurrentAssets": 12901000, "totalCurrentAssets": 309767000, "propertyPlantEquipment": 1007191000, "intangibleAssets": 18471000, "otherAssets": 88221000, "totalAssets": 1423650000, "accountsPayable": 186426000, "shortLongTermDebt": 31505000, "otherCurrentLiab": 83009000, "longTermDebt": 502271000, "otherLiab": 515655000, "deferredLongTermLiab": 21829000, "totalCurrentLiabilities": 548615000, "totalLiab": 1566541000, "commonStock": 166306000, "retainedEarnings": -1229201000, "treasuryStock": 114508000, "capitalSurplus": 805496000, "otherStockholderEquity": 114508000, "totalStockholderEquity": -142891000, "netTangibleAssets": -161362000}, {"maxAge": 1, "endDate": "2018-03-31", "cash": 4184000, "netReceivables": 3608000, "inventory": 119785000, "otherCurrentAssets": 41881000, "totalCurrentAssets": 172386000, "propertyPlantEquipment": 1011193000, "intangibleAssets": 15453000, "otherAssets": 59727000, "totalAssets": 1258759000, "accountsPayable": 166806000, "shortLongTermDebt": 45491000, "otherCurrentLiab": 36702000, "longTermDebt": 516617000, "otherLiab": 497119000, "deferredLongTermLiab": 18404000, "totalCurrentLiabilities": 422815000, "totalLiab": 1436551000, "commonStock": 137443000, "retainedEarnings": -905310000, "treasuryStock": 3938000, "capitalSurplus": 586137000, "otherStockholderEquity": 3938000, "totalStockholderEquity": -177792000, "netTangibleAssets": -193245000}, {"maxAge": 1, "endDate": "2017-03-31", "cash": 1171000, "netReceivables": 16239000, "inventory": 55519000, "otherCurrentAssets": 55747000, "totalCurrentAssets": 130088000, "propertyPlantEquipment": 1020765000, "otherAssets": 70269000, "totalAssets": 1221122000, "accountsPayable": 105403000, "shortLongTermDebt": 47600000, "otherCurrentLiab": 43917000, "longTermDebt": 427874000, "otherLiab": 468796000, "deferredLongTermLiab": 35988000, "totalCurrentLiabilities": 319842000, "totalLiab": 1216512000, "commonStock": 137443000, "retainedEarnings": -722908000, "treasuryStock": 3938000, "capitalSurplus": 586137000, "otherStockholderEquity": 3938000, "totalStockholderEquity": 4610000, "netTangibleAssets": 4610000}], "maxAge": 86400}, "financialData": {"maxAge": 86400, "currentPrice": 126.25, "recommendationKey": "none", "grossProfits": 948000, "financialCurrency": "INR"}}}