{"KRIDHANINF.NS": {"assetProfile": {"address1": "Unit no. 308", "address2": "3rd Floor Metro Avenue, Off. Andheri Kurla Chakala, Andheri (East)", "city": "Mumbai", "zip": "400099", "country": "India", "phone": "91 22 4058 9589", "website": "http://www.kridhan.com", "industry": "Steel", "sector": "Basic Materials", "longBusinessSummary": "Kridhan Infra Limited manufactures and sells ready to use steel products for the construction and infrastructure sectors in India and internationally. The company offers bridge expansion joints for asphalt and concrete connection; and rebar mechanical couplers. It also provides bored piling, driven piling, micro piling and soil improvement, and soil investigation services. The company was formerly known as Readymade Steel India Limited and changed its name to Kridhan Infra Limited in June 2014. Kridhan Infra Limited was founded in 2006 and is based in Mumbai, India.", "companyOfficers": [{"maxAge": 1, "name": "Mr. Anil Dhanpatlal Agrawal", "age": 44, "title": "Exec. Chairman & MD", "yearBorn": 1976, "fiscalYear": 2020, "totalPay": 0, "exercisedValue": 0, "unexercisedValue": 0}, {"maxAge": 1, "name": "Ms. Rajeshree Indradev Mishra", "title": "Chief Financial Officer", "exercisedValue": 0, "unexercisedValue": 0}, {"maxAge": 1, "name": "Mr. Raghubir Singh Parmar", "age": 64, "title": "Assistant Gen. Mang. of Operations", "yearBorn": 1956, "exercisedValue": 0, "unexercisedValue": 0}, {"maxAge": 1, "name": "Mr. Ho Siew Piu", "age": 55, "title": "Gen. Mang. of Technical & New Project", "yearBorn": 1965, "exercisedValue": 0, "unexercisedValue": 0}, {"maxAge": 1, "name": "Ms. Neha  Shah", "title": "Company Sec. & Compliance Officer", "exercisedValue": 0, "unexercisedValue": 0}, {"maxAge": 1, "name": "Mr. Sharad  Shrungarpawar", "age": 70, "title": "Pres of Fin.", "yearBorn": 1950, "exercisedValue": 0, "unexercisedValue": 0}, {"maxAge": 1, "name": "Mr. Pankaj  Patil", "title": "Head of Bus. Devel.", "exercisedValue": 0, "unexercisedValue": 0}, {"maxAge": 1, "name": "Mr. Rupesh  Jhaveri", "title": "Vice-Pres of Accounts and Taxation", "fiscalYear": 2018, "exercisedValue": 0, "unexercisedValue": 0}, {"maxAge": 1, "name": "Mr. Deepak  Bhandari", "title": "Head of Fin. - Swee Hong Limited", "exercisedValue": 0, "unexercisedValue": 0}, {"maxAge": 1, "name": "Mr. Hee Kang Foo", "title": "Managing Director of Kh Foges Pte. Ltd.", "exercisedValue": 0, "unexercisedValue": 0}], "compensationAsOfEpochDate": "2020-12-31 05:30:00", "maxAge": 86400}, "cashflowStatementHistory": {"cashflowStatements": [{"maxAge": 1, "endDate": "2020-03-31", "netIncome": -250225000, "depreciation": 9315000, "changeToNetincome": 232797000, "changeToAccountReceivables": -27073000, "changeToLiabilities": -23601000, "changeToInventory": 32415000, "changeToOperatingActivities": 10159000, "totalCashFromOperatingActivities": -16213000, "capitalExpenditures": -43533000, "otherCashflowsFromInvestingActivities": 46698000, "totalCashflowsFromInvestingActivities": 4438000, "netBorrowings": 1425000, "otherCashflowsFromFinancingActivities": 21606000, "totalCashFromFinancingActivities": 23031000, "changeInCash": -11256000}, {"maxAge": 1, "endDate": "2019-03-31", "netIncome": -2831494000, "depreciation": 369502000, "changeToNetincome": 357005000, "changeToAccountReceivables": 1792635000, "changeToLiabilities": 402637000, "changeToInventory": 16208000, "changeToOperatingActivities": 352131000, "totalCashFromOperatingActivities": 458624000, "capitalExpenditures": -471971000, "investments": 3582000, "otherCashflowsFromInvestingActivities": 47657000, "totalCashflowsFromInvestingActivities": -316037000, "dividendsPaid": -18878000, "netBorrowings": -235732000, "otherCashflowsFromFinancingActivities": -152441000, "totalCashFromFinancingActivities": -407051000, "changeInCash": -264465000}, {"maxAge": 1, "endDate": "2018-03-31", "netIncome": 371613000, "depreciation": 408188000, "changeToNetincome": 282134000, "changeToAccountReceivables": -759501000, "changeToLiabilities": -278233000, "changeToInventory": 113046000, "changeToOperatingActivities": -1139159000, "totalCashFromOperatingActivities": -1001912000, "capitalExpenditures": -167194000, "investments": -1018269000, "otherCashflowsFromInvestingActivities": -6250000, "totalCashflowsFromInvestingActivities": -1052539000, "dividendsPaid": -14819000, "netBorrowings": 173003000, "otherCashflowsFromFinancingActivities": -109444000, "totalCashFromFinancingActivities": 2175070000, "changeInCash": 120619000, "issuanceOfStock": 2126330000}, {"maxAge": 1, "endDate": "2017-03-31", "netIncome": 983923000, "depreciation": 392360000, "changeToNetincome": -335912000, "changeToAccountReceivables": -1407639000, "changeToLiabilities": 1079700000, "changeToInventory": -78787000, "changeToOperatingActivities": 21496000, "totalCashFromOperatingActivities": 655141000, "capitalExpenditures": -427744000, "investments": 14943000, "otherCashflowsFromInvestingActivities": -89966000, "totalCashflowsFromInvestingActivities": -502767000, "dividendsPaid": -14819000, "netBorrowings": 712159000, "otherCashflowsFromFinancingActivities": -810441000, "totalCashFromFinancingActivities": -98282000, "changeInCash": 54092000, "issuanceOfStock": 2126330000}], "maxAge": 86400}, "institutionOwnership": {"ownershipList": [], "maxAge": 1}, "majorHoldersBreakdown": {"maxAge": 1, "insidersPercentHeld": 0.51655, "institutionsPercentHeld": 0.08514, "institutionsFloatPercentHeld": 0.17611, "institutionsCount": 3}, "balanceSheetHistoryQuarterly": {"balanceSheetStatements": [{"maxAge": 1, "endDate": "2020-12-31", "totalStockholderEquity": 1184400000, "netTangibleAssets": 1182100000}, {"maxAge": 1, "endDate": "2020-09-30", "cash": 5700000, "shortTermInvestments": 600000, "netReceivables": 854000000, "inventory": 9800000, "otherCurrentAssets": 36500000, "totalCurrentAssets": 906600000, "longTermInvestments": 841300000, "propertyPlantEquipment": 264800000, "goodWill": 2300000, "otherAssets": 5500000, "totalAssets": 2020500000, "accountsPayable": 154500000, "otherCurrentLiab": 479000000, "longTermDebt": 1100000, "otherLiab": 7700000, "totalCurrentLiabilities": 825300000, "totalLiab": 836100000, "commonStock": 189600000, "treasuryStock": 994800000, "otherStockholderEquity": 994800000, "totalStockholderEquity": 1184400000, "netTangibleAssets": 1182100000}, {"maxAge": 1, "endDate": "2020-06-30", "totalStockholderEquity": 1233300000, "netTangibleAssets": 1231000000}, {"maxAge": 1, "endDate": "2020-03-31", "cash": 7328000, "netReceivables": 678321000, "inventory": 9579000, "otherCurrentAssets": 192820000, "totalCurrentAssets": 888605000, "longTermInvestments": 879680000, "propertyPlantEquipment": 269813000, "goodWill": 2270000, "otherAssets": 5463000, "totalAssets": 2045831000, "accountsPayable": 149903000, "otherCurrentLiab": 312469000, "longTermDebt": 1073000, "otherLiab": 8069000, "totalCurrentLiabilities": 803472000, "totalLiab": 812614000, "commonStock": 189558000, "retainedEarnings": -1606142000, "treasuryStock": 60625000, "capitalSurplus": 2589176000, "otherStockholderEquity": 60625000, "totalStockholderEquity": 1233217000, "netTangibleAssets": 1230947000}], "maxAge": 86400}, "indexTrend": {"maxAge": 1, "symbol": "SP5", "peRatio": 19.7411, "pegRatio": 1.34172, "estimates": [{"period": "0q", "growth": 0.549}, {"period": "+1q", "growth": 0.431}, {"period": "0y", "growth": 0.305}, {"period": "+1y", "growth": 0.109}, {"period": "+5y", "growth": 0.120865}, {"period": "-5y"}]}, "defaultKeyStatistics": {"maxAge": 1, "priceHint": 4, "enterpriseValue": 571742848, "profitMargins": -1.3597, "floatShares": 44697162, "sharesOutstanding": 94779200, "heldPercentInsiders": 0.51655, "heldPercentInstitutions": 0.08514, "beta": 2.007766, "category": null, "bookValue": 12.634, "priceToBook": 0.31264842, "fundFamily": null, "legalType": null, "lastFiscalYearEnd": "2020-03-31 05:30:00", "nextFiscalYearEnd": "2022-03-31 05:30:00", "mostRecentQuarter": "2020-12-31 05:30:00", "netIncomeToCommon": -305924992, "trailingEps": -3.229, "lastSplitFactor": null, "enterpriseToRevenue": 2.541, "enterpriseToEbitda": -2.086}, "summaryProfile": {"address1": "Unit no. 308", "address2": "3rd Floor Metro Avenue, Off. Andheri Kurla Chakala, Andheri (East)", "city": "Mumbai", "zip": "400099", "country": "India", "phone": "91 22 4058 9589", "website": "http://www.kridhan.com", "industry": "Steel", "sector": "Basic Materials", "longBusinessSummary": "Kridhan Infra Limited manufactures and sells ready to use steel products for the construction and infrastructure sectors in India and internationally. The company offers bridge expansion joints for asphalt and concrete connection; and rebar mechanical couplers. It also provides bored piling, driven piling, micro piling and soil improvement, and soil investigation services. The company was formerly known as Readymade Steel India Limited and changed its name to Kridhan Infra Limited in June 2014. Kridhan Infra Limited was founded in 2006 and is based in Mumbai, India.", "companyOfficers": [], "maxAge": 86400}, "netSharePurchaseActivity": {"maxAge": 1, "period": "6m", "buyInfoCount": 0, "buyInfoShares": 0, "sellInfoCount": 0, "netInfoCount": 0, "netInfoShares": 0, "netPercentInsiderShares": 0.0, "totalInsiderShares": 48867272}, "insiderTransactions": {"transactions": [{"maxAge": 1, "shares": 6092, "filerUrl": "", "transactionText": "", "filerName": "Monetary Authority of Singapore", "filerRelation": "Promoter", "moneyText": "", "startDate": "2020-12-29", "ownership": "D"}, {"maxAge": 1, "shares": 3829268, "filerUrl": "", "transactionText": "", "filerName": "Government of Singapore", "filerRelation": "Promoter", "moneyText": "", "startDate": "2020-12-29", "ownership": "D"}, {"maxAge": 1, "shares": 58000, "filerUrl": "", "transactionText": "", "filerName": "Agrawal (Anil Dhanpatlal)", "filerRelation": "Executive Chairman", "moneyText": "", "startDate": "2018-09-28", "ownership": "D"}, {"maxAge": 1, "shares": 3122840, "filerUrl": "", "transactionText": "", "filerName": "Agrawal (Anil Dhanpatlal)", "filerRelation": "Executive Chairman", "moneyText": "", "startDate": "2017-07-12", "ownership": "D"}, {"maxAge": 1, "shares": 3775000, "filerUrl": "", "transactionText": "", "filerName": "Kridhan Petrochemicals Pvt. Ltd.", "filerRelation": "Promoter", "moneyText": "", "startDate": "2015-04-09", "ownership": "D"}, {"maxAge": 1, "shares": 3000000, "filerUrl": "", "transactionText": "", "filerName": "Agrawal (Anil Dhanpatlal)", "filerRelation": "Executive Chairman", "moneyText": "", "startDate": "2015-03-27", "ownership": "D"}, {"maxAge": 1, "shares": 3225000, "filerUrl": "", "transactionText": "", "filerName": "Kridhan Petrochemicals Pvt. Ltd.", "filerRelation": "Promoter", "moneyText": "", "startDate": "2015-03-07", "ownership": "D"}, {"maxAge": 1, "shares": 1321, "filerUrl": "", "transactionText": "", "filerName": "Mittal (Pravin)", "filerRelation": "UNREPORTED", "moneyText": "", "startDate": "2014-09-15", "ownership": "D"}, {"maxAge": 1, "shares": 875, "filerUrl": "", "transactionText": "", "filerName": "Mittal (Roshni)", "filerRelation": "UNREPORTED", "moneyText": "", "startDate": "2014-09-15", "ownership": "D"}, {"maxAge": 1, "shares": 1450, "filerUrl": "", "transactionText": "", "filerName": "Mittal (Sandeep)", "filerRelation": "Director (Non-Executive)", "moneyText": "", "startDate": "2014-09-15", "ownership": "D"}, {"maxAge": 1, "shares": 1050, "filerUrl": "", "transactionText": "", "filerName": "Mittal (Sneha)", "filerRelation": "UNREPORTED", "moneyText": "", "startDate": "2014-09-15", "ownership": "D"}, {"maxAge": 1, "shares": 1985, "filerUrl": "", "transactionText": "", "filerName": "Mittal (Roshni)", "filerRelation": "UNREPORTED", "moneyText": "", "startDate": "2014-09-05", "ownership": "D"}, {"maxAge": 1, "shares": 5199, "filerUrl": "", "transactionText": "", "filerName": "Akansha Vanijya Pvt. Ltd.", "filerRelation": "Institution- Corporation", "moneyText": "", "startDate": "2014-09-05", "ownership": "D"}, {"maxAge": 1, "shares": 13199, "filerUrl": "", "transactionText": "", "filerName": "Akansha Vanijya Pvt. Ltd.", "filerRelation": "Institution- Corporation", "moneyText": "", "startDate": "2014-09-05", "ownership": "D"}, {"maxAge": 1, "shares": 5200, "filerUrl": "", "transactionText": "", "filerName": "Akansha Vanijya Pvt. Ltd.", "filerRelation": "Institution- Corporation", "moneyText": "", "startDate": "2014-09-05", "ownership": "D"}, {"maxAge": 1, "shares": 5000, "filerUrl": "", "transactionText": "", "filerName": "Akansha Vanijya Pvt. Ltd.", "filerRelation": "Institution- Corporation", "moneyText": "", "startDate": "2014-09-05", "ownership": "D"}, {"maxAge": 1, "shares": 1400, "filerUrl": "", "transactionText": "", "filerName": "Mittal (Sandeep)", "filerRelation": "Director (Non-Executive)", "moneyText": "", "startDate": "2014-09-04", "ownership": "D"}, {"maxAge": 1, "shares": 1700, "filerUrl": "", "transactionText": "", "filerName": "Mittal (Sneha)", "filerRelation": "UNREPORTED", "moneyText": "", "startDate": "2014-09-04", "ownership": "D"}, {"maxAge": 1, "shares": 1700, "filerUrl": "", "transactionText": "", "filerName": "Mittal (Pravin)", "filerRelation": "UNREPORTED", "moneyText": "", "startDate": "2014-09-04", "ownership": "D"}, {"maxAge": 1, "shares": 10000, "filerUrl": "", "transactionText": "", "filerName": "Akansha Vanijya Pvt. Ltd.", "filerRelation": "Institution- Corporation", "moneyText": "", "startDate": "2014-09-03", "ownership": "D"}], "maxAge": 1}, "quoteType": {"exchange": "NSI", "quoteType": "EQUITY", "symbol": "KRIDHANINF.NS", "underlyingSymbol": "KRIDHANINF.NS", "shortName": "KRIDHAN INFRA LIMI", "longName": "Kridhan Infra Limited", "firstTradeDateEpochUtc": "2015-12-11 09:15:00", "timeZoneFullName": "Asia/Kolkata", "timeZoneShortName": "IST", "uuid": "524f8030-9de1-37eb-a6ac-050c6c7c939c", "gmtOffSetMilliseconds": 19800000, "maxAge": 1}, "incomeStatementHistory": {"incomeStatementHistory": [{"maxAge": 1, "endDate": "2020-03-31", "totalRevenue": 190295000, "costOfRevenue": 181017000, "grossProfit": 9278000, "researchDevelopment": {}, "sellingGeneralAdministrative": 6768000, "nonRecurring": {}, "otherOperatingExpenses": 10867000, "totalOperatingExpenses": 207967000, "operatingIncome": -17672000, "totalOtherIncomeExpenseNet": -231978000, "ebit": -17672000, "interestExpense": -20735000, "incomeBeforeTax": -249650000, "incomeTaxExpense": 575000, "minorityInterest": {}, "netIncomeFromContinuingOps": -250225000, "discontinuedOperations": {}, "extraordinaryItems": {}, "effectOfAccountingCharges": {}, "otherItems": {}, "netIncome": -250225000, "netIncomeApplicableToCommonShares": -250225000}, {"maxAge": 1, "endDate": "2019-03-31", "totalRevenue": 7267458000, "costOfRevenue": 5958738000, "grossProfit": 1308720000, "researchDevelopment": {}, "sellingGeneralAdministrative": 375329000, "nonRecurring": {}, "otherOperatingExpenses": 210741000, "totalOperatingExpenses": 6914310000, "operatingIncome": 353148000, "totalOtherIncomeExpenseNet": -3227511000, "ebit": 353148000, "interestExpense": -251038000, "incomeBeforeTax": -2874363000, "incomeTaxExpense": -5494000, "minorityInterest": {}, "netIncomeFromContinuingOps": -2868869000, "discontinuedOperations": {}, "extraordinaryItems": {}, "effectOfAccountingCharges": {}, "otherItems": {}, "netIncome": -2831494000, "netIncomeApplicableToCommonShares": -2831494000}, {"maxAge": 1, "endDate": "2018-03-31", "totalRevenue": 7124811000, "costOfRevenue": 5460844000, "grossProfit": 1663967000, "researchDevelopment": {}, "sellingGeneralAdministrative": 348508000, "nonRecurring": {}, "otherOperatingExpenses": 220322000, "totalOperatingExpenses": 6437862000, "operatingIncome": 686949000, "totalOtherIncomeExpenseNet": -244061000, "ebit": 686949000, "interestExpense": -121501000, "incomeBeforeTax": 442888000, "incomeTaxExpense": 47776000, "minorityInterest": 205456000, "netIncomeFromContinuingOps": 395112000, "discontinuedOperations": {}, "extraordinaryItems": {}, "effectOfAccountingCharges": {}, "otherItems": {}, "netIncome": 371613000, "netIncomeApplicableToCommonShares": 371613000}, {"maxAge": 1, "endDate": "2017-03-31", "totalRevenue": 6881569000, "costOfRevenue": 5364621000, "grossProfit": 1516948000, "researchDevelopment": {}, "sellingGeneralAdministrative": 315494000, "nonRecurring": {}, "otherOperatingExpenses": 155566000, "totalOperatingExpenses": 6228041000, "operatingIncome": 653528000, "totalOtherIncomeExpenseNet": 1048528000, "ebit": 653528000, "interestExpense": -140767000, "incomeBeforeTax": 1702056000, "incomeTaxExpense": 5128000, "minorityInterest": 169078000, "netIncomeFromContinuingOps": 1696928000, "discontinuedOperations": {}, "extraordinaryItems": {}, "effectOfAccountingCharges": {}, "otherItems": {}, "netIncome": 983923000, "netIncomeApplicableToCommonShares": 983923000}], "maxAge": 86400}, "fundOwnership": {"ownershipList": [], "maxAge": 1}, "summaryDetail": {"maxAge": 1, "priceHint": 4, "previousClose": 4.05, "open": 4.0, "dayLow": 3.65, "dayHigh": 4.0, "regularMarketPreviousClose": 4.05, "regularMarketOpen": 4.0, "regularMarketDayLow": 3.65, "regularMarketDayHigh": 4.0, "exDividendDate": "2018-09-18 05:30:00", "payoutRatio": 0.0, "beta": 2.007766, "volume": 153558, "regularMarketVolume": 153558, "averageVolume": 113383, "averageVolume10days": 123928, "averageDailyVolume10Day": 123928, "bid": 0.0, "ask": 0.0, "bidSize": 0, "askSize": 0, "marketCap": 374377856, "fiftyTwoWeekLow": 1.15, "fiftyTwoWeekHigh": 5.8, "priceToSalesTrailing12Months": 1.6639385, "fiftyDayAverage": 3.928788, "twoHundredDayAverage": 3.4710715, "currency": "INR", "fromCurrency": null, "lastMarket": null, "algorithm": null, "tradeable": false}, "incomeStatementHistoryQuarterly": {"incomeStatementHistory": [{"maxAge": 1, "endDate": "2020-12-31", "totalRevenue": 124600000, "costOfRevenue": 120400000, "grossProfit": 4200000, "researchDevelopment": {}, "sellingGeneralAdministrative": 800000, "nonRecurring": {}, "otherOperatingExpenses": 3000000, "totalOperatingExpenses": 126700000, "operatingIncome": -2100000, "totalOtherIncomeExpenseNet": -57300000, "ebit": -2100000, "interestExpense": -6300000, "incomeBeforeTax": -59400000, "incomeTaxExpense": 200000, "minorityInterest": {}, "netIncomeFromContinuingOps": -59600000, "discontinuedOperations": {}, "extraordinaryItems": {}, "effectOfAccountingCharges": {}, "otherItems": {}, "netIncome": -59600000, "netIncomeApplicableToCommonShares": -59600000}, {"maxAge": 1, "endDate": "2020-09-30", "totalRevenue": 67500000, "costOfRevenue": 65100000, "grossProfit": 2400000, "researchDevelopment": {}, "sellingGeneralAdministrative": 600000, "nonRecurring": {}, "otherOperatingExpenses": 1100000, "totalOperatingExpenses": 68900000, "operatingIncome": -1400000, "totalOtherIncomeExpenseNet": -28300000, "ebit": -1400000, "interestExpense": -6800000, "incomeBeforeTax": -29700000, "incomeTaxExpense": 300000, "minorityInterest": {}, "netIncomeFromContinuingOps": -30000000, "discontinuedOperations": {}, "extraordinaryItems": {}, "effectOfAccountingCharges": {}, "otherItems": {}, "netIncome": -30000000, "netIncomeApplicableToCommonShares": -30000000}, {"maxAge": 1, "endDate": "2020-06-30", "totalRevenue": 2000000, "costOfRevenue": 1000000, "grossProfit": 1000000, "researchDevelopment": {}, "sellingGeneralAdministrative": 500000, "nonRecurring": {}, "otherOperatingExpenses": 1300000, "totalOperatingExpenses": 5800000, "operatingIncome": -3800000, "totalOtherIncomeExpenseNet": -15300000, "ebit": -3800000, "interestExpense": -6200000, "incomeBeforeTax": -19100000, "incomeTaxExpense": 100000, "minorityInterest": {}, "netIncomeFromContinuingOps": -19200000, "discontinuedOperations": {}, "extraordinaryItems": {}, "effectOfAccountingCharges": {}, "otherItems": {}, "netIncome": -19200000, "netIncomeApplicableToCommonShares": -19200000}, {"maxAge": 1, "endDate": "2020-03-31", "totalRevenue": 30895000, "costOfRevenue": 31117000, "grossProfit": -222000, "researchDevelopment": {}, "sellingGeneralAdministrative": 868000, "nonRecurring": {}, "otherOperatingExpenses": 2867000, "totalOperatingExpenses": 37067000, "operatingIncome": -6172000, "totalOtherIncomeExpenseNet": -192878000, "ebit": -6172000, "interestExpense": -4835000, "incomeBeforeTax": -199050000, "incomeTaxExpense": -1725000, "minorityInterest": {}, "netIncomeFromContinuingOps": -197325000, "discontinuedOperations": {}, "extraordinaryItems": {}, "effectOfAccountingCharges": {}, "otherItems": {}, "netIncome": -197325000, "netIncomeApplicableToCommonShares": -197325000}], "maxAge": 86400}, "cashflowStatementHistoryQuarterly": {"cashflowStatements": [{"maxAge": 1, "endDate": "2020-12-31", "netIncome": -59600000, "changeToLiabilities": 0}, {"maxAge": 1, "endDate": "2020-09-30", "netIncome": -30000000, "changeToLiabilities": 0}, {"maxAge": 1, "endDate": "2020-06-30", "netIncome": -19200000, "changeToLiabilities": 0}, {"maxAge": 1, "endDate": "2020-03-31", "netIncome": -197325000, "changeToLiabilities": 0}], "maxAge": 86400}, "insiderHolders": {"holders": [{"maxAge": 1, "name": "Agrawal (Anil Dhanpatlal)", "relation": "Executive Chairman", "url": "", "transactionDescription": "Acquisition", "latestTransDate": "2018-09-28", "positionDirect": 26260160, "positionDirectDate": "2018-09-28"}, {"maxAge": 1, "name": "Akansha Vanijya Pvt. Ltd.", "relation": "Institution- Corporation", "url": "", "transactionDescription": "Acquisition", "latestTransDate": "2014-09-05", "positionDirect": 15001, "positionDirectDate": "2014-09-05"}, {"maxAge": 1, "name": "Government of Singapore", "relation": "Promoter", "url": "", "transactionDescription": "Sale", "latestTransDate": "2020-12-29", "positionDirect": 4, "positionDirectDate": "2020-12-29"}, {"maxAge": 1, "name": "Kridhan Petrochemicals Pvt. Ltd.", "relation": "Promoter", "url": "", "transactionDescription": "Exercise", "latestTransDate": "2015-04-09", "positionDirect": 7000000, "positionDirectDate": "2015-04-09"}, {"maxAge": 1, "name": "Mittal (Pravin)", "relation": "UNREPORTED", "url": "", "transactionDescription": "Acquisition", "latestTransDate": "2014-09-15", "positionDirect": 3021, "positionDirectDate": "2014-09-15"}, {"maxAge": 1, "name": "Mittal (Roshni)", "relation": "UNREPORTED", "url": "", "transactionDescription": "Acquisition", "latestTransDate": "2014-09-15", "positionDirect": 2860, "positionDirectDate": "2014-09-15"}, {"maxAge": 1, "name": "Mittal (Sandeep)", "relation": "Director (Non-Executive)", "url": "", "transactionDescription": "Acquisition", "latestTransDate": "2014-09-15", "positionDirect": 2850, "positionDirectDate": "2014-09-15"}, {"maxAge": 1, "name": "Mittal (Sneha)", "relation": "UNREPORTED", "url": "", "transactionDescription": "Acquisition", "latestTransDate": "2014-09-15", "positionDirect": 2750, "positionDirectDate": "2014-09-15"}, {"maxAge": 1, "name": "Monetary Authority of Singapore", "relation": "Promoter", "url": "", "transactionDescription": "Sale", "latestTransDate": "2020-12-29", "positionDirect": 1039999, "positionDirectDate": "2020-12-29"}], "maxAge": 1}, "calendarEvents": {"maxAge": 1, "earnings": {"earningsDate": []}, "exDividendDate": "2018-09-18 05:30:00"}, "upgradeDowngradeHistory": {"history": [], "maxAge": 86400}, "price": {"maxAge": 1, "postMarketPrice": {}, "regularMarketChangePercent": -0.024691392, "regularMarketChange": -0.10000014, "regularMarketTime": "2021-04-30 15:29:14", "priceHint": 4, "regularMarketPrice": 3.95, "regularMarketDayHigh": 4.0, "regularMarketDayLow": 3.65, "regularMarketVolume": 153558, "averageDailyVolume10Day": 123928, "averageDailyVolume3Month": 113383, "regularMarketPreviousClose": 4.05, "regularMarketSource": "FREE_REALTIME", "regularMarketOpen": 4.0, "strikePrice": {}, "openInterest": {}, "exchange": "NSI", "exchangeName": "NSE", "exchangeDataDelayedBy": 15, "marketState": "CLOSED", "quoteType": "EQUITY", "symbol": "KRIDHANINF.NS", "underlyingSymbol": null, "shortName": "KRIDHAN INFRA LIMI", "longName": "Kridhan Infra Limited", "currency": "INR", "quoteSourceName": "Delayed Quote", "currencySymbol": "\u20b9", "fromCurrency": null, "lastMarket": null, "volume24Hr": {}, "volumeAllCurrencies": {}, "circulatingSupply": {}, "marketCap": 374377856}, "balanceSheetHistory": {"balanceSheetStatements": [{"maxAge": 1, "endDate": "2020-03-31", "cash": 7328000, "netReceivables": 678321000, "inventory": 9579000, "otherCurrentAssets": 192820000, "totalCurrentAssets": 888605000, "longTermInvestments": 879680000, "propertyPlantEquipment": 269813000, "goodWill": 2270000, "otherAssets": 5463000, "totalAssets": 2045831000, "accountsPayable": 149903000, "otherCurrentLiab": 312469000, "longTermDebt": 1073000, "otherLiab": 8069000, "totalCurrentLiabilities": 803472000, "totalLiab": 812614000, "commonStock": 189558000, "retainedEarnings": -1606142000, "treasuryStock": 60625000, "capitalSurplus": 2589176000, "otherStockholderEquity": 60625000, "totalStockholderEquity": 1233217000, "netTangibleAssets": 1230947000}, {"maxAge": 1, "endDate": "2019-03-31", "cash": 152932000, "shortTermInvestments": 4457000, "netReceivables": 1707319000, "inventory": 136661000, "otherCurrentAssets": 1723647000, "totalCurrentAssets": 3725551000, "longTermInvestments": 1028605000, "propertyPlantEquipment": 1612293000, "goodWill": 2270000, "intangibleAssets": 21000, "otherAssets": 469062000, "totalAssets": 6837802000, "accountsPayable": 2046239000, "otherCurrentLiab": 317196000, "longTermDebt": 501089000, "otherLiab": 91758000, "totalCurrentLiabilities": 4473237000, "totalLiab": 5477518000, "commonStock": 189558000, "retainedEarnings": -1479075000, "treasuryStock": 60625000, "capitalSurplus": 2589176000, "otherStockholderEquity": 60625000, "totalStockholderEquity": 1360284000, "netTangibleAssets": 1357993000}, {"maxAge": 1, "endDate": "2018-03-31", "cash": 417397000, "shortTermInvestments": 49682000, "netReceivables": 4840786000, "inventory": 152868000, "otherCurrentAssets": 750933000, "totalCurrentAssets": 6283516000, "longTermInvestments": 1022880000, "propertyPlantEquipment": 1993604000, "goodWill": 1517100000, "intangibleAssets": 23000, "otherAssets": 393499000, "totalAssets": 11210622000, "accountsPayable": 1387944000, "shortLongTermDebt": 543480000, "otherCurrentLiab": 117424000, "longTermDebt": 641497000, "otherLiab": 113389000, "minorityInterest": 205456000, "totalCurrentLiabilities": 4165925000, "totalLiab": 5355741000, "commonStock": 189558000, "retainedEarnings": 2809132000, "treasuryStock": 60625000, "capitalSurplus": 2590110000, "otherStockholderEquity": 60625000, "totalStockholderEquity": 5649425000, "netTangibleAssets": 4132302000}, {"maxAge": 1, "endDate": "2017-03-31", "cash": 296778000, "shortTermInvestments": 4789000, "netReceivables": 3156149000, "inventory": 265915000, "otherCurrentAssets": 529333000, "totalCurrentAssets": 4253065000, "longTermInvestments": 17889000, "propertyPlantEquipment": 2373772000, "goodWill": 1436999000, "intangibleAssets": 16000, "otherAssets": 456905000, "totalAssets": 8538646000, "accountsPayable": 1897803000, "shortLongTermDebt": 288000, "otherCurrentLiab": 22043000, "longTermDebt": 685894000, "otherLiab": 113623000, "minorityInterest": 169078000, "totalCurrentLiabilities": 4226759000, "totalLiab": 5446380000, "commonStock": 148184000, "retainedEarnings": 2128802000, "treasuryStock": 10000000, "capitalSurplus": 636202000, "otherStockholderEquity": 10000000, "totalStockholderEquity": 2923188000, "netTangibleAssets": 1486173000}], "maxAge": 86400}, "financialData": {"maxAge": 86400, "currentPrice": 3.95, "recommendationKey": "none", "totalCash": 6300000, "totalCashPerShare": 0.067, "ebitda": -274097248, "totalDebt": 194900000, "totalRevenue": 224995008, "debtToEquity": 16.456, "revenuePerShare": 2.374, "grossProfits": 9278000, "revenueGrowth": 23.431, "grossMargins": 0.03368, "ebitdaMargins": -1.21824, "operatingMargins": -0.05899, "profitMargins": -1.3597, "financialCurrency": "INR"}}}