{"KRISHANA.NS": {"assetProfile": {"address1": "5-O-20, Basement R.C. Vyas Colony", "city": "Bhilwara", "zip": "311001", "country": "India", "phone": "91 14 8223 7104", "fax": "91 14 8223 9638", "website": "http://www.krishnaphoschem.com", "industry": "Agricultural Inputs", "sector": "Basic Materials", "longBusinessSummary": "Krishana Phoschem Limited manufactures and sells fertilizers, intermediate dyes, and other allied chemical products in India. The company offers benefited rock phosphate, single super phosphate (SSP), granulated single super phosphate (GSSP), H-acid, intermediate dyes, sulphuric acid, chloro sulphonic acid, liquid SO3, and other allied chemicals. The company's SSP and GSSP products are used as fertilizer for crop. It also engages in the contract manufacturing of chemicals. The company was founded in 2004 and is based in Bhilwara, India.", "fullTimeEmployees": 110, "companyOfficers": [{"maxAge": 1, "name": "Mr. Praveen  Ostwal", "age": 39, "title": "MD & Director", "yearBorn": 1981, "fiscalYear": 2020, "totalPay": 4800000, "exercisedValue": 0, "unexercisedValue": 0}, {"maxAge": 1, "name": "Mr. Sunil  Kothari", "age": 43, "title": "CFO & Whole-Time Director", "yearBorn": 1977, "fiscalYear": 2020, "totalPay": 966000, "exercisedValue": 0, "unexercisedValue": 0}, {"maxAge": 1, "name": "Ms. Priyanka  Bansal", "title": "Company Sec. & Compliance Officer", "fiscalYear": 2020, "totalPay": 191000, "exercisedValue": 0, "unexercisedValue": 0}], "compensationAsOfEpochDate": "2020-12-31 05:30:00", "maxAge": 86400}, "cashflowStatementHistory": {"cashflowStatements": [{"maxAge": 1, "endDate": "2020-03-31", "netIncome": 137742000, "depreciation": 117056000, "changeToNetincome": 50196000, "changeToAccountReceivables": 31736000, "changeToLiabilities": -125389000, "changeToInventory": 13158000, "changeToOperatingActivities": 1174000, "totalCashFromOperatingActivities": 225673000, "capitalExpenditures": -12354000, "otherCashflowsFromInvestingActivities": 281000, "totalCashflowsFromInvestingActivities": -11888000, "dividendsPaid": -15010000, "netBorrowings": -199172000, "otherCashflowsFromFinancingActivities": 134000, "totalCashFromFinancingActivities": -214048000, "changeInCash": -263000}, {"maxAge": 1, "endDate": "2019-03-31", "netIncome": 135115000, "depreciation": 112463000, "changeToNetincome": 44782000, "changeToAccountReceivables": -76465000, "changeToLiabilities": 118486000, "changeToInventory": -154633000, "changeToOperatingActivities": 4197000, "totalCashFromOperatingActivities": 183945000, "capitalExpenditures": -55458000, "otherCashflowsFromInvestingActivities": 482000, "totalCashflowsFromInvestingActivities": -54722000, "dividendsPaid": -15010000, "netBorrowings": -94977000, "otherCashflowsFromFinancingActivities": -34242000, "totalCashFromFinancingActivities": -129219000, "changeInCash": 4000}, {"maxAge": 1, "endDate": "2018-03-31", "netIncome": 35415000, "depreciation": 79542000, "changeToNetincome": 68255000, "changeToAccountReceivables": 7307000, "changeToLiabilities": -48486000, "changeToInventory": 80186000, "changeToOperatingActivities": 25818000, "totalCashFromOperatingActivities": 248037000, "capitalExpenditures": -157836000, "otherCashflowsFromInvestingActivities": 270000, "totalCashflowsFromInvestingActivities": -154808000, "dividendsPaid": -15010000, "netBorrowings": -35658000, "otherCashflowsFromFinancingActivities": -57494000, "totalCashFromFinancingActivities": -93152000, "changeInCash": 77000}, {"maxAge": 1, "endDate": "2017-03-31", "netIncome": 33016000, "depreciation": 62055000, "changeToNetincome": 54341000, "changeToAccountReceivables": 6424000, "changeToLiabilities": 76148000, "changeToInventory": -102926000, "changeToOperatingActivities": 14558000, "totalCashFromOperatingActivities": 143616000, "capitalExpenditures": -309443000, "otherCashflowsFromInvestingActivities": 482000, "totalCashflowsFromInvestingActivities": -309068000, "dividendsPaid": -15010000, "netBorrowings": 115799000, "otherCashflowsFromFinancingActivities": -42241000, "totalCashFromFinancingActivities": 165208000, "changeInCash": -244000, "issuanceOfStock": 91650000}], "maxAge": 86400}, "institutionOwnership": {"ownershipList": [], "maxAge": 1}, "majorHoldersBreakdown": {"maxAge": 1}, "balanceSheetHistoryQuarterly": {"balanceSheetStatements": [{"maxAge": 1, "endDate": "2020-12-31", "totalStockholderEquity": 1319876000, "netTangibleAssets": 1319876000}, {"maxAge": 1, "endDate": "2020-09-30", "cash": 1504000, "shortTermInvestments": 23200000, "netReceivables": 623062000, "inventory": 195816000, "otherCurrentAssets": 58465000, "totalCurrentAssets": 902047000, "propertyPlantEquipment": 913989000, "otherAssets": 95954000, "totalAssets": 1911990000, "accountsPayable": 140661000, "shortLongTermDebt": 55050000, "otherCurrentLiab": 83624000, "longTermDebt": 92658000, "otherLiab": 71644000, "totalCurrentLiabilities": 426232000, "totalLiab": 592114000, "commonStock": 249000000, "treasuryStock": 1070876000, "otherStockholderEquity": 1070876000, "totalStockholderEquity": 1319876000, "netTangibleAssets": 1319876000}, {"maxAge": 1, "endDate": "2020-06-30", "totalStockholderEquity": 1247659000, "netTangibleAssets": 1247659000}, {"maxAge": 1, "endDate": "2020-03-31", "cash": 184000, "netReceivables": 268461000, "inventory": 317003000, "otherCurrentAssets": 11667000, "totalCurrentAssets": 600389000, "propertyPlantEquipment": 958317000, "otherAssets": 16856000, "totalAssets": 1575562000, "accountsPayable": 52586000, "shortLongTermDebt": 49619000, "otherCurrentLiab": 94917000, "longTermDebt": 58737000, "otherLiab": 54464000, "totalCurrentLiabilities": 213019000, "totalLiab": 327903000, "commonStock": 249000000, "retainedEarnings": 887816000, "treasuryStock": 28193000, "capitalSurplus": 82650000, "otherStockholderEquity": 28193000, "totalStockholderEquity": 1247659000, "netTangibleAssets": 1247659000}], "maxAge": 86400}, "indexTrend": {"maxAge": 1, "symbol": "SP5", "peRatio": 19.7411, "pegRatio": 1.34172, "estimates": [{"period": "0q", "growth": 0.549}, {"period": "+1q", "growth": 0.431}, {"period": "0y", "growth": 0.305}, {"period": "+1y", "growth": 0.109}, {"period": "+5y", "growth": 0.120865}, {"period": "-5y"}]}, "defaultKeyStatistics": {"maxAge": 1, "priceHint": 2, "enterpriseValue": 2497368832, "profitMargins": 0.099589996, "floatShares": 2731420, "sharesOutstanding": 24900000, "beta": 0.38132, "category": null, "bookValue": 52.945, "priceToBook": 1.6857116, "fundFamily": null, "legalType": null, "lastFiscalYearEnd": "2020-03-31 05:30:00", "nextFiscalYearEnd": "2022-03-31 05:30:00", "mostRecentQuarter": "2020-12-31 05:30:00", "earningsQuarterlyGrowth": 0.057, "netIncomeToCommon": 160088992, "trailingEps": 5.467, "lastSplitFactor": null, "enterpriseToRevenue": 1.554, "enterpriseToEbitda": 6.561}, "summaryProfile": {"address1": "5-O-20, Basement R.C. Vyas Colony", "city": "Bhilwara", "zip": "311001", "country": "India", "phone": "91 14 8223 7104", "fax": "91 14 8223 9638", "website": "http://www.krishnaphoschem.com", "industry": "Agricultural Inputs", "sector": "Basic Materials", "longBusinessSummary": "Krishana Phoschem Limited manufactures and sells fertilizers, intermediate dyes, and other allied chemical products in India. The company offers benefited rock phosphate, single super phosphate (SSP), granulated single super phosphate (GSSP), H-acid, intermediate dyes, sulphuric acid, chloro sulphonic acid, liquid SO3, and other allied chemicals. The company's SSP and GSSP products are used as fertilizer for crop. It also engages in the contract manufacturing of chemicals. The company was founded in 2004 and is based in Bhilwara, India.", "fullTimeEmployees": 110, "companyOfficers": [], "maxAge": 86400}, "netSharePurchaseActivity": {"maxAge": 1, "period": "6m", "buyInfoCount": 0, "buyInfoShares": 0, "sellInfoCount": 0, "netInfoCount": 0, "netInfoShares": 0, "totalInsiderShares": 0}, "quoteType": {"exchange": "NSI", "quoteType": "EQUITY", "symbol": "KRISHANA.NS", "underlyingSymbol": "KRISHANA.NS", "shortName": "Krishana Phoschem Limited", "longName": "Krishana Phoschem Limited", "firstTradeDateEpochUtc": "2017-02-27 09:15:00", "timeZoneFullName": "Asia/Kolkata", "timeZoneShortName": "IST", "uuid": "e83bd624-ac8c-34cb-a767-5bc6ecc0f126", "gmtOffSetMilliseconds": 19800000, "maxAge": 1}, "incomeStatementHistory": {"incomeStatementHistory": [{"maxAge": 1, "endDate": "2020-03-31", "totalRevenue": 1629473000, "costOfRevenue": 854711000, "grossProfit": 774762000, "researchDevelopment": {}, "sellingGeneralAdministrative": 91635000, "nonRecurring": {}, "otherOperatingExpenses": 330498000, "totalOperatingExpenses": 1393900000, "operatingIncome": 235573000, "totalOtherIncomeExpenseNet": -27747000, "ebit": 235573000, "interestExpense": -27525000, "incomeBeforeTax": 207826000, "incomeTaxExpense": 70084000, "minorityInterest": {}, "netIncomeFromContinuingOps": 137742000, "discontinuedOperations": {}, "extraordinaryItems": {}, "effectOfAccountingCharges": {}, "otherItems": {}, "netIncome": 137742000, "netIncomeApplicableToCommonShares": 137742000}, {"maxAge": 1, "endDate": "2019-03-31", "totalRevenue": 1527102000, "costOfRevenue": 765757000, "grossProfit": 761345000, "researchDevelopment": {}, "sellingGeneralAdministrative": 79288000, "nonRecurring": {}, "otherOperatingExpenses": 347191000, "totalOperatingExpenses": 1304699000, "operatingIncome": 222403000, "totalOtherIncomeExpenseNet": -31399000, "ebit": 222403000, "interestExpense": -33379000, "incomeBeforeTax": 191004000, "incomeTaxExpense": 55889000, "minorityInterest": {}, "netIncomeFromContinuingOps": 135115000, "discontinuedOperations": {}, "extraordinaryItems": {}, "effectOfAccountingCharges": {}, "otherItems": {}, "netIncome": 135115000, "netIncomeApplicableToCommonShares": 135115000}, {"maxAge": 1, "endDate": "2018-03-31", "totalRevenue": 957587000, "costOfRevenue": 504215000, "grossProfit": 453372000, "researchDevelopment": {}, "sellingGeneralAdministrative": 16550000, "nonRecurring": {}, "otherOperatingExpenses": 244892000, "totalOperatingExpenses": 845199000, "operatingIncome": 112388000, "totalOtherIncomeExpenseNet": -48763000, "ebit": 112388000, "interestExpense": -56607000, "incomeBeforeTax": 63625000, "incomeTaxExpense": 28210000, "minorityInterest": {}, "netIncomeFromContinuingOps": 35415000, "discontinuedOperations": {}, "extraordinaryItems": {}, "effectOfAccountingCharges": {}, "otherItems": {}, "netIncome": 35415000, "netIncomeApplicableToCommonShares": 35415000}, {"maxAge": 1, "endDate": "2017-03-31", "totalRevenue": 796208000, "costOfRevenue": 417885000, "grossProfit": 378323000, "researchDevelopment": {}, "sellingGeneralAdministrative": 14893000, "nonRecurring": {}, "otherOperatingExpenses": 210498000, "totalOperatingExpenses": 705331000, "operatingIncome": 90877000, "totalOtherIncomeExpenseNet": -29421000, "ebit": 90877000, "interestExpense": -41236000, "incomeBeforeTax": 61456000, "incomeTaxExpense": 28440000, "minorityInterest": {}, "netIncomeFromContinuingOps": 33016000, "discontinuedOperations": {}, "extraordinaryItems": {}, "effectOfAccountingCharges": {}, "otherItems": {}, "netIncome": 33016000, "netIncomeApplicableToCommonShares": 33016000}], "maxAge": 86400}, "fundOwnership": {"ownershipList": [], "maxAge": 1}, "summaryDetail": {"maxAge": 1, "priceHint": 2, "previousClose": 85.8, "open": 89.0, "dayLow": 85.05, "dayHigh": 92.2, "regularMarketPreviousClose": 85.8, "regularMarketOpen": 89.0, "regularMarketDayLow": 85.05, "regularMarketDayHigh": 92.2, "dividendRate": 0.5, "dividendYield": 0.0058, "exDividendDate": "2020-09-08 05:30:00", "payoutRatio": 0.0929, "beta": 0.38132, "trailingPE": 16.325224, "volume": 2476, "regularMarketVolume": 2476, "averageVolume": 3586, "averageVolume10days": 9911, "averageDailyVolume10Day": 9911, "bid": 0.0, "ask": 0.0, "marketCap": 2222324992, "fiftyTwoWeekLow": 38.95, "fiftyTwoWeekHigh": 100.0, "priceToSalesTrailing12Months": 1.3825339, "fiftyDayAverage": 77.48182, "twoHundredDayAverage": 71.29786, "trailingAnnualDividendRate": 0.5, "trailingAnnualDividendYield": 0.0058275056, "currency": "INR", "fromCurrency": null, "lastMarket": null, "algorithm": null, "tradeable": false}, "incomeStatementHistoryQuarterly": {"incomeStatementHistory": [{"maxAge": 1, "endDate": "2020-12-31", "totalRevenue": 443745000, "costOfRevenue": 216990000, "grossProfit": 226755000, "researchDevelopment": {}, "sellingGeneralAdministrative": 24717000, "nonRecurring": {}, "otherOperatingExpenses": 78997000, "totalOperatingExpenses": 349395000, "operatingIncome": 94350000, "totalOtherIncomeExpenseNet": -2185000, "ebit": 94350000, "interestExpense": -4668000, "incomeBeforeTax": 92165000, "incomeTaxExpense": 29067000, "minorityInterest": {}, "netIncomeFromContinuingOps": 63098000, "discontinuedOperations": {}, "extraordinaryItems": {}, "effectOfAccountingCharges": {}, "otherItems": {}, "netIncome": 63098000, "netIncomeApplicableToCommonShares": 63098000}, {"maxAge": 1, "endDate": "2020-09-30", "totalRevenue": 509336000, "costOfRevenue": 286147000, "grossProfit": 223189000, "researchDevelopment": {}, "sellingGeneralAdministrative": 21304000, "nonRecurring": {}, "otherOperatingExpenses": 88288000, "totalOperatingExpenses": 423737000, "operatingIncome": 85599000, "totalOtherIncomeExpenseNet": -3990000, "ebit": 85599000, "interestExpense": -9546000, "incomeBeforeTax": 81609000, "incomeTaxExpense": 25768000, "minorityInterest": {}, "netIncomeFromContinuingOps": 55841000, "discontinuedOperations": {}, "extraordinaryItems": {}, "effectOfAccountingCharges": {}, "otherItems": {}, "netIncome": 55841000, "netIncomeApplicableToCommonShares": 55841000}, {"maxAge": 1, "endDate": "2020-06-30", "totalRevenue": 408241000, "costOfRevenue": 231321000, "grossProfit": 176920000, "researchDevelopment": {}, "sellingGeneralAdministrative": 18417000, "nonRecurring": {}, "otherOperatingExpenses": 85080000, "totalOperatingExpenses": 362849000, "operatingIncome": 45392000, "totalOtherIncomeExpenseNet": -1894000, "ebit": 45392000, "interestExpense": -2460000, "incomeBeforeTax": 43498000, "incomeTaxExpense": 14672000, "minorityInterest": {}, "netIncomeFromContinuingOps": 28826000, "discontinuedOperations": {}, "extraordinaryItems": {}, "effectOfAccountingCharges": {}, "otherItems": {}, "netIncome": 28826000, "netIncomeApplicableToCommonShares": 28826000}, {"maxAge": 1, "endDate": "2020-03-31", "totalRevenue": 246107000, "costOfRevenue": 103606000, "grossProfit": 142501000, "researchDevelopment": {}, "sellingGeneralAdministrative": 73801000, "nonRecurring": {}, "otherOperatingExpenses": -4221000, "totalOperatingExpenses": 208991000, "operatingIncome": 37116000, "totalOtherIncomeExpenseNet": -8453000, "ebit": 37116000, "interestExpense": -7103000, "incomeBeforeTax": 28663000, "incomeTaxExpense": 23040000, "minorityInterest": {}, "netIncomeFromContinuingOps": 5623000, "discontinuedOperations": {}, "extraordinaryItems": {}, "effectOfAccountingCharges": {}, "otherItems": {}, "netIncome": 5623000, "netIncomeApplicableToCommonShares": 5623000}], "maxAge": 86400}, "cashflowStatementHistoryQuarterly": {"cashflowStatements": [{"maxAge": 1, "endDate": "2020-12-31", "netIncome": 63098000, "changeToLiabilities": 0}, {"maxAge": 1, "endDate": "2020-09-30", "netIncome": 55841000, "changeToLiabilities": 0}, {"maxAge": 1, "endDate": "2020-06-30", "netIncome": 28826000, "changeToLiabilities": 0}, {"maxAge": 1, "endDate": "2020-03-31", "netIncome": 5623000, "changeToLiabilities": 0}], "maxAge": 86400}, "insiderHolders": {"holders": [], "maxAge": 1}, "calendarEvents": {"maxAge": 1, "earnings": {"earningsDate": []}, "exDividendDate": "2020-09-08 05:30:00"}, "upgradeDowngradeHistory": {"history": [], "maxAge": 86400}, "price": {"maxAge": 1, "regularMarketChangePercent": 0.04020975, "regularMarketChange": 3.449997, "regularMarketTime": "2021-04-30 15:28:12", "priceHint": 2, "regularMarketPrice": 89.25, "regularMarketDayHigh": 92.2, "regularMarketDayLow": 85.05, "regularMarketVolume": 2476, "averageDailyVolume10Day": 9911, "averageDailyVolume3Month": 3586, "regularMarketPreviousClose": 85.8, "regularMarketSource": "FREE_REALTIME", "regularMarketOpen": 89.0, "exchange": "NSI", "exchangeName": "NSE", "exchangeDataDelayedBy": 15, "marketState": "CLOSED", "quoteType": "EQUITY", "symbol": "KRISHANA.NS", "underlyingSymbol": null, "shortName": "Krishana Phoschem Limited", "longName": "Krishana Phoschem Limited", "currency": "INR", "quoteSourceName": "Delayed Quote", "currencySymbol": "\u20b9", "fromCurrency": null, "lastMarket": null, "marketCap": 2222324992}, "balanceSheetHistory": {"balanceSheetStatements": [{"maxAge": 1, "endDate": "2020-03-31", "cash": 184000, "netReceivables": 268461000, "inventory": 317003000, "otherCurrentAssets": 11667000, "totalCurrentAssets": 600389000, "propertyPlantEquipment": 958317000, "otherAssets": 16856000, "totalAssets": 1575562000, "accountsPayable": 52586000, "shortLongTermDebt": 49619000, "otherCurrentLiab": 94917000, "longTermDebt": 58737000, "otherLiab": 54464000, "totalCurrentLiabilities": 213019000, "totalLiab": 327903000, "commonStock": 249000000, "retainedEarnings": 887816000, "treasuryStock": 28193000, "capitalSurplus": 82650000, "otherStockholderEquity": 28193000, "totalStockholderEquity": 1247659000, "netTangibleAssets": 1247659000}, {"maxAge": 1, "endDate": "2019-03-31", "cash": 447000, "netReceivables": 251363000, "inventory": 330160000, "otherCurrentAssets": 48819000, "totalCurrentAssets": 633789000, "propertyPlantEquipment": 1063092000, "otherAssets": 6552000, "totalAssets": 1703433000, "accountsPayable": 177975000, "shortLongTermDebt": 49044000, "otherCurrentLiab": 74308000, "longTermDebt": 155446000, "otherLiab": 24512000, "totalCurrentLiabilities": 425039000, "totalLiab": 606663000, "commonStock": 249000000, "retainedEarnings": 765084000, "treasuryStock": 36000, "capitalSurplus": 82650000, "otherStockholderEquity": 36000, "totalStockholderEquity": 1096770000, "netTangibleAssets": 1096770000}, {"maxAge": 1, "endDate": "2018-03-31", "cash": 443000, "netReceivables": 136403000, "inventory": 175527000, "otherCurrentAssets": 54304000, "totalCurrentAssets": 367974000, "propertyPlantEquipment": 1119002000, "otherAssets": 5825000, "totalAssets": 1492801000, "accountsPayable": 59489000, "shortLongTermDebt": 55201000, "otherCurrentLiab": 26901000, "longTermDebt": 206317000, "otherLiab": 16486000, "totalCurrentLiabilities": 308607000, "totalLiab": 531410000, "commonStock": 249000000, "retainedEarnings": 363926000, "treasuryStock": 265815000, "capitalSurplus": 82650000, "otherStockholderEquity": 265815000, "totalStockholderEquity": 961391000, "netTangibleAssets": 961391000}, {"maxAge": 1, "endDate": "2017-03-31", "cash": 365000, "netReceivables": 143959000, "inventory": 255713000, "otherCurrentAssets": 70946000, "totalCurrentAssets": 473489000, "propertyPlantEquipment": 1041309000, "otherAssets": 8168000, "totalAssets": 1522966000, "accountsPayable": 107975000, "shortLongTermDebt": 47338000, "otherCurrentLiab": 17322000, "longTermDebt": 241975000, "otherLiab": 5581000, "totalCurrentLiabilities": 349434000, "totalLiab": 596990000, "commonStock": 249000000, "retainedEarnings": 308031000, "treasuryStock": 286295000, "capitalSurplus": 82650000, "otherStockholderEquity": 286295000, "totalStockholderEquity": 925976000, "netTangibleAssets": 925976000}], "maxAge": 86400}, "financialData": {"maxAge": 86400, "currentPrice": 89.25, "recommendationKey": "none", "totalCash": 24704000, "totalCashPerShare": 0.991, "ebitda": 380610496, "totalDebt": 296184992, "totalRevenue": 1607428992, "debtToEquity": 22.44, "revenuePerShare": 64.49, "grossProfits": 774762000, "earningsGrowth": -0.042, "revenueGrowth": -0.043, "grossMargins": 0.47862998, "ebitdaMargins": 0.23677999, "operatingMargins": 0.16761999, "profitMargins": 0.099589996, "financialCurrency": "INR"}}}