{"KRISHNACAP.BO": {"cashflowStatementHistory": {"cashflowStatements": [{"maxAge": 1, "endDate": "2020-03-31", "netIncome": 582608, "depreciation": 3852, "changeToNetincome": -3990774, "changeToAccountReceivables": 1140642, "changeToLiabilities": 0, "changeToInventory": -733444, "changeToOperatingActivities": -925758, "totalCashFromOperatingActivities": -3922874, "otherCashflowsFromFinancingActivities": 4012364, "totalCashFromFinancingActivities": 4012364, "changeInCash": 89492}, {"maxAge": 1, "endDate": "2019-03-31", "netIncome": 1675899, "depreciation": 4049, "changeToNetincome": -3954287, "changeToAccountReceivables": 217790, "changeToLiabilities": -300000, "changeToInventory": 1594989, "changeToOperatingActivities": -3305242, "totalCashFromOperatingActivities": -4066802, "investments": 300000, "totalCashflowsFromInvestingActivities": 300000, "otherCashflowsFromFinancingActivities": 3678169, "totalCashFromFinancingActivities": 3678169, "changeInCash": -88633}, {"maxAge": 1, "endDate": "2018-03-31", "netIncome": 2219638, "depreciation": 4256, "changeToNetincome": -3503009, "changeToAccountReceivables": -1359773, "changeToLiabilities": 300000, "changeToInventory": 129332, "changeToOperatingActivities": -970034, "totalCashFromOperatingActivities": -3179590, "investments": -300000, "totalCashflowsFromInvestingActivities": -300000, "otherCashflowsFromFinancingActivities": 3504462, "totalCashFromFinancingActivities": 3504462, "changeInCash": 24871}, {"maxAge": 1, "endDate": "2017-03-31", "netIncome": 3361026, "depreciation": 4474, "changeToNetincome": -3083537, "changeToAccountReceivables": 1230087, "changeToLiabilities": 0, "changeToInventory": -107602, "changeToOperatingActivities": -6557145, "totalCashFromOperatingActivities": -5152697, "investments": 2000000, "totalCashflowsFromInvestingActivities": 2001676, "otherCashflowsFromFinancingActivities": 3137213, "totalCashFromFinancingActivities": 3137213, "changeInCash": -13808}], "maxAge": 86400}, "institutionOwnership": {"ownershipList": [], "maxAge": 1}, "balanceSheetHistoryQuarterly": {"balanceSheetStatements": [{"maxAge": 1, "endDate": "2020-06-30", "totalStockholderEquity": 57124712, "netTangibleAssets": 57124712}, {"maxAge": 1, "endDate": "2020-03-31", "cash": 114923, "netReceivables": 37068342, "inventory": 822000, "otherCurrentAssets": 401223, "totalCurrentAssets": 38406488, "longTermInvestments": 18751021, "propertyPlantEquipment": 75420, "totalAssets": 57232929, "otherCurrentLiab": 105588, "otherLiab": 2629, "totalCurrentLiabilities": 105588, "totalLiab": 108217, "commonStock": 31584000, "retainedEarnings": 25540712, "totalStockholderEquity": 57124712, "netTangibleAssets": 57124712}, {"maxAge": 1, "endDate": "2019-12-31", "totalStockholderEquity": 67349000, "netTangibleAssets": 67349000}, {"maxAge": 1, "endDate": "2019-09-30", "cash": 64000, "shortTermInvestments": 35610000, "netReceivables": 1902000, "inventory": 12000, "totalCurrentAssets": 37588000, "longTermInvestments": 29741000, "otherAssets": 77000, "totalAssets": 67406000, "otherCurrentLiab": 49000, "otherLiab": 8000, "totalCurrentLiabilities": 49000, "totalLiab": 57000, "commonStock": 31584000, "treasuryStock": 35765000, "otherStockholderEquity": 35765000, "totalStockholderEquity": 67349000, "netTangibleAssets": 67349000}], "maxAge": 86400}, "indexTrend": {"maxAge": 1, "symbol": "SP5", "peRatio": 19.7411, "pegRatio": 1.34172, "estimates": [{"period": "0q", "growth": 0.549}, {"period": "+1q", "growth": 0.431}, {"period": "0y", "growth": 0.305}, {"period": "+1y", "growth": 0.109}, {"period": "+5y", "growth": 0.120859005}, {"period": "-5y"}]}, "insiderTransactions": {"transactions": [{"maxAge": 1, "shares": 30226, "filerUrl": "", "transactionText": "", "filerName": "Radius Global Pvt. Ltd.", "filerRelation": "Promoter", "moneyText": "", "startDate": "2018-03-26", "ownership": "D"}], "maxAge": 1}, "quoteType": {"exchange": "BSE", "quoteType": "EQUITY", "symbol": "KRISHNACAP.BO", "underlyingSymbol": "KRISHNACAP.BO", "shortName": "Krishna Capital And Securities", "longName": "Krishna Capital &amp; Securities Limited", "firstTradeDateEpochUtc": "2015-10-16 09:15:00", "timeZoneFullName": "Asia/Kolkata", "timeZoneShortName": "IST", "uuid": "8ebfd2c3-d135-3089-a750-c5341f2873cf", "gmtOffSetMilliseconds": 19800000, "maxAge": 1}, "incomeStatementHistory": {"incomeStatementHistory": [{"maxAge": 1, "endDate": "2020-03-31", "totalRevenue": 4025825, "costOfRevenue": 156856, "grossProfit": 3868969, "researchDevelopment": {}, "sellingGeneralAdministrative": 1045972, "nonRecurring": {}, "otherOperatingExpenses": 2109359, "totalOperatingExpenses": 3316039, "operatingIncome": 709786, "totalOtherIncomeExpenseNet": -16894, "ebit": 709786, "interestExpense": {}, "incomeBeforeTax": 692892, "incomeTaxExpense": 110284, "minorityInterest": {}, "netIncomeFromContinuingOps": 582608, "discontinuedOperations": {}, "extraordinaryItems": {}, "effectOfAccountingCharges": {}, "otherItems": {}, "netIncome": 582608, "netIncomeApplicableToCommonShares": 582608}, {"maxAge": 1, "endDate": "2019-03-31", "totalRevenue": 6229153, "costOfRevenue": 1594989, "grossProfit": 4634164, "researchDevelopment": {}, "sellingGeneralAdministrative": 392269, "nonRecurring": {}, "otherOperatingExpenses": 2241242, "totalOperatingExpenses": 4232549, "operatingIncome": 1996604, "totalOtherIncomeExpenseNet": 247196, "ebit": 1996604, "interestExpense": {}, "incomeBeforeTax": 2243800, "incomeTaxExpense": 567901, "minorityInterest": {}, "netIncomeFromContinuingOps": 1675899, "discontinuedOperations": {}, "extraordinaryItems": {}, "effectOfAccountingCharges": {}, "otherItems": {}, "netIncome": 1675899, "netIncomeApplicableToCommonShares": 1675899}, {"maxAge": 1, "endDate": "2018-03-31", "totalRevenue": 3835588, "costOfRevenue": 129332, "grossProfit": 3706256, "researchDevelopment": {}, "sellingGeneralAdministrative": 351555, "nonRecurring": {}, "otherOperatingExpenses": 566480, "totalOperatingExpenses": 1051623, "operatingIncome": 2783965, "totalOtherIncomeExpenseNet": -27400, "ebit": 2783965, "interestExpense": -27400, "incomeBeforeTax": 2756565, "incomeTaxExpense": 536927, "minorityInterest": {}, "netIncomeFromContinuingOps": 2219638, "discontinuedOperations": {}, "extraordinaryItems": {}, "effectOfAccountingCharges": {}, "otherItems": {}, "netIncome": 2219638, "netIncomeApplicableToCommonShares": 2219638}, {"maxAge": 1, "endDate": "2017-03-31", "totalRevenue": 2755588, "costOfRevenue": -107602, "grossProfit": 2863190, "researchDevelopment": {}, "sellingGeneralAdministrative": 958405, "nonRecurring": {}, "otherOperatingExpenses": 677888, "totalOperatingExpenses": 1533165, "operatingIncome": 1222423, "totalOtherIncomeExpenseNet": 2972434, "ebit": 1222423, "interestExpense": -225, "incomeBeforeTax": 4194857, "incomeTaxExpense": 833831, "minorityInterest": {}, "netIncomeFromContinuingOps": 3361026, "discontinuedOperations": {}, "extraordinaryItems": {}, "effectOfAccountingCharges": {}, "otherItems": {}, "netIncome": 3361026, "netIncomeApplicableToCommonShares": 3361026}], "maxAge": 86400}, "fundOwnership": {"ownershipList": [], "maxAge": 1}, "summaryDetail": {"maxAge": 1, "priceHint": 4, "previousClose": 4.28, "open": 4.28, "dayLow": 4.28, "dayHigh": 4.4, "regularMarketPreviousClose": 4.28, "regularMarketOpen": 4.28, "regularMarketDayLow": 4.28, "regularMarketDayHigh": 4.4, "trailingPE": 9.77169, "volume": 11, "regularMarketVolume": 11, "averageVolume": 2157, "averageVolume10days": 444, "averageDailyVolume10Day": 444, "bid": 0.0, "ask": 4.28, "bidSize": 0, "askSize": 0, "marketCap": 13517953, "fiftyTwoWeekLow": 2.7, "fiftyTwoWeekHigh": 5.37, "fiftyDayAverage": 4.469091, "twoHundredDayAverage": 3.173603, "currency": "INR", "fromCurrency": null, "lastMarket": null, "algorithm": null, "tradeable": false}, "incomeStatementHistoryQuarterly": {"incomeStatementHistory": [{"maxAge": 1, "endDate": "2020-06-30", "totalRevenue": 2477753, "costOfRevenue": 822000, "grossProfit": 1655753, "researchDevelopment": {}, "sellingGeneralAdministrative": 297000, "nonRecurring": {}, "otherOperatingExpenses": 554090, "totalOperatingExpenses": 1674006, "operatingIncome": 803747, "totalOtherIncomeExpenseNet": 0, "ebit": 803747, "interestExpense": {}, "incomeBeforeTax": 803747, "incomeTaxExpense": 0, "minorityInterest": {}, "netIncomeFromContinuingOps": 803747, "discontinuedOperations": {}, "extraordinaryItems": {}, "effectOfAccountingCharges": {}, "otherItems": {}, "netIncome": 803747, "netIncomeApplicableToCommonShares": 803747}, {"maxAge": 1, "endDate": "2020-03-31", "totalRevenue": 1892825, "costOfRevenue": 144856, "grossProfit": 1747969, "researchDevelopment": {}, "sellingGeneralAdministrative": 289972, "nonRecurring": {}, "otherOperatingExpenses": 1399359, "totalOperatingExpenses": 1835039, "operatingIncome": 57786, "totalOtherIncomeExpenseNet": -16894, "ebit": 57786, "interestExpense": {}, "incomeBeforeTax": 40892, "incomeTaxExpense": 110284, "minorityInterest": {}, "netIncomeFromContinuingOps": -69392, "discontinuedOperations": {}, "extraordinaryItems": {}, "effectOfAccountingCharges": {}, "otherItems": {}, "netIncome": -69392, "netIncomeApplicableToCommonShares": -69392}, {"maxAge": 1, "endDate": "2019-12-31", "totalRevenue": 1011000, "costOfRevenue": 0, "grossProfit": 1011000, "researchDevelopment": {}, "sellingGeneralAdministrative": 252000, "nonRecurring": {}, "otherOperatingExpenses": 14000, "totalOperatingExpenses": 267000, "operatingIncome": 744000, "totalOtherIncomeExpenseNet": 0, "ebit": 744000, "interestExpense": {}, "incomeBeforeTax": 744000, "incomeTaxExpense": 0, "minorityInterest": {}, "netIncomeFromContinuingOps": 744000, "discontinuedOperations": {}, "extraordinaryItems": {}, "effectOfAccountingCharges": {}, "otherItems": {}, "netIncome": 744000, "netIncomeApplicableToCommonShares": 744000}, {"maxAge": 1, "endDate": "2019-09-30", "totalRevenue": 494000, "costOfRevenue": 2000, "grossProfit": 492000, "researchDevelopment": {}, "sellingGeneralAdministrative": 336000, "nonRecurring": {}, "otherOperatingExpenses": 202000, "totalOperatingExpenses": 541000, "operatingIncome": -47000, "totalOtherIncomeExpenseNet": 0, "ebit": -47000, "interestExpense": {}, "incomeBeforeTax": -47000, "incomeTaxExpense": 0, "minorityInterest": {}, "netIncomeFromContinuingOps": -47000, "discontinuedOperations": {}, "extraordinaryItems": {}, "effectOfAccountingCharges": {}, "otherItems": {}, "netIncome": -47000, "netIncomeApplicableToCommonShares": -47000}], "maxAge": 86400}, "cashflowStatementHistoryQuarterly": {"cashflowStatements": [{"maxAge": 1, "endDate": "2020-06-30", "netIncome": 803747, "changeToLiabilities": 0}, {"maxAge": 1, "endDate": "2020-03-31", "netIncome": -69392, "changeToLiabilities": 0}, {"maxAge": 1, "endDate": "2019-12-31", "netIncome": 744000, "changeToLiabilities": 0}, {"maxAge": 1, "endDate": "2019-09-30", "netIncome": -47000, "depreciation": 1000, "changeToNetincome": 245000, "changeToAccountReceivables": 79500, "changeToLiabilities": -168500, "changeToInventory": 470000, "changeToOperatingActivities": -1602000, "totalCashFromOperatingActivities": -1021000, "investments": 13500, "totalCashflowsFromInvestingActivities": 15500, "otherCashflowsFromFinancingActivities": 1024500, "totalCashFromFinancingActivities": 1024500, "changeInCash": 19000}], "maxAge": 86400}, "insiderHolders": {"holders": [{"maxAge": 1, "name": "Radius Global Pvt. Ltd.", "relation": "Promoter", "url": "", "transactionDescription": "Acquisition", "latestTransDate": "2018-03-26", "positionDirect": 289226, "positionDirectDate": "2018-03-26"}], "maxAge": 1}, "calendarEvents": {"maxAge": 1, "earnings": {"earningsDate": []}}, "upgradeDowngradeHistory": {"history": [], "maxAge": 86400}, "price": {"maxAge": 1, "regularMarketChangePercent": 0.0, "regularMarketChange": 0.0, "regularMarketTime": "2021-04-30 14:00:19", "priceHint": 4, "regularMarketPrice": 4.28, "regularMarketDayHigh": 4.4, "regularMarketDayLow": 4.28, "regularMarketVolume": 11, "averageDailyVolume10Day": 444, "averageDailyVolume3Month": 2157, "regularMarketPreviousClose": 4.28, "regularMarketSource": "FREE_REALTIME", "regularMarketOpen": 4.28, "exchange": "BSE", "exchangeName": "BSE", "exchangeDataDelayedBy": 0, "marketState": "CLOSED", "quoteType": "EQUITY", "symbol": "KRISHNACAP.BO", "underlyingSymbol": null, "shortName": "Krishna Capital And Securities", "longName": "Krishna Capital &amp; Securities Limited", "currency": "INR", "quoteSourceName": "Delayed Quote", "currencySymbol": "\u20b9", "fromCurrency": null, "lastMarket": null, "marketCap": 13517953}, "balanceSheetHistory": {"balanceSheetStatements": [{"maxAge": 1, "endDate": "2020-03-31", "cash": 114923, "netReceivables": 37068342, "inventory": 822000, "otherCurrentAssets": 401223, "totalCurrentAssets": 38406488, "longTermInvestments": 18751021, "propertyPlantEquipment": 75420, "totalAssets": 57232929, "otherCurrentLiab": 105588, "otherLiab": 2629, "totalCurrentLiabilities": 105588, "totalLiab": 108217, "commonStock": 31584000, "retainedEarnings": 25540712, "totalStockholderEquity": 57124712, "netTangibleAssets": 57124712}, {"maxAge": 1, "endDate": "2019-03-31", "cash": 25431, "netReceivables": 37747973, "inventory": 88556, "otherCurrentAssets": 366757, "totalCurrentAssets": 38228717, "longTermInvestments": 18771994, "propertyPlantEquipment": 79272, "totalAssets": 57079983, "otherCurrentLiab": 498697, "otherLiab": 2013, "totalCurrentLiabilities": 535867, "totalLiab": 537880, "commonStock": 31584000, "retainedEarnings": 24958103, "totalStockholderEquity": 56542103, "netTangibleAssets": 56542103}, {"maxAge": 1, "endDate": "2018-03-31", "cash": 114064, "netReceivables": 34711841, "inventory": 960297, "otherCurrentAssets": 352214, "totalCurrentAssets": 36138416, "longTermInvestments": 30016692, "propertyPlantEquipment": 83321, "totalAssets": 66238429, "accountsPayable": 300000, "otherCurrentLiab": 535474, "otherLiab": 6960, "totalCurrentLiabilities": 872644, "totalLiab": 879604, "commonStock": 31584000, "retainedEarnings": 33774825, "totalStockholderEquity": 65358825, "netTangibleAssets": 65358825}, {"maxAge": 1, "endDate": "2017-03-31", "cash": 89193, "netReceivables": 32686969, "inventory": 1089629, "otherCurrentAssets": 342998, "totalCurrentAssets": 34208789, "longTermInvestments": 5010000, "propertyPlantEquipment": 87577, "totalAssets": 39306366, "otherCurrentLiab": 832137, "otherLiab": 5507, "totalCurrentLiabilities": 868362, "totalLiab": 873869, "commonStock": 31584000, "retainedEarnings": 6848497, "totalStockholderEquity": 38432497, "netTangibleAssets": 38432497}], "maxAge": 86400}, "financialData": {"maxAge": 86400, "currentPrice": 4.28, "recommendationKey": "none", "grossProfits": 3868969, "financialCurrency": "INR"}}}