{"KRITINUT.BO": {"cashflowStatementHistory": {"cashflowStatements": [{"maxAge": 1, "endDate": "2020-03-31", "netIncome": 190051000, "depreciation": 28351000, "changeToNetincome": -10182000, "changeToAccountReceivables": -96438000, "changeToLiabilities": -36924000, "changeToInventory": -51098000, "changeToOperatingActivities": 112628000, "totalCashFromOperatingActivities": 134622000, "capitalExpenditures": -56447000, "investments": 145000, "otherCashflowsFromInvestingActivities": -1881000, "totalCashflowsFromInvestingActivities": -58183000, "dividendsPaid": -9019000, "netBorrowings": -61413000, "otherCashflowsFromFinancingActivities": -17851000, "totalCashFromFinancingActivities": -88283000, "changeInCash": -11843000}, {"maxAge": 1, "endDate": "2019-03-31", "netIncome": 169508000, "depreciation": 25170000, "changeToNetincome": 19129000, "changeToAccountReceivables": -7602000, "changeToLiabilities": 14092000, "changeToInventory": 78713000, "changeToOperatingActivities": 104886000, "totalCashFromOperatingActivities": 235836000, "capitalExpenditures": -25587000, "investments": 29000, "otherCashflowsFromInvestingActivities": 36000, "totalCashflowsFromInvestingActivities": -25522000, "dividendsPaid": -9019000, "netBorrowings": -172307000, "otherCashflowsFromFinancingActivities": -26912000, "totalCashFromFinancingActivities": -208238000, "changeInCash": 2076000}, {"maxAge": 1, "endDate": "2018-03-31", "netIncome": 157861000, "depreciation": 26054000, "changeToNetincome": 61183000, "changeToAccountReceivables": 23966000, "changeToLiabilities": -78587000, "changeToInventory": 35588000, "changeToOperatingActivities": -19796000, "totalCashFromOperatingActivities": 174022000, "capitalExpenditures": -82238000, "investments": -211000, "otherCashflowsFromInvestingActivities": 27964000, "totalCashflowsFromInvestingActivities": -52555000, "dividendsPaid": -6012000, "netBorrowings": -43751000, "otherCashflowsFromFinancingActivities": -64568000, "totalCashFromFinancingActivities": -114331000, "changeInCash": 7135000}, {"maxAge": 1, "endDate": "2017-03-31", "netIncome": 62855000, "depreciation": 22462000, "changeToNetincome": 18606000, "changeToAccountReceivables": -95864000, "changeToLiabilities": 18183000, "changeToInventory": -141022000, "changeToOperatingActivities": -35160000, "totalCashFromOperatingActivities": -176523000, "capitalExpenditures": -30053000, "investments": -4238000, "otherCashflowsFromInvestingActivities": 26704000, "totalCashflowsFromInvestingActivities": -6718000, "dividendsPaid": -6012000, "netBorrowings": 227044000, "otherCashflowsFromFinancingActivities": -46759000, "totalCashFromFinancingActivities": 180285000, "changeInCash": -2956000}], "maxAge": 86400}, "institutionOwnership": {"maxAge": 1, "ownershipList": []}, "balanceSheetHistoryQuarterly": {"balanceSheetStatements": [{"maxAge": 1, "endDate": "2020-06-30", "totalStockholderEquity": 869876000, "netTangibleAssets": 861392000}, {"maxAge": 1, "endDate": "2020-03-31", "cash": 168000, "netReceivables": 293905000, "inventory": 322191000, "otherCurrentAssets": 112350000, "totalCurrentAssets": 728614000, "longTermInvestments": 1043000, "propertyPlantEquipment": 449950000, "intangibleAssets": 8484000, "otherAssets": 86580000, "totalAssets": 1274671000, "accountsPayable": 67251000, "otherCurrentLiab": 149809000, "otherLiab": 54381000, "totalCurrentLiabilities": 322197000, "totalLiab": 404795000, "commonStock": 50104000, "retainedEarnings": 790322000, "treasuryStock": 29450000, "otherStockholderEquity": 29450000, "totalStockholderEquity": 869876000, "netTangibleAssets": 861392000}, {"maxAge": 1, "endDate": "2019-12-31", "totalStockholderEquity": 761246000, "netTangibleAssets": 752352000}, {"maxAge": 1, "endDate": "2019-09-30", "cash": 20206000, "netReceivables": 213475000, "inventory": 259892000, "otherCurrentAssets": 38812000, "totalCurrentAssets": 532385000, "longTermInvestments": 1407000, "propertyPlantEquipment": 415595000, "intangibleAssets": 8894000, "otherAssets": 99166000, "totalAssets": 1057447000, "accountsPayable": 85720000, "otherCurrentLiab": 43549000, "otherLiab": 79730000, "totalCurrentLiabilities": 192142000, "totalLiab": 296201000, "commonStock": 50104000, "treasuryStock": 711142000, "otherStockholderEquity": 711142000, "totalStockholderEquity": 761246000, "netTangibleAssets": 752352000}], "maxAge": 86400}, "indexTrend": {"maxAge": 1, "symbol": "SP5", "peRatio": 19.7411, "pegRatio": 1.34172, "estimates": [{"period": "0q", "growth": 0.549}, {"period": "+1q", "growth": 0.431}, {"period": "0y", "growth": 0.305}, {"period": "+1y", "growth": 0.109}, {"period": "+5y", "growth": 0.120859005}, {"period": "-5y"}]}, "insiderTransactions": {"transactions": [{"maxAge": 1, "shares": 61930, "filerUrl": "", "transactionText": "", "filerName": "Chetak Builders Pvt Ltd", "filerRelation": "Promoter", "moneyText": "", "startDate": "2020-03-06", "ownership": "D"}, {"maxAge": 1, "shares": 42048, "filerUrl": "", "transactionText": "", "filerName": "Chetak Builders Pvt Ltd", "filerRelation": "Promoter", "moneyText": "", "startDate": "2019-06-19", "ownership": "D"}], "maxAge": 1}, "quoteType": {"exchange": "BSE", "quoteType": "EQUITY", "symbol": "KRITINUT.BO", "underlyingSymbol": "KRITINUT.BO", "shortName": "KRITI NUTRIENTS LTD", "longName": "Kriti Nutrients Limited", "firstTradeDateEpochUtc": "2010-06-29 09:15:00", "timeZoneFullName": "Asia/Kolkata", "timeZoneShortName": "IST", "uuid": "e5bc395d-8e2a-3377-9c2d-5551e0fd756a", "messageBoardId": null, "gmtOffSetMilliseconds": 19800000, "maxAge": 1}, "incomeStatementHistory": {"incomeStatementHistory": [{"maxAge": 1, "endDate": "2020-03-31", "totalRevenue": 5203779000, "costOfRevenue": 4497813000, "grossProfit": 705966000, "researchDevelopment": {}, "sellingGeneralAdministrative": 115766000, "nonRecurring": {}, "otherOperatingExpenses": 351106000, "totalOperatingExpenses": 4995035000, "operatingIncome": 208744000, "totalOtherIncomeExpenseNet": 13813000, "ebit": 208744000, "interestExpense": -9553000, "incomeBeforeTax": 222557000, "incomeTaxExpense": 32506000, "minorityInterest": {}, "netIncomeFromContinuingOps": 190051000, "discontinuedOperations": {}, "extraordinaryItems": {}, "effectOfAccountingCharges": {}, "otherItems": {}, "netIncome": 190051000, "netIncomeApplicableToCommonShares": 190051000}, {"maxAge": 1, "endDate": "2019-03-31", "totalRevenue": 4852277000, "costOfRevenue": 4100162000, "grossProfit": 752115000, "researchDevelopment": {}, "sellingGeneralAdministrative": 97187000, "nonRecurring": {}, "otherOperatingExpenses": 346144000, "totalOperatingExpenses": 4570294000, "operatingIncome": 281983000, "totalOtherIncomeExpenseNet": -14216000, "ebit": 281983000, "interestExpense": -16522000, "incomeBeforeTax": 267767000, "incomeTaxExpense": 98259000, "minorityInterest": {}, "netIncomeFromContinuingOps": 169508000, "discontinuedOperations": {}, "extraordinaryItems": {}, "effectOfAccountingCharges": {}, "otherItems": {}, "netIncome": 169508000, "netIncomeApplicableToCommonShares": 169508000}, {"maxAge": 1, "endDate": "2018-03-31", "totalRevenue": 4606743000, "costOfRevenue": 3849137000, "grossProfit": 757606000, "researchDevelopment": {}, "sellingGeneralAdministrative": 83786000, "nonRecurring": {}, "otherOperatingExpenses": 360604000, "totalOperatingExpenses": 4319581000, "operatingIncome": 287162000, "totalOtherIncomeExpenseNet": -35460000, "ebit": 287162000, "interestExpense": -44022000, "incomeBeforeTax": 251702000, "incomeTaxExpense": 93841000, "minorityInterest": {}, "netIncomeFromContinuingOps": 157861000, "discontinuedOperations": {}, "extraordinaryItems": {}, "effectOfAccountingCharges": {}, "otherItems": {}, "netIncome": 157861000, "netIncomeApplicableToCommonShares": 157861000}, {"maxAge": 1, "endDate": "2017-03-31", "totalRevenue": 4565361000, "costOfRevenue": 3995171000, "grossProfit": 570190000, "researchDevelopment": {}, "sellingGeneralAdministrative": 80220000, "nonRecurring": {}, "otherOperatingExpenses": 349131000, "totalOperatingExpenses": 4448885000, "operatingIncome": 116476000, "totalOtherIncomeExpenseNet": -20579000, "ebit": 116476000, "interestExpense": -34066000, "incomeBeforeTax": 95897000, "incomeTaxExpense": 33042000, "minorityInterest": {}, "netIncomeFromContinuingOps": 62855000, "discontinuedOperations": {}, "extraordinaryItems": {}, "effectOfAccountingCharges": {}, "otherItems": {}, "netIncome": 62855000, "netIncomeApplicableToCommonShares": 62855000}], "maxAge": 86400}, "fundOwnership": {"maxAge": 1, "ownershipList": []}, "summaryDetail": {"maxAge": 1, "priceHint": 2, "previousClose": 41.25, "open": 41.25, "dayLow": 40.15, "dayHigh": 43.25, "regularMarketPreviousClose": 41.25, "regularMarketOpen": 41.25, "regularMarketDayLow": 40.15, "regularMarketDayHigh": 43.25, "trailingPE": 9.173624, "volume": 100606, "regularMarketVolume": 100606, "averageVolume": 132335, "averageVolume10days": 54899, "averageDailyVolume10Day": 54899, "bid": 42.3, "ask": 42.7, "bidSize": 0, "askSize": 0, "marketCap": 2146934912, "fiftyTwoWeekLow": 12.5, "fiftyTwoWeekHigh": 53.3, "fiftyDayAverage": 44.39, "twoHundredDayAverage": 38.015327, "trailingAnnualDividendRate": 0.18, "trailingAnnualDividendYield": 0.0043636365, "currency": "INR", "fromCurrency": null, "toCurrency": null, "lastMarket": null, "algorithm": null, "tradeable": false}, "incomeStatementHistoryQuarterly": {"incomeStatementHistory": [{"maxAge": 1, "endDate": "2020-06-30", "totalRevenue": 1704405000, "costOfRevenue": 1471506000, "grossProfit": 232899000, "researchDevelopment": {}, "sellingGeneralAdministrative": 22192000, "nonRecurring": {}, "otherOperatingExpenses": 99059000, "totalOperatingExpenses": 1600972000, "operatingIncome": 103433000, "totalOtherIncomeExpenseNet": 6620000, "ebit": 103433000, "interestExpense": -2285000, "incomeBeforeTax": 110053000, "incomeTaxExpense": 28448000, "minorityInterest": {}, "netIncomeFromContinuingOps": 81605000, "discontinuedOperations": {}, "extraordinaryItems": {}, "effectOfAccountingCharges": {}, "otherItems": {}, "netIncome": 81605000, "netIncomeApplicableToCommonShares": 81605000}, {"maxAge": 1, "endDate": "2020-03-31", "totalRevenue": 1095438000, "costOfRevenue": 964043000, "grossProfit": 131395000, "researchDevelopment": {}, "sellingGeneralAdministrative": 49776000, "nonRecurring": {}, "otherOperatingExpenses": 53419000, "totalOperatingExpenses": 1075190000, "operatingIncome": 20248000, "totalOtherIncomeExpenseNet": 6864000, "ebit": 20248000, "interestExpense": -2285000, "incomeBeforeTax": 27112000, "incomeTaxExpense": -37244000, "minorityInterest": {}, "netIncomeFromContinuingOps": 64356000, "discontinuedOperations": {}, "extraordinaryItems": {}, "effectOfAccountingCharges": {}, "otherItems": {}, "netIncome": 64356000, "netIncomeApplicableToCommonShares": 64356000}, {"maxAge": 1, "endDate": "2019-12-31", "totalRevenue": 1424638000, "costOfRevenue": 1224574000, "grossProfit": 200064000, "researchDevelopment": {}, "sellingGeneralAdministrative": 22656000, "nonRecurring": {}, "otherOperatingExpenses": 102599000, "totalOperatingExpenses": 1357682000, "operatingIncome": 66956000, "totalOtherIncomeExpenseNet": 1588000, "ebit": 66956000, "interestExpense": -4491000, "incomeBeforeTax": 68544000, "incomeTaxExpense": 23952000, "minorityInterest": {}, "netIncomeFromContinuingOps": 44592000, "discontinuedOperations": {}, "extraordinaryItems": {}, "effectOfAccountingCharges": {}, "otherItems": {}, "netIncome": 44592000, "netIncomeApplicableToCommonShares": 44592000}, {"maxAge": 1, "endDate": "2019-09-30", "totalRevenue": 1266001000, "costOfRevenue": 1077928000, "grossProfit": 188073000, "researchDevelopment": {}, "sellingGeneralAdministrative": 22208000, "nonRecurring": {}, "otherOperatingExpenses": 94438000, "totalOperatingExpenses": 1202005000, "operatingIncome": 63996000, "totalOtherIncomeExpenseNet": 4898000, "ebit": 63996000, "interestExpense": -4245000, "incomeBeforeTax": 68894000, "incomeTaxExpense": 25529000, "minorityInterest": {}, "netIncomeFromContinuingOps": 43365000, "discontinuedOperations": {}, "extraordinaryItems": {}, "effectOfAccountingCharges": {}, "otherItems": {}, "netIncome": 43365000, "netIncomeApplicableToCommonShares": 43365000}], "maxAge": 86400}, "cashflowStatementHistoryQuarterly": {"cashflowStatements": [{"maxAge": 1, "endDate": "2020-06-30", "netIncome": 81605000, "changeToLiabilities": 0}, {"maxAge": 1, "endDate": "2020-03-31", "netIncome": 64356000, "changeToLiabilities": 0}, {"maxAge": 1, "endDate": "2019-12-31", "netIncome": 44592000, "changeToLiabilities": 0}, {"maxAge": 1, "endDate": "2019-09-30", "netIncome": 43365000, "changeToLiabilities": 0}], "maxAge": 86400}, "insiderHolders": {"holders": [{"maxAge": 1, "name": "Chetak Builders Pvt Ltd", "relation": "Promoter", "url": "", "transactionDescription": "Acquisition", "latestTransDate": "2020-03-06", "positionDirect": 4725811, "positionDirectDate": "2020-03-06"}], "maxAge": 1}, "calendarEvents": {"maxAge": 1, "earnings": {"earningsDate": []}}, "price": {"maxAge": 1, "regularMarketChangePercent": 0.03878784, "regularMarketChange": 1.5999985, "regularMarketTime": "2021-04-30 15:29:31", "priceHint": 2, "regularMarketPrice": 42.85, "regularMarketDayHigh": 43.25, "regularMarketDayLow": 40.15, "regularMarketVolume": 100606, "averageDailyVolume10Day": 54899, "averageDailyVolume3Month": 132335, "regularMarketPreviousClose": 41.25, "regularMarketSource": "FREE_REALTIME", "regularMarketOpen": 41.25, "exchange": "BSE", "exchangeName": "BSE", "exchangeDataDelayedBy": 0, "marketState": "CLOSED", "quoteType": "EQUITY", "symbol": "KRITINUT.BO", "underlyingSymbol": null, "shortName": "KRITI NUTRIENTS LTD", "longName": "Kriti Nutrients Limited", "currency": "INR", "quoteSourceName": "Delayed Quote", "currencySymbol": "\u20b9", "fromCurrency": null, "toCurrency": null, "lastMarket": null, "marketCap": 2146934912}, "balanceSheetHistory": {"balanceSheetStatements": [{"maxAge": 1, "endDate": "2020-03-31", "cash": 168000, "netReceivables": 293905000, "inventory": 322191000, "otherCurrentAssets": 112350000, "totalCurrentAssets": 728614000, "longTermInvestments": 1043000, "propertyPlantEquipment": 449950000, "intangibleAssets": 8484000, "otherAssets": 86580000, "totalAssets": 1274671000, "accountsPayable": 67251000, "otherCurrentLiab": 149809000, "otherLiab": 54381000, "totalCurrentLiabilities": 322197000, "totalLiab": 404795000, "commonStock": 50104000, "retainedEarnings": 790322000, "treasuryStock": 29450000, "otherStockholderEquity": 29450000, "totalStockholderEquity": 869876000, "netTangibleAssets": 861392000}, {"maxAge": 1, "endDate": "2019-03-31", "cash": 12011000, "netReceivables": 165925000, "inventory": 271093000, "otherCurrentAssets": 92218000, "totalCurrentAssets": 541247000, "longTermInvestments": 1403000, "propertyPlantEquipment": 396112000, "intangibleAssets": 7438000, "otherAssets": 87490000, "totalAssets": 1033690000, "accountsPayable": 105012000, "otherCurrentLiab": 15767000, "otherLiab": 76350000, "totalCurrentLiabilities": 266219000, "totalLiab": 342569000, "commonStock": 50104000, "retainedEarnings": 611142000, "treasuryStock": 29875000, "otherStockholderEquity": 29875000, "totalStockholderEquity": 691121000, "netTangibleAssets": 683683000}, {"maxAge": 1, "endDate": "2018-03-31", "cash": 9935000, "netReceivables": 209753000, "inventory": 349806000, "otherCurrentAssets": 121454000, "totalCurrentAssets": 690948000, "longTermInvestments": 1333000, "propertyPlantEquipment": 399521000, "intangibleAssets": 5243000, "otherAssets": 9361000, "totalAssets": 1106406000, "accountsPayable": 90920000, "otherCurrentLiab": 93538000, "otherLiab": 67252000, "totalCurrentLiabilities": 504066000, "totalLiab": 571318000, "commonStock": 50104000, "retainedEarnings": 452630000, "treasuryStock": 32354000, "otherStockholderEquity": 32354000, "totalStockholderEquity": 535088000, "netTangibleAssets": 529845000}, {"maxAge": 1, "endDate": "2017-03-31", "cash": 2800000, "netReceivables": 199950000, "inventory": 385393000, "otherCurrentAssets": 82191000, "totalCurrentAssets": 670334000, "longTermInvestments": 1361000, "propertyPlantEquipment": 342826000, "intangibleAssets": 7185000, "otherAssets": 11323000, "totalAssets": 1033029000, "accountsPayable": 169504000, "shortLongTermDebt": 7001000, "otherCurrentLiab": 41654000, "longTermDebt": 11400000, "otherLiab": 59259000, "totalCurrentLiabilities": 580004000, "totalLiab": 650663000, "commonStock": 50104000, "retainedEarnings": 302529000, "treasuryStock": 29733000, "otherStockholderEquity": 29733000, "totalStockholderEquity": 382366000, "netTangibleAssets": 375181000}], "maxAge": 86400}, "financialData": {"maxAge": 86400, "currentPrice": 42.85, "recommendationKey": "none", "grossProfits": 705966000, "financialCurrency": "INR"}}}