{"KRITIIND.BO": {"cashflowStatementHistory": {"cashflowStatements": [{"maxAge": 1, "endDate": "2020-03-31", "netIncome": 184906000, "depreciation": 73781000, "changeToNetincome": 130033000, "changeToAccountReceivables": -46765000, "changeToLiabilities": 237072000, "changeToInventory": -225168000, "changeToOperatingActivities": -34937000, "totalCashFromOperatingActivities": 319491000, "capitalExpenditures": -153767000, "otherCashflowsFromInvestingActivities": -1815000, "totalCashflowsFromInvestingActivities": -155582000, "dividendsPaid": -7441000, "netBorrowings": -16045000, "otherCashflowsFromFinancingActivities": -140314000, "totalCashFromFinancingActivities": -163800000, "changeInCash": 108000}, {"maxAge": 1, "endDate": "2019-03-31", "netIncome": 60068000, "depreciation": 61674000, "changeToNetincome": 181873000, "changeToAccountReceivables": -198313000, "changeToLiabilities": 248599000, "changeToInventory": -155664000, "changeToOperatingActivities": -22173000, "totalCashFromOperatingActivities": 176850000, "capitalExpenditures": -217729000, "otherCashflowsFromInvestingActivities": -35046000, "totalCashflowsFromInvestingActivities": -250714000, "dividendsPaid": -7426000, "netBorrowings": 136739000, "otherCashflowsFromFinancingActivities": -71053000, "totalCashFromFinancingActivities": 58260000, "changeInCash": -15604000}, {"maxAge": 1, "endDate": "2018-03-31", "netIncome": 91941000, "depreciation": 57879000, "changeToNetincome": 140386000, "changeToAccountReceivables": 28289000, "changeToLiabilities": 150818000, "changeToInventory": -132318000, "changeToOperatingActivities": -31551000, "totalCashFromOperatingActivities": 306655000, "capitalExpenditures": -109931000, "investments": -15352000, "otherCashflowsFromInvestingActivities": 9419000, "totalCashflowsFromInvestingActivities": -115241000, "dividendsPaid": -7439000, "netBorrowings": -39022000, "otherCashflowsFromFinancingActivities": -131413000, "totalCashFromFinancingActivities": -177874000, "changeInCash": 13540000}, {"maxAge": 1, "endDate": "2017-03-31", "netIncome": 81496000, "depreciation": 50429000, "changeToNetincome": 135261000, "changeToAccountReceivables": 115320000, "changeToLiabilities": 17423000, "changeToInventory": -169714000, "changeToOperatingActivities": 31849000, "totalCashFromOperatingActivities": 263037000, "capitalExpenditures": -209009000, "investments": 14817000, "otherCashflowsFromInvestingActivities": 10742000, "totalCashflowsFromInvestingActivities": -176499000, "dividendsPaid": -7439000, "netBorrowings": 38757000, "otherCashflowsFromFinancingActivities": -127766000, "totalCashFromFinancingActivities": -89009000, "changeInCash": -2471000}], "maxAge": 86400}, "institutionOwnership": {"ownershipList": [], "maxAge": 1}, "balanceSheetHistoryQuarterly": {"balanceSheetStatements": [{"maxAge": 1, "endDate": "2020-06-30", "totalStockholderEquity": 990790000, "netTangibleAssets": 989238000}, {"maxAge": 1, "endDate": "2020-03-31", "cash": 481000, "netReceivables": 930425000, "inventory": 1356160000, "otherCurrentAssets": 145870000, "totalCurrentAssets": 2432936000, "longTermInvestments": 215000, "propertyPlantEquipment": 1070625000, "intangibleAssets": 1552000, "otherAssets": 24522000, "totalAssets": 3529850000, "accountsPayable": 1479857000, "shortLongTermDebt": 75696000, "otherCurrentLiab": 16434000, "longTermDebt": 153205000, "otherLiab": 211884000, "totalCurrentLiabilities": 2142248000, "totalLiab": 2539060000, "commonStock": 49604000, "retainedEarnings": 892426000, "treasuryStock": 2146000, "capitalSurplus": 46614000, "otherStockholderEquity": 2146000, "totalStockholderEquity": 990790000, "netTangibleAssets": 989238000}, {"maxAge": 1, "endDate": "2019-12-31", "totalStockholderEquity": 889238000, "netTangibleAssets": 887405000}, {"maxAge": 1, "endDate": "2019-09-30", "cash": 133127000, "netReceivables": 1350478000, "inventory": 985794000, "otherCurrentAssets": 17189000, "totalCurrentAssets": 2486588000, "longTermInvestments": 272000, "propertyPlantEquipment": 1065377000, "intangibleAssets": 1833000, "otherAssets": 28558000, "totalAssets": 3582628000, "accountsPayable": 1524241000, "shortLongTermDebt": 75820000, "otherCurrentLiab": 12561000, "longTermDebt": 188521000, "otherLiab": 252039000, "totalCurrentLiabilities": 2224546000, "totalLiab": 2693390000, "commonStock": 49604000, "treasuryStock": 839634000, "otherStockholderEquity": 839634000, "totalStockholderEquity": 889238000, "netTangibleAssets": 887405000}], "maxAge": 86400}, "indexTrend": {"maxAge": 1, "symbol": "SP5", "peRatio": 19.7411, "pegRatio": 1.34172, "estimates": [{"period": "0q", "growth": 0.549}, {"period": "+1q", "growth": 0.431}, {"period": "0y", "growth": 0.305}, {"period": "+1y", "growth": 0.109}, {"period": "+5y", "growth": 0.120859005}, {"period": "-5y"}]}, "insiderTransactions": {"transactions": [{"maxAge": 1, "shares": 34802, "value": 14616, "filerUrl": "", "transactionText": "Acquisition at price 0.42 per share.", "filerName": "Mehta (Purnima Prabodh)", "filerRelation": "Promoter", "moneyText": "", "startDate": "2020-11-11", "ownership": "D"}, {"maxAge": 1, "shares": 7000, "filerUrl": "", "transactionText": "", "filerName": "Chetak Builders Pvt Ltd", "filerRelation": "Promoter", "moneyText": "", "startDate": "2020-03-06", "ownership": "D"}, {"maxAge": 1, "shares": 87698, "filerUrl": "", "transactionText": "", "filerName": "Chetak Builders Pvt Ltd", "filerRelation": "Promoter", "moneyText": "", "startDate": "2019-12-30", "ownership": "D"}, {"maxAge": 1, "shares": 20384400, "filerUrl": "", "transactionText": "", "filerName": "Sakam Trading Pvt Ltd", "filerRelation": "Promoter", "moneyText": "", "startDate": "2012-03-30", "ownership": "D"}], "maxAge": 1}, "quoteType": {"exchange": "BSE", "quoteType": "EQUITY", "symbol": "KRITIIND.BO", "underlyingSymbol": "KRITIIND.BO", "shortName": "KRITI INDUSTRIES (INDIA) LTD.", "longName": "Kriti Industries (India) Limited", "firstTradeDateEpochUtc": "2002-07-01 09:15:00", "timeZoneFullName": "Asia/Kolkata", "timeZoneShortName": "IST", "uuid": "f9a7ede6-ee73-3471-b9b8-a6aec01ae4c7", "gmtOffSetMilliseconds": 19800000, "maxAge": 1}, "incomeStatementHistory": {"incomeStatementHistory": [{"maxAge": 1, "endDate": "2020-03-31", "totalRevenue": 5487160000, "costOfRevenue": 4246361000, "grossProfit": 1240799000, "researchDevelopment": {}, "sellingGeneralAdministrative": 262922000, "nonRecurring": {}, "otherOperatingExpenses": 526660000, "totalOperatingExpenses": 5110293000, "operatingIncome": 376867000, "totalOtherIncomeExpenseNet": -169099000, "ebit": 376867000, "interestExpense": -147501000, "incomeBeforeTax": 207768000, "incomeTaxExpense": 22862000, "minorityInterest": {}, "netIncomeFromContinuingOps": 184906000, "discontinuedOperations": {}, "extraordinaryItems": {}, "effectOfAccountingCharges": {}, "otherItems": {}, "netIncome": 184906000, "netIncomeApplicableToCommonShares": 184906000}, {"maxAge": 1, "endDate": "2019-03-31", "totalRevenue": 5876593000, "costOfRevenue": 4785639000, "grossProfit": 1090954000, "researchDevelopment": {}, "sellingGeneralAdministrative": 268864000, "nonRecurring": {}, "otherOperatingExpenses": 526647000, "totalOperatingExpenses": 5643613000, "operatingIncome": 232980000, "totalOtherIncomeExpenseNet": -133117000, "ebit": 232980000, "interestExpense": -123875000, "incomeBeforeTax": 99863000, "incomeTaxExpense": 39795000, "minorityInterest": {}, "netIncomeFromContinuingOps": 60068000, "discontinuedOperations": {}, "extraordinaryItems": {}, "effectOfAccountingCharges": {}, "otherItems": {}, "netIncome": 60068000, "netIncomeApplicableToCommonShares": 60068000}, {"maxAge": 1, "endDate": "2018-03-31", "totalRevenue": 4462909000, "costOfRevenue": 3596115000, "grossProfit": 866794000, "researchDevelopment": {}, "sellingGeneralAdministrative": 224790000, "nonRecurring": {}, "otherOperatingExpenses": 322814000, "totalOperatingExpenses": 4202702000, "operatingIncome": 260207000, "totalOtherIncomeExpenseNet": -121291000, "ebit": 260207000, "interestExpense": -108576000, "incomeBeforeTax": 138916000, "incomeTaxExpense": 46975000, "minorityInterest": {}, "netIncomeFromContinuingOps": 91941000, "discontinuedOperations": {}, "extraordinaryItems": {}, "effectOfAccountingCharges": {}, "otherItems": {}, "netIncome": 91941000, "netIncomeApplicableToCommonShares": 91941000}, {"maxAge": 1, "endDate": "2017-03-31", "totalRevenue": 3875577000, "costOfRevenue": 3015302000, "grossProfit": 860275000, "researchDevelopment": {}, "sellingGeneralAdministrative": 215422000, "nonRecurring": {}, "otherOperatingExpenses": 348424000, "totalOperatingExpenses": 3630550000, "operatingIncome": 245027000, "totalOtherIncomeExpenseNet": -120270000, "ebit": 245027000, "interestExpense": -106578000, "incomeBeforeTax": 124757000, "incomeTaxExpense": 43261000, "minorityInterest": {}, "netIncomeFromContinuingOps": 81496000, "discontinuedOperations": {}, "extraordinaryItems": {}, "effectOfAccountingCharges": {}, "otherItems": {}, "netIncome": 81496000, "netIncomeApplicableToCommonShares": 81496000}], "maxAge": 86400}, "fundOwnership": {"ownershipList": [], "maxAge": 1}, "summaryDetail": {"maxAge": 1, "priceHint": 2, "previousClose": 74.95, "open": 74.0, "dayLow": 71.25, "dayHigh": 77.0, "regularMarketPreviousClose": 74.95, "regularMarketOpen": 74.0, "regularMarketDayLow": 71.25, "regularMarketDayHigh": 77.0, "trailingPE": 19.279375, "volume": 42702, "regularMarketVolume": 42702, "averageVolume": 66865, "averageVolume10days": 170065, "averageDailyVolume10Day": 170065, "bid": 71.3, "ask": 71.85, "bidSize": 0, "askSize": 0, "marketCap": 3556570880, "fiftyTwoWeekLow": 10.0, "fiftyTwoWeekHigh": 77.0, "fiftyDayAverage": 51.534847, "twoHundredDayAverage": 34.864338, "trailingAnnualDividendRate": 0.15, "trailingAnnualDividendYield": 0.0020013344, "currency": "INR", "fromCurrency": null, "lastMarket": null, "algorithm": null, "tradeable": false}, "incomeStatementHistoryQuarterly": {"incomeStatementHistory": [{"maxAge": 1, "endDate": "2020-06-30", "totalRevenue": 1553911000, "costOfRevenue": 1254434000, "grossProfit": 299477000, "researchDevelopment": {}, "sellingGeneralAdministrative": 56877000, "nonRecurring": {}, "otherOperatingExpenses": 106813000, "totalOperatingExpenses": 1437397000, "operatingIncome": 116514000, "totalOtherIncomeExpenseNet": -23361000, "ebit": 116514000, "interestExpense": -29369000, "incomeBeforeTax": 93153000, "incomeTaxExpense": 24721000, "minorityInterest": {}, "netIncomeFromContinuingOps": 68432000, "discontinuedOperations": {}, "extraordinaryItems": {}, "effectOfAccountingCharges": {}, "otherItems": {}, "netIncome": 68432000, "netIncomeApplicableToCommonShares": 68432000}, {"maxAge": 1, "endDate": "2020-03-31", "totalRevenue": 710166000, "costOfRevenue": 467358000, "grossProfit": 242808000, "researchDevelopment": {}, "sellingGeneralAdministrative": 83768000, "nonRecurring": {}, "otherOperatingExpenses": 65274000, "totalOperatingExpenses": 635717000, "operatingIncome": 74449000, "totalOtherIncomeExpenseNet": -54549000, "ebit": 74449000, "interestExpense": -18467000, "incomeBeforeTax": 19900000, "incomeTaxExpense": -45008000, "minorityInterest": {}, "netIncomeFromContinuingOps": 64908000, "discontinuedOperations": {}, "extraordinaryItems": {}, "effectOfAccountingCharges": {}, "otherItems": {}, "netIncome": 64908000, "netIncomeApplicableToCommonShares": 64908000}, {"maxAge": 1, "endDate": "2019-12-31", "totalRevenue": 1507671000, "costOfRevenue": 1200954000, "grossProfit": 306717000, "researchDevelopment": {}, "sellingGeneralAdministrative": 59920000, "nonRecurring": {}, "otherOperatingExpenses": 128773000, "totalOperatingExpenses": 1408712000, "operatingIncome": 98959000, "totalOtherIncomeExpenseNet": -42364000, "ebit": 98959000, "interestExpense": -45236000, "incomeBeforeTax": 56595000, "incomeTaxExpense": 21709000, "minorityInterest": {}, "netIncomeFromContinuingOps": 34886000, "discontinuedOperations": {}, "extraordinaryItems": {}, "effectOfAccountingCharges": {}, "otherItems": {}, "netIncome": 34886000, "netIncomeApplicableToCommonShares": 34886000}, {"maxAge": 1, "endDate": "2019-09-30", "totalRevenue": 1012624000, "costOfRevenue": 707677000, "grossProfit": 304947000, "researchDevelopment": {}, "sellingGeneralAdministrative": 62130000, "nonRecurring": {}, "otherOperatingExpenses": 154534000, "totalOperatingExpenses": 941797000, "operatingIncome": 70827000, "totalOtherIncomeExpenseNet": -41168000, "ebit": 70827000, "interestExpense": -46588000, "incomeBeforeTax": 29659000, "incomeTaxExpense": 13346000, "minorityInterest": {}, "netIncomeFromContinuingOps": 16313000, "discontinuedOperations": {}, "extraordinaryItems": {}, "effectOfAccountingCharges": {}, "otherItems": {}, "netIncome": 16313000, "netIncomeApplicableToCommonShares": 16313000}], "maxAge": 86400}, "cashflowStatementHistoryQuarterly": {"cashflowStatements": [{"maxAge": 1, "endDate": "2020-06-30", "netIncome": 68432000, "changeToLiabilities": 0}, {"maxAge": 1, "endDate": "2020-03-31", "netIncome": 64908000, "changeToLiabilities": 0}, {"maxAge": 1, "endDate": "2019-12-31", "netIncome": 34886000, "changeToLiabilities": 0}, {"maxAge": 1, "endDate": "2019-09-30", "netIncome": 16313000, "changeToLiabilities": 0}], "maxAge": 86400}, "insiderHolders": {"holders": [{"maxAge": 1, "name": "Chetak Builders Pvt Ltd", "relation": "Promoter", "url": "", "transactionDescription": "Acquisition", "latestTransDate": "2020-03-06", "positionDirect": 4583491, "positionDirectDate": "2020-03-06"}, {"maxAge": 1, "name": "Mehta (Purnima Prabodh)", "relation": "Promoter", "url": "", "transactionDescription": "Acquisition", "latestTransDate": "2020-11-11", "positionDirect": 198896, "positionDirectDate": "2020-11-11"}, {"maxAge": 1, "name": "Sakam Trading Pvt Ltd", "relation": "Promoter", "url": "", "transactionDescription": "Acquisition", "latestTransDate": "2012-03-30", "positionDirect": 25843673, "positionDirectDate": "2012-03-30"}], "maxAge": 1}, "calendarEvents": {"maxAge": 1, "earnings": {"earningsDate": []}}, "upgradeDowngradeHistory": {"history": [], "maxAge": 86400}, "price": {"maxAge": 1, "regularMarketChangePercent": -0.043362245, "regularMarketChange": -3.25, "regularMarketTime": "2021-04-30 15:29:28", "priceHint": 2, "regularMarketPrice": 71.7, "regularMarketDayHigh": 77.0, "regularMarketDayLow": 71.25, "regularMarketVolume": 42702, "averageDailyVolume10Day": 170065, "averageDailyVolume3Month": 66865, "regularMarketPreviousClose": 74.95, "regularMarketSource": "FREE_REALTIME", "regularMarketOpen": 74.0, "exchange": "BSE", "exchangeName": "BSE", "exchangeDataDelayedBy": 0, "marketState": "CLOSED", "quoteType": "EQUITY", "symbol": "KRITIIND.BO", "underlyingSymbol": null, "shortName": "KRITI INDUSTRIES (INDIA) LTD.", "longName": "Kriti Industries (India) Limited", "currency": "INR", "quoteSourceName": "Delayed Quote", "currencySymbol": "\u20b9", "fromCurrency": null, "lastMarket": null, "marketCap": 3556570880}, "balanceSheetHistory": {"balanceSheetStatements": [{"maxAge": 1, "endDate": "2020-03-31", "cash": 481000, "netReceivables": 930425000, "inventory": 1356160000, "otherCurrentAssets": 145870000, "totalCurrentAssets": 2432936000, "longTermInvestments": 215000, "propertyPlantEquipment": 1070625000, "intangibleAssets": 1552000, "otherAssets": 24522000, "totalAssets": 3529850000, "accountsPayable": 1479857000, "shortLongTermDebt": 75696000, "otherCurrentLiab": 16434000, "longTermDebt": 153205000, "otherLiab": 211884000, "totalCurrentLiabilities": 2142248000, "totalLiab": 2539060000, "commonStock": 49604000, "retainedEarnings": 892426000, "treasuryStock": 2146000, "capitalSurplus": 46614000, "otherStockholderEquity": 2146000, "totalStockholderEquity": 990790000, "netTangibleAssets": 989238000}, {"maxAge": 1, "endDate": "2019-03-31", "cash": 373000, "netReceivables": 838050000, "inventory": 1130992000, "otherCurrentAssets": 127526000, "totalCurrentAssets": 2096941000, "longTermInvestments": 289000, "propertyPlantEquipment": 990640000, "intangibleAssets": 2120000, "otherAssets": 24868000, "totalAssets": 3114858000, "accountsPayable": 1242785000, "shortLongTermDebt": 78526000, "otherCurrentLiab": 2882000, "longTermDebt": 219479000, "otherLiab": 238067000, "totalCurrentLiabilities": 1844155000, "totalLiab": 2301701000, "commonStock": 49604000, "retainedEarnings": 716491000, "treasuryStock": 448000, "capitalSurplus": 46614000, "otherStockholderEquity": 448000, "totalStockholderEquity": 813157000, "netTangibleAssets": 811037000}, {"maxAge": 1, "endDate": "2018-03-31", "cash": 15977000, "netReceivables": 617159000, "inventory": 975453000, "otherCurrentAssets": 106730000, "totalCurrentAssets": 1715319000, "longTermInvestments": 4399000, "propertyPlantEquipment": 837107000, "intangibleAssets": 2451000, "otherAssets": 17998000, "totalAssets": 2577274000, "accountsPayable": 994187000, "shortLongTermDebt": 88263000, "otherCurrentLiab": 2912000, "longTermDebt": 133004000, "otherLiab": 134780000, "totalCurrentLiabilities": 1547314000, "totalLiab": 1815098000, "commonStock": 49604000, "retainedEarnings": 665685000, "treasuryStock": 273000, "capitalSurplus": 46614000, "otherStockholderEquity": 273000, "totalStockholderEquity": 762176000, "netTangibleAssets": 759725000}, {"maxAge": 1, "endDate": "2017-03-31", "cash": 2437000, "netReceivables": 610794000, "inventory": 843137000, "otherCurrentAssets": 169726000, "totalCurrentAssets": 1626094000, "longTermInvestments": 675000, "propertyPlantEquipment": 786204000, "intangibleAssets": 3133000, "otherAssets": 18666000, "totalAssets": 2434772000, "accountsPayable": 791380000, "shortLongTermDebt": 132832000, "otherCurrentLiab": 38489000, "longTermDebt": 149107000, "otherLiab": 120243000, "totalCurrentLiabilities": 1494976000, "totalLiab": 1764326000, "commonStock": 49604000, "retainedEarnings": 583316000, "treasuryStock": -9088000, "capitalSurplus": 46614000, "otherStockholderEquity": -9088000, "totalStockholderEquity": 670446000, "netTangibleAssets": 667313000}], "maxAge": 86400}, "financialData": {"maxAge": 86400, "currentPrice": 71.7, "recommendationKey": "none", "grossProfits": 1240799000, "financialCurrency": "INR"}}}