{"KRYPTONQ.BO": {"cashflowStatementHistory": {"cashflowStatements": [{"maxAge": 1, "endDate": "2020-03-31", "netIncome": 4951040, "depreciation": 17244030, "changeToNetincome": 7202610, "changeToAccountReceivables": -13340780, "changeToLiabilities": 966830, "changeToInventory": -14132480, "changeToOperatingActivities": 18750360, "totalCashFromOperatingActivities": 21641610, "capitalExpenditures": -15709120, "investments": -174950, "otherCashflowsFromInvestingActivities": 5246910, "totalCashflowsFromInvestingActivities": -10637160, "netBorrowings": 1043300, "otherCashflowsFromFinancingActivities": -15857550, "totalCashFromFinancingActivities": -14814250, "changeInCash": -3809800}, {"maxAge": 1, "endDate": "2019-03-31", "netIncome": 9310420, "depreciation": 15921420, "changeToNetincome": 16282750, "changeToAccountReceivables": 9087710, "changeToLiabilities": -7204960, "changeToInventory": 1550390, "changeToOperatingActivities": -12079530, "totalCashFromOperatingActivities": 32868200, "capitalExpenditures": -7216960, "investments": -98670, "otherCashflowsFromInvestingActivities": 857060, "totalCashflowsFromInvestingActivities": -6458570, "netBorrowings": -7703910, "otherCashflowsFromFinancingActivities": -14225850, "totalCashFromFinancingActivities": -21929760, "changeInCash": 4479870}, {"maxAge": 1, "endDate": "2018-03-31", "netIncome": -407870, "depreciation": 16699180, "changeToNetincome": 16708930, "changeToAccountReceivables": 22337270, "changeToLiabilities": -17686450, "changeToInventory": 10667270, "changeToOperatingActivities": -1849060, "totalCashFromOperatingActivities": 46469270, "capitalExpenditures": -3106300, "investments": -98670, "otherCashflowsFromInvestingActivities": 658070, "totalCashflowsFromInvestingActivities": -2448230, "netBorrowings": -20057980, "otherCashflowsFromFinancingActivities": -19148270, "totalCashFromFinancingActivities": -39206250, "changeInCash": 4814790}, {"maxAge": 1, "endDate": "2017-03-31", "netIncome": -39836570, "depreciation": 17059530, "changeToNetincome": 17873770, "changeToAccountReceivables": 12592840, "changeToLiabilities": 3804930, "changeToInventory": -6897150, "changeToOperatingActivities": 8492660, "totalCashFromOperatingActivities": 13463010, "capitalExpenditures": -2478020, "investments": -33000, "otherCashflowsFromInvestingActivities": 702050, "totalCashflowsFromInvestingActivities": -1808970, "netBorrowings": 3237140, "otherCashflowsFromFinancingActivities": -21674360, "totalCashFromFinancingActivities": -18437220, "changeInCash": -6783180}], "maxAge": 86400}, "institutionOwnership": {"ownershipList": [], "maxAge": 1}, "balanceSheetHistoryQuarterly": {"balanceSheetStatements": [{"maxAge": 1, "endDate": "2020-06-30", "totalStockholderEquity": 274857930, "netTangibleAssets": 274857930}, {"maxAge": 1, "endDate": "2020-03-31", "cash": 5849780, "shortTermInvestments": 7764110, "netReceivables": 79507460, "inventory": 187582220, "otherCurrentAssets": 49088130, "totalCurrentAssets": 331806380, "longTermInvestments": 1027450, "propertyPlantEquipment": 166247290, "otherAssets": 19134140, "totalAssets": 518215260, "accountsPayable": 25069760, "shortLongTermDebt": 17072980, "otherCurrentLiab": 28925380, "longTermDebt": 43990960, "otherLiab": 11304410, "minorityInterest": 118160, "totalCurrentLiabilities": 182209150, "totalLiab": 243239170, "commonStock": 146971300, "retainedEarnings": 92343970, "treasuryStock": -1010740, "capitalSurplus": 36553400, "otherStockholderEquity": -1010740, "totalStockholderEquity": 274857930, "netTangibleAssets": 274857930}, {"maxAge": 1, "endDate": "2019-12-31", "totalStockholderEquity": 272791000, "netTangibleAssets": 272791000}, {"maxAge": 1, "endDate": "2019-09-30", "cash": 12248000, "shortTermInvestments": 1690000, "netReceivables": 96256000, "inventory": 170928000, "otherCurrentAssets": 6692000, "totalCurrentAssets": 287814000, "longTermInvestments": 4553000, "propertyPlantEquipment": 166103000, "otherAssets": 14273000, "totalAssets": 472743000, "accountsPayable": 24691000, "otherCurrentLiab": 18075000, "longTermDebt": 43851000, "otherLiab": 12989000, "totalCurrentLiabilities": 143112000, "totalLiab": 199952000, "commonStock": 146971000, "treasuryStock": 125820000, "otherStockholderEquity": 125820000, "totalStockholderEquity": 272791000, "netTangibleAssets": 272791000}], "maxAge": 86400}, "indexTrend": {"maxAge": 1, "symbol": "SP5", "peRatio": 19.7411, "pegRatio": 1.34172, "estimates": [{"period": "0q", "growth": 0.549}, {"period": "+1q", "growth": 0.431}, {"period": "0y", "growth": 0.305}, {"period": "+1y", "growth": 0.109}, {"period": "+5y", "growth": 0.120859005}, {"period": "-5y"}]}, "insiderTransactions": {"transactions": [{"maxAge": 1, "shares": 5384, "filerUrl": "", "transactionText": "", "filerName": "Bachhawat (Tilok Chand)", "filerRelation": "Promoter", "moneyText": "", "startDate": "2017-10-13", "ownership": "D"}, {"maxAge": 1, "shares": 102, "filerUrl": "", "transactionText": "", "filerName": "Bachhawat (Tilok Chand)", "filerRelation": "Promoter", "moneyText": "", "startDate": "2017-10-13", "ownership": "D"}, {"maxAge": 1, "shares": 300, "filerUrl": "", "transactionText": "", "filerName": "Bachhawat (Tilok Chand)", "filerRelation": "Promoter", "moneyText": "", "startDate": "2017-10-11", "ownership": "D"}, {"maxAge": 1, "shares": 0, "filerUrl": "", "transactionText": "", "filerName": "Bachhawat (Tilok Chand)", "filerRelation": "Promoter", "moneyText": "", "startDate": "2017-10-11", "ownership": "I"}, {"maxAge": 1, "shares": 21258, "filerUrl": "", "transactionText": "", "filerName": "Bachhawat (Tilok Chand)", "filerRelation": "Promoter", "moneyText": "", "startDate": "2017-10-09", "ownership": "D"}, {"maxAge": 1, "shares": 50000, "filerUrl": "", "transactionText": "", "filerName": "Bachhawat (Kusum)", "filerRelation": "Promoter", "moneyText": "", "startDate": "2013-03-28", "ownership": "D"}, {"maxAge": 1, "shares": 40000, "filerUrl": "", "transactionText": "", "filerName": "Bachhawat (Tilok Chand)", "filerRelation": "Director (Non-Executive)", "moneyText": "", "startDate": "2013-03-28", "ownership": "D"}, {"maxAge": 1, "shares": 492050, "filerUrl": "", "transactionText": "", "filerName": "Bardia (Jay Singh)", "filerRelation": "Executive Chairman", "moneyText": "", "startDate": "2013-03-28", "ownership": "D"}, {"maxAge": 1, "shares": 252450, "filerUrl": "", "transactionText": "", "filerName": "Bardia (Pannalal)", "filerRelation": "Chief Executive Officer", "moneyText": "", "startDate": "2013-03-28", "ownership": "D"}, {"maxAge": 1, "shares": 180000, "filerUrl": "", "transactionText": "", "filerName": "Bardia (Pannalal) HUF", "filerRelation": "UNREPORTED", "moneyText": "", "startDate": "2013-03-28", "ownership": "D"}, {"maxAge": 1, "shares": 182000, "filerUrl": "", "transactionText": "", "filerName": "Bardia (Vimla Devi)", "filerRelation": "Promoter", "moneyText": "", "startDate": "2013-03-28", "ownership": "D"}], "maxAge": 1}, "quoteType": {"exchange": "BSE", "quoteType": "EQUITY", "symbol": "KRYPTONQ.BO", "underlyingSymbol": "KRYPTONQ.BO", "shortName": "KRYPTON INDUSTRIES LTD.", "longName": "Krypton Industries Limited", "firstTradeDateEpochUtc": "2000-11-02 09:15:00", "timeZoneFullName": "Asia/Kolkata", "timeZoneShortName": "IST", "uuid": "e37fe65f-7c00-326a-b681-d1861bf84e09", "gmtOffSetMilliseconds": 19800000, "maxAge": 1}, "incomeStatementHistory": {"incomeStatementHistory": [{"maxAge": 1, "endDate": "2020-03-31", "totalRevenue": 288293910, "costOfRevenue": 123385860, "grossProfit": 164908050, "researchDevelopment": {}, "sellingGeneralAdministrative": 68412370, "nonRecurring": {}, "otherOperatingExpenses": 62771890, "totalOperatingExpenses": 271814150, "operatingIncome": 16479760, "totalOtherIncomeExpenseNet": -15773760, "ebit": 16479760, "interestExpense": -16276420, "incomeBeforeTax": 706000, "incomeTaxExpense": -4040180, "minorityInterest": 118160, "netIncomeFromContinuingOps": 4746180, "discontinuedOperations": {}, "extraordinaryItems": {}, "effectOfAccountingCharges": {}, "otherItems": {}, "netIncome": 4951040, "netIncomeApplicableToCommonShares": 4951040}, {"maxAge": 1, "endDate": "2019-03-31", "totalRevenue": 363639110, "costOfRevenue": 181342270, "grossProfit": 182296840, "researchDevelopment": {}, "sellingGeneralAdministrative": 75326190, "nonRecurring": {}, "otherOperatingExpenses": 68211290, "totalOperatingExpenses": 340801170, "operatingIncome": 22837940, "totalOtherIncomeExpenseNet": -13727690, "ebit": 22837940, "interestExpense": -13905600, "incomeBeforeTax": 9110250, "incomeTaxExpense": -200170, "minorityInterest": 118160, "netIncomeFromContinuingOps": 9310420, "discontinuedOperations": {}, "extraordinaryItems": {}, "effectOfAccountingCharges": {}, "otherItems": {}, "netIncome": 9310420, "netIncomeApplicableToCommonShares": 9310420}, {"maxAge": 1, "endDate": "2018-03-31", "totalRevenue": 294438160, "costOfRevenue": 147601710, "grossProfit": 146836450, "researchDevelopment": {}, "sellingGeneralAdministrative": 64147240, "nonRecurring": {}, "otherOperatingExpenses": 53819650, "totalOperatingExpenses": 282267780, "operatingIncome": 12170380, "totalOtherIncomeExpenseNet": -13411250, "ebit": 12170380, "interestExpense": -18143400, "incomeBeforeTax": -1240870, "incomeTaxExpense": -833000, "minorityInterest": 118160, "netIncomeFromContinuingOps": -407870, "discontinuedOperations": {}, "extraordinaryItems": {}, "effectOfAccountingCharges": {}, "otherItems": {}, "netIncome": -407870, "netIncomeApplicableToCommonShares": -407870}, {"maxAge": 1, "endDate": "2017-03-31", "totalRevenue": 334068160, "costOfRevenue": 179015580, "grossProfit": 155052580, "researchDevelopment": {}, "sellingGeneralAdministrative": 70950960, "nonRecurring": {}, "otherOperatingExpenses": 88401130, "totalOperatingExpenses": 355427200, "operatingIncome": -21359040, "totalOtherIncomeExpenseNet": -19141850, "ebit": -21359040, "interestExpense": -19583040, "incomeBeforeTax": -40500890, "incomeTaxExpense": -664320, "minorityInterest": 118160, "netIncomeFromContinuingOps": -39836570, "discontinuedOperations": {}, "extraordinaryItems": {}, "effectOfAccountingCharges": {}, "otherItems": {}, "netIncome": -39836570, "netIncomeApplicableToCommonShares": -39836570}], "maxAge": 86400}, "fundOwnership": {"ownershipList": [], "maxAge": 1}, "summaryDetail": {"maxAge": 1, "priceHint": 2, "previousClose": 9.5, "open": 9.5, "dayLow": 9.21, "dayHigh": 9.8, "regularMarketPreviousClose": 9.5, "regularMarketOpen": 9.5, "regularMarketDayLow": 9.21, "regularMarketDayHigh": 9.8, "trailingPE": 157.45763, "volume": 10104, "regularMarketVolume": 10104, "averageVolume": 12663, "averageVolume10days": 8176, "averageDailyVolume10Day": 8176, "bid": 0.0, "ask": 0.0, "bidSize": 0, "askSize": 0, "marketCap": 136536064, "fiftyTwoWeekLow": 5.99, "fiftyTwoWeekHigh": 12.1, "fiftyDayAverage": 10.462728, "twoHundredDayAverage": 9.127868, "currency": "INR", "fromCurrency": null, "lastMarket": null, "algorithm": null, "tradeable": false}, "incomeStatementHistoryQuarterly": {"incomeStatementHistory": [{"maxAge": 1, "endDate": "2020-06-30", "totalRevenue": 54857000, "costOfRevenue": 35357000, "grossProfit": 19500000, "researchDevelopment": {}, "sellingGeneralAdministrative": 7218000, "nonRecurring": {}, "otherOperatingExpenses": 7601000, "totalOperatingExpenses": 54028000, "operatingIncome": 829000, "totalOtherIncomeExpenseNet": -3328000, "ebit": 829000, "interestExpense": -3328000, "incomeBeforeTax": -2499000, "incomeTaxExpense": -400000, "minorityInterest": {}, "netIncomeFromContinuingOps": -2099000, "discontinuedOperations": {}, "extraordinaryItems": {}, "effectOfAccountingCharges": {}, "otherItems": {}, "netIncome": -2099000, "netIncomeApplicableToCommonShares": -2099000}, {"maxAge": 1, "endDate": "2020-03-31", "totalRevenue": 61934910, "costOfRevenue": 24947860, "grossProfit": 36987050, "researchDevelopment": {}, "sellingGeneralAdministrative": 17053370, "nonRecurring": {}, "otherOperatingExpenses": 11095890, "totalOperatingExpenses": 60691150, "operatingIncome": 1243760, "totalOtherIncomeExpenseNet": -3841760, "ebit": 1243760, "interestExpense": -4344420, "incomeBeforeTax": -2598000, "incomeTaxExpense": -2940180, "minorityInterest": 118160, "netIncomeFromContinuingOps": 342180, "discontinuedOperations": {}, "extraordinaryItems": {}, "effectOfAccountingCharges": {}, "otherItems": {}, "netIncome": 547040, "netIncomeApplicableToCommonShares": 547040}, {"maxAge": 1, "endDate": "2019-12-31", "totalRevenue": 70598000, "costOfRevenue": 34314000, "grossProfit": 36284000, "researchDevelopment": {}, "sellingGeneralAdministrative": 13762000, "nonRecurring": {}, "otherOperatingExpenses": 13936000, "totalOperatingExpenses": 64962000, "operatingIncome": 5636000, "totalOtherIncomeExpenseNet": -4392000, "ebit": 5636000, "interestExpense": -4392000, "incomeBeforeTax": 1244000, "incomeTaxExpense": -300000, "minorityInterest": 118160, "netIncomeFromContinuingOps": 1544000, "discontinuedOperations": {}, "extraordinaryItems": {}, "effectOfAccountingCharges": {}, "otherItems": {}, "netIncome": 1544000, "netIncomeApplicableToCommonShares": 1544000}, {"maxAge": 1, "endDate": "2019-09-30", "totalRevenue": 72141000, "costOfRevenue": 30809000, "grossProfit": 41332000, "researchDevelopment": {}, "sellingGeneralAdministrative": 18641000, "nonRecurring": {}, "otherOperatingExpenses": 14954000, "totalOperatingExpenses": 67754000, "operatingIncome": 4387000, "totalOtherIncomeExpenseNet": -3909000, "ebit": 4387000, "interestExpense": -3909000, "incomeBeforeTax": 478000, "incomeTaxExpense": -400000, "minorityInterest": 118160, "netIncomeFromContinuingOps": 878000, "discontinuedOperations": {}, "extraordinaryItems": {}, "effectOfAccountingCharges": {}, "otherItems": {}, "netIncome": 878000, "netIncomeApplicableToCommonShares": 878000}], "maxAge": 86400}, "cashflowStatementHistoryQuarterly": {"cashflowStatements": [{"maxAge": 1, "endDate": "2020-06-30", "netIncome": -2099000, "changeToLiabilities": 0}, {"maxAge": 1, "endDate": "2020-03-31", "netIncome": 547040, "changeToLiabilities": 0}, {"maxAge": 1, "endDate": "2019-12-31", "netIncome": 1544000, "changeToLiabilities": 0}, {"maxAge": 1, "endDate": "2019-09-30", "netIncome": 878000, "changeToLiabilities": 0}], "maxAge": 86400}, "insiderHolders": {"holders": [{"maxAge": 1, "name": "Bachhawat (Kusum)", "relation": "Promoter", "url": "", "transactionDescription": "Acquisition", "latestTransDate": "2013-03-28", "positionDirect": 50200, "positionDirectDate": "2013-03-28"}, {"maxAge": 1, "name": "Bachhawat (Tilok Chand)", "relation": "Promoter", "url": "", "transactionDescription": "Sale", "latestTransDate": "2017-10-13", "positionDirect": 99275, "positionDirectDate": "2017-10-13"}, {"maxAge": 1, "name": "Bardia (Jay Singh)", "relation": "Executive Chairman", "url": "", "transactionDescription": "Acquisition", "latestTransDate": "2013-03-28", "positionDirect": 1538550, "positionDirectDate": "2013-03-28"}, {"maxAge": 1, "name": "Bardia (Pannalal)", "relation": "Chief Executive Officer", "url": "", "transactionDescription": "Acquisition", "latestTransDate": "2013-03-28", "positionDirect": 1351713, "positionDirectDate": "2013-03-28"}, {"maxAge": 1, "name": "Bardia (Pannalal) HUF", "relation": "UNREPORTED", "url": "", "transactionDescription": "Acquisition", "latestTransDate": "2013-03-28", "positionDirect": 215731, "positionDirectDate": "2013-03-28"}, {"maxAge": 1, "name": "Bardia (Vimla Devi)", "relation": "Promoter", "url": "", "transactionDescription": "Acquisition", "latestTransDate": "2013-03-28", "positionDirect": 282000, "positionDirectDate": "2013-03-28"}], "maxAge": 1}, "calendarEvents": {"maxAge": 1, "earnings": {"earningsDate": []}}, "upgradeDowngradeHistory": {"history": [], "maxAge": 86400}, "price": {"maxAge": 1, "regularMarketChangePercent": -0.022105267, "regularMarketChange": -0.21000004, "regularMarketTime": "2021-04-30 15:59:24", "priceHint": 2, "regularMarketPrice": 9.29, "regularMarketDayHigh": 9.8, "regularMarketDayLow": 9.21, "regularMarketVolume": 10104, "averageDailyVolume10Day": 8176, "averageDailyVolume3Month": 12663, "regularMarketPreviousClose": 9.5, "regularMarketSource": "FREE_REALTIME", "regularMarketOpen": 9.5, "exchange": "BSE", "exchangeName": "BSE", "exchangeDataDelayedBy": 0, "marketState": "CLOSED", "quoteType": "EQUITY", "symbol": "KRYPTONQ.BO", "underlyingSymbol": null, "shortName": "KRYPTON INDUSTRIES LTD.", "longName": "Krypton Industries Limited", "currency": "INR", "quoteSourceName": "Delayed Quote", "currencySymbol": "\u20b9", "fromCurrency": null, "lastMarket": null, "marketCap": 136536064}, "balanceSheetHistory": {"balanceSheetStatements": [{"maxAge": 1, "endDate": "2020-03-31", "cash": 5849780, "shortTermInvestments": 7764110, "netReceivables": 79507460, "inventory": 187582220, "otherCurrentAssets": 49088130, "totalCurrentAssets": 331806380, "longTermInvestments": 1027450, "propertyPlantEquipment": 166247290, "otherAssets": 19134140, "totalAssets": 518215260, "accountsPayable": 25069760, "shortLongTermDebt": 17072980, "otherCurrentLiab": 28925380, "longTermDebt": 43990960, "otherLiab": 11304410, "minorityInterest": 118160, "totalCurrentLiabilities": 182209150, "totalLiab": 243239170, "commonStock": 146971300, "retainedEarnings": 92343970, "treasuryStock": -1010740, "capitalSurplus": 36553400, "otherStockholderEquity": -1010740, "totalStockholderEquity": 274857930, "netTangibleAssets": 274857930}, {"maxAge": 1, "endDate": "2019-03-31", "cash": 8649610, "shortTermInvestments": 8774080, "netReceivables": 92057920, "inventory": 173481620, "otherCurrentAssets": 7566930, "totalCurrentAssets": 291573750, "longTermInvestments": 727860, "propertyPlantEquipment": 167782200, "otherAssets": 16865760, "totalAssets": 476949570, "accountsPayable": 23593800, "shortLongTermDebt": 10644220, "otherCurrentLiab": 8986910, "longTermDebt": 14143700, "otherLiab": 13824030, "totalCurrentLiabilities": 178606320, "totalLiab": 206574050, "commonStock": 146971300, "retainedEarnings": 87392930, "treasuryStock": -542110, "capitalSurplus": 36553400, "otherStockholderEquity": -542110, "totalStockholderEquity": 270375520, "netTangibleAssets": 270375520}, {"maxAge": 1, "endDate": "2018-03-31", "cash": 2612580, "shortTermInvestments": 10331240, "netReceivables": 95757790, "inventory": 175032010, "otherCurrentAssets": 1401110, "totalCurrentAssets": 285481210, "longTermInvestments": 616180, "propertyPlantEquipment": 176486660, "otherAssets": 17671330, "totalAssets": 480255380, "accountsPayable": 30798760, "shortLongTermDebt": 10084320, "otherCurrentLiab": 5804570, "longTermDebt": 22662610, "otherLiab": 18550060, "totalCurrentLiabilities": 181246760, "totalLiab": 222459430, "commonStock": 146971300, "retainedEarnings": 74867990, "treasuryStock": -596740, "capitalSurplus": 36553400, "otherStockholderEquity": -596740, "totalStockholderEquity": 257795950, "netTangibleAssets": 257795950}, {"maxAge": 1, "endDate": "2017-03-31", "cash": 917630, "shortTermInvestments": 7204400, "netReceivables": 106255080, "inventory": 185699280, "otherCurrentAssets": 8828170, "totalCurrentAssets": 308991050, "longTermInvestments": 592830, "propertyPlantEquipment": 190079540, "otherAssets": 26612340, "totalAssets": 526275760, "accountsPayable": 48485210, "shortLongTermDebt": 14618970, "otherCurrentLiab": 5580400, "longTermDebt": 31393640, "otherLiab": 19393320, "totalCurrentLiabilities": 217473000, "totalLiab": 268259960, "commonStock": 146971300, "retainedEarnings": 75271810, "treasuryStock": -780710, "capitalSurplus": 36553400, "otherStockholderEquity": -780710, "totalStockholderEquity": 258015800, "netTangibleAssets": 258015800}], "maxAge": 86400}, "financialData": {"maxAge": 86400, "currentPrice": 9.29, "recommendationKey": "none", "grossProfits": 164908050, "financialCurrency": "INR"}}}