{"KSB.NS": {"assetProfile": {"address1": "Mumbai-Pune Road", "address2": "Pimpri", "city": "Pune", "zip": "411018", "country": "India", "phone": "91 20 2710 1000", "fax": "91 20 2742 6000", "website": "http://www.ksb.com/ksb-in/ksb-in-india/ksb-limited/", "industry": "Specialty Industrial Machinery", "sector": "Industrials", "longBusinessSummary": "KSB Limited manufactures and sells power driven pumps and industrial valves in India and internationally. The company operates through Pumps and Valves segments. The Pumps segment manufactures and trades in industrial pumps, submersible pumps, effluent treatment pumps, etc.; and offers related spares and services. The Valves segment manufactures and trades in industrial valves, and related spares and services. It also produces castings for captive consumption. The company was formerly known as KSB Pumps Limited and changed its name to KSB Limited in June 2018. KSB Limited was incorporated in 1960 and is headquartered in Pune, India.", "fullTimeEmployees": 1749, "companyOfficers": [{"maxAge": 1, "name": "Mr. Rajeev Jayantiprasad Jain", "age": 56, "title": "MD & Exec. Director", "yearBorn": 1964, "fiscalYear": 2020, "totalPay": 44287000, "exercisedValue": 0, "unexercisedValue": 0}, {"maxAge": 1, "name": "Mr. Milind  Khadilkar", "title": "Chief Financial Officer", "fiscalYear": 2017, "exercisedValue": 0, "unexercisedValue": 0}, {"maxAge": 1, "name": "Mr. Nandan B. Paranjape", "age": 66, "title": "Director of Operations", "yearBorn": 1954, "fiscalYear": 2009, "exercisedValue": 0, "unexercisedValue": 0}, {"maxAge": 1, "name": "Mr. Mahesh Gopal Bhave", "title": "Company Sec. & Compliance officer", "exercisedValue": 0, "unexercisedValue": 0}, {"maxAge": 1, "name": "Mr. Farrokh  Bhathena", "title": "Director of Sales & Marketing", "exercisedValue": 0, "unexercisedValue": 0}, {"maxAge": 1, "name": "Mr. Pradeep V. Watve", "age": 56, "title": "Head of Foundry Operations", "yearBorn": 1964, "exercisedValue": 0, "unexercisedValue": 0}, {"maxAge": 1, "name": "Mr. P. Puturjunan Ponnaiah B.E. (Mech)", "age": 70, "title": "Gen. Mang. of Operations for Valves", "yearBorn": 1950, "fiscalYear": 2009, "exercisedValue": 0, "unexercisedValue": 0}, {"maxAge": 1, "name": "Mr. P. S. Joshi", "age": 66, "title": "GM - Standard Pumps Dealer Bus. Devel. for India - Irrigation and Process Division (IPD)", "yearBorn": 1954, "fiscalYear": 2010, "exercisedValue": 0, "unexercisedValue": 0}, {"maxAge": 1, "name": "Mr. S. D. Dikshit B.Tech, MBA", "age": 71, "title": "Director of Sales & Marketing - Irrigation and Process Division", "yearBorn": 1949, "fiscalYear": 2011, "exercisedValue": 0, "unexercisedValue": 0}, {"maxAge": 1, "name": "Mr. Shirish K. Kulkarni", "age": 58, "title": "Director of Human Resource & Industrial Relations - Irrigation and Process Division (IPD)", "yearBorn": 1962, "fiscalYear": 2009, "exercisedValue": 0, "unexercisedValue": 0}], "compensationAsOfEpochDate": "2020-12-31 05:30:00", "maxAge": 86400}, "cashflowStatementHistory": {"cashflowStatements": [{"maxAge": 1, "endDate": "2020-12-31", "netIncome": 937840000, "depreciation": 407780000, "changeToNetincome": 83420000, "changeToAccountReceivables": 178060000, "changeToLiabilities": 215130000, "changeToInventory": -360320000, "changeToOperatingActivities": 242740000, "totalCashFromOperatingActivities": 1714570000, "capitalExpenditures": -497870000, "investments": -712580000, "otherCashflowsFromInvestingActivities": 202110000, "totalCashflowsFromInvestingActivities": -1005550000, "dividendsPaid": -278460000, "netBorrowings": -7200000, "otherCashflowsFromFinancingActivities": -32250000, "totalCashFromFinancingActivities": -317910000, "effectOfExchangeRate": -4380000, "changeInCash": 386730000}, {"maxAge": 1, "endDate": "2019-12-31", "netIncome": 1007330000, "depreciation": 404840000, "changeToNetincome": -206560000, "changeToAccountReceivables": -56940000, "changeToLiabilities": 257480000, "changeToInventory": -218200000, "changeToOperatingActivities": 821430000, "totalCashFromOperatingActivities": 2021370000, "capitalExpenditures": -586560000, "investments": -1132540000, "otherCashflowsFromInvestingActivities": 63060000, "totalCashflowsFromInvestingActivities": -1524840000, "dividendsPaid": -208850000, "netBorrowings": 265880000, "otherCashflowsFromFinancingActivities": -96050000, "totalCashFromFinancingActivities": -39020000, "effectOfExchangeRate": 2250000, "changeInCash": 459760000}, {"maxAge": 1, "endDate": "2018-12-31", "netIncome": 716070000, "depreciation": 386380000, "changeToNetincome": -206190000, "changeToAccountReceivables": -385570000, "changeToLiabilities": 456800000, "changeToInventory": -553860000, "changeToOperatingActivities": 351020000, "totalCashFromOperatingActivities": 774940000, "capitalExpenditures": -425440000, "investments": -510830000, "otherCashflowsFromInvestingActivities": 74390000, "totalCashflowsFromInvestingActivities": -855070000, "dividendsPaid": -210120000, "netBorrowings": 307920000, "otherCashflowsFromFinancingActivities": -80460000, "totalCashFromFinancingActivities": 17340000, "effectOfExchangeRate": 40000, "changeInCash": -62750000}, {"maxAge": 1, "endDate": "2017-12-31", "netIncome": 708850000, "depreciation": 301990000, "changeToNetincome": -283180000, "changeToAccountReceivables": -1021640000, "changeToLiabilities": 395320000, "changeToInventory": -357740000, "changeToOperatingActivities": -4590000, "totalCashFromOperatingActivities": -254200000, "capitalExpenditures": -818300000, "investments": 1058040000, "otherCashflowsFromInvestingActivities": 146970000, "totalCashflowsFromInvestingActivities": 388090000, "dividendsPaid": -189550000, "netBorrowings": 56470000, "otherCashflowsFromFinancingActivities": -74450000, "totalCashFromFinancingActivities": -207530000, "effectOfExchangeRate": 160000, "changeInCash": -73480000}], "maxAge": 86400}, "institutionOwnership": {"ownershipList": [], "maxAge": 1}, "majorHoldersBreakdown": {"maxAge": 1, "insidersPercentHeld": 0.69864, "institutionsPercentHeld": 0.13644, "institutionsFloatPercentHeld": 0.45275003, "institutionsCount": 14}, "balanceSheetHistoryQuarterly": {"balanceSheetStatements": [{"maxAge": 1, "endDate": "2021-03-31"}, {"maxAge": 1, "endDate": "2020-12-31", "cash": 870680000, "shortTermInvestments": 2696400000, "netReceivables": 2782560000, "inventory": 3608750000, "otherCurrentAssets": 941930000, "totalCurrentAssets": 10912460000, "longTermInvestments": 662320000, "propertyPlantEquipment": 3421450000, "intangibleAssets": 13710000, "otherAssets": 391920000, "deferredLongTermAssetCharges": 8930000, "totalAssets": 15401860000, "accountsPayable": 2627600000, "otherCurrentLiab": 1997810000, "otherLiab": 453510000, "totalCurrentLiabilities": 6033190000, "totalLiab": 6495680000, "commonStock": 348080000, "retainedEarnings": 8554650000, "treasuryStock": 250000, "capitalSurplus": 3200000, "otherStockholderEquity": 250000, "totalStockholderEquity": 8906180000, "netTangibleAssets": 8892470000}, {"maxAge": 1, "endDate": "2020-09-30", "totalStockholderEquity": 8460000000, "netTangibleAssets": 8445000000}, {"maxAge": 1, "endDate": "2020-06-30", "cash": 3346000000, "netReceivables": 2434000000, "inventory": 3454000000, "otherCurrentAssets": 517000000, "totalCurrentAssets": 9751000000, "longTermInvestments": 656000000, "propertyPlantEquipment": 3272000000, "intangibleAssets": 15000000, "otherAssets": 487000000, "totalAssets": 14181000000, "accountsPayable": 2491000000, "otherCurrentLiab": 2157000000, "otherLiab": 471000000, "totalCurrentLiabilities": 5250000000, "totalLiab": 5721000000, "commonStock": 348000000, "treasuryStock": 8112000000, "otherStockholderEquity": 8112000000, "totalStockholderEquity": 8460000000, "netTangibleAssets": 8445000000}], "maxAge": 86400}, "indexTrend": {"maxAge": 1, "symbol": "SP5", "peRatio": 19.7411, "pegRatio": 1.34172, "estimates": [{"period": "0q", "growth": 0.549}, {"period": "+1q", "growth": 0.431}, {"period": "0y", "growth": 0.305}, {"period": "+1y", "growth": 0.109}, {"period": "+5y", "growth": 0.120865}, {"period": "-5y"}]}, "defaultKeyStatistics": {"maxAge": 1, "priceHint": 2, "enterpriseValue": 31255703552, "profitMargins": 0.09553, "floatShares": 10266226, "sharesOutstanding": 34807800, "heldPercentInsiders": 0.69864, "heldPercentInstitutions": 0.13644, "category": null, "bookValue": 255.867, "priceToBook": 3.4566786, "fundFamily": null, "legalType": null, "lastFiscalYearEnd": "2020-12-31 05:30:00", "nextFiscalYearEnd": "2022-12-31 05:30:00", "mostRecentQuarter": "2021-03-31 05:30:00", "earningsQuarterlyGrowth": 3.028, "netIncomeToCommon": 1267840000, "trailingEps": 36.456, "lastSplitFactor": "2:1", "lastSplitDate": "2011-04-18 05:30:00", "enterpriseToRevenue": 2.355, "enterpriseToEbitda": 15.438}, "summaryProfile": {"address1": "Mumbai-Pune Road", "address2": "Pimpri", "city": "Pune", "zip": "411018", "country": "India", "phone": "91 20 2710 1000", "fax": "91 20 2742 6000", "website": "http://www.ksb.com/ksb-in/ksb-in-india/ksb-limited/", "industry": "Specialty Industrial Machinery", "sector": "Industrials", "longBusinessSummary": "KSB Limited manufactures and sells power driven pumps and industrial valves in India and internationally. The company operates through Pumps and Valves segments. The Pumps segment manufactures and trades in industrial pumps, submersible pumps, effluent treatment pumps, etc.; and offers related spares and services. The Valves segment manufactures and trades in industrial valves, and related spares and services. It also produces castings for captive consumption. The company was formerly known as KSB Pumps Limited and changed its name to KSB Limited in June 2018. KSB Limited was incorporated in 1960 and is headquartered in Pune, India.", "fullTimeEmployees": 1749, "companyOfficers": [], "maxAge": 86400}, "netSharePurchaseActivity": {"maxAge": 1, "period": "6m", "buyInfoCount": 0, "buyInfoShares": 0, "sellInfoCount": 0, "netInfoCount": 0, "netInfoShares": 0, "netPercentInsiderShares": 0.0, "totalInsiderShares": 24318152}, "insiderTransactions": {"transactions": [{"maxAge": 1, "shares": 100000, "value": 1113790, "filerUrl": "", "transactionText": "Acquisition at price 11.14 per share.", "filerName": "Industrial & Prudential Investment Company Ltd", "filerRelation": "Promoter", "moneyText": "", "startDate": "2021-03-23", "ownership": "D"}], "maxAge": 1}, "quoteType": {"exchange": "NSI", "quoteType": "EQUITY", "symbol": "KSB.NS", "underlyingSymbol": "KSB.NS", "shortName": "KSB LTD", "longName": "KSB Limited", "firstTradeDateEpochUtc": "2002-07-01 09:15:00", "timeZoneFullName": "Asia/Kolkata", "timeZoneShortName": "IST", "uuid": "59ae269b-f3d2-35e5-9985-18a85966aad9", "gmtOffSetMilliseconds": 19800000, "maxAge": 1}, "incomeStatementHistory": {"incomeStatementHistory": [{"maxAge": 1, "endDate": "2020-12-31", "totalRevenue": 12081150000, "costOfRevenue": 6289560000, "grossProfit": 5791590000, "researchDevelopment": {}, "sellingGeneralAdministrative": 1947940000, "nonRecurring": {}, "otherOperatingExpenses": 2173280000, "totalOperatingExpenses": 10828480000, "operatingIncome": 1252670000, "totalOtherIncomeExpenseNet": 316900000, "ebit": 1252670000, "interestExpense": -18000000, "incomeBeforeTax": 1569570000, "incomeTaxExpense": 631730000, "minorityInterest": {}, "netIncomeFromContinuingOps": 937840000, "discontinuedOperations": {}, "extraordinaryItems": {}, "effectOfAccountingCharges": {}, "otherItems": {}, "netIncome": 937840000, "netIncomeApplicableToCommonShares": 937840000}, {"maxAge": 1, "endDate": "2019-12-31", "totalRevenue": 12939080000, "costOfRevenue": 7069760000, "grossProfit": 5869320000, "researchDevelopment": {}, "sellingGeneralAdministrative": 1870620000, "nonRecurring": {}, "otherOperatingExpenses": 2495250000, "totalOperatingExpenses": 11852460000, "operatingIncome": 1086620000, "totalOtherIncomeExpenseNet": 318270000, "ebit": 1086620000, "interestExpense": -39230000, "incomeBeforeTax": 1404890000, "incomeTaxExpense": 397560000, "minorityInterest": {}, "netIncomeFromContinuingOps": 1007330000, "discontinuedOperations": {}, "extraordinaryItems": {}, "effectOfAccountingCharges": {}, "otherItems": {}, "netIncome": 1007330000, "netIncomeApplicableToCommonShares": 1007330000}, {"maxAge": 1, "endDate": "2018-12-31", "totalRevenue": 10930660000, "costOfRevenue": 5851340000, "grossProfit": 5079320000, "researchDevelopment": {}, "sellingGeneralAdministrative": 1621080000, "nonRecurring": {}, "otherOperatingExpenses": 2171480000, "totalOperatingExpenses": 10037760000, "operatingIncome": 892900000, "totalOtherIncomeExpenseNet": 199760000, "ebit": 892900000, "interestExpense": -21500000, "incomeBeforeTax": 1092660000, "incomeTaxExpense": 376590000, "minorityInterest": {}, "netIncomeFromContinuingOps": 716070000, "discontinuedOperations": {}, "extraordinaryItems": {}, "effectOfAccountingCharges": {}, "otherItems": {}, "netIncome": 716070000, "netIncomeApplicableToCommonShares": 716070000}, {"maxAge": 1, "endDate": "2017-12-31", "totalRevenue": 9443370000, "costOfRevenue": 4839050000, "grossProfit": 4604320000, "researchDevelopment": {}, "sellingGeneralAdministrative": 1529520000, "nonRecurring": {}, "otherOperatingExpenses": 2015300000, "totalOperatingExpenses": 8689840000, "operatingIncome": 753530000, "totalOtherIncomeExpenseNet": 325800000, "ebit": 753530000, "interestExpense": -19410000, "incomeBeforeTax": 1079330000, "incomeTaxExpense": 370480000, "minorityInterest": {}, "netIncomeFromContinuingOps": 708850000, "discontinuedOperations": {}, "extraordinaryItems": {}, "effectOfAccountingCharges": {}, "otherItems": {}, "netIncome": 708850000, "netIncomeApplicableToCommonShares": 708850000}], "maxAge": 86400}, "fundOwnership": {"ownershipList": [{"maxAge": 1, "reportDate": "2021-01-31", "organization": "DFA Emerging Markets Small Cap Series", "pctHeld": 0.0011999999, "position": 40851, "value": 25766768}, {"maxAge": 1, "reportDate": "2021-01-31", "organization": "DFA Emerging Markets Core Equity Portfolio", "pctHeld": 0.00059999997, "position": 21628, "value": 13641861}, {"maxAge": 1, "reportDate": "2021-01-31", "organization": "DFA Investment Dimensions-World Ex U.S. Core Equity Port", "pctHeld": 0.0001, "position": 3391, "value": 2138873}], "maxAge": 1}, "summaryDetail": {"maxAge": 1, "priceHint": 2, "previousClose": 897.95, "open": 889.8, "dayLow": 874.0, "dayHigh": 901.85, "regularMarketPreviousClose": 897.95, "regularMarketOpen": 889.8, "regularMarketDayLow": 874.0, "regularMarketDayHigh": 901.85, "dividendRate": 8.5, "dividendYield": 0.0095, "exDividendDate": "2021-04-15 05:30:00", "payoutRatio": 0.29700002, "fiveYearAvgDividendYield": 0.95, "trailingPE": 24.260752, "volume": 68579, "regularMarketVolume": 68579, "averageVolume": 55453, "averageVolume10days": 46553, "averageDailyVolume10Day": 46553, "bid": 0.0, "ask": 0.0, "bidSize": 0, "askSize": 0, "marketCap": 30765240320, "fiftyTwoWeekLow": 415.0, "fiftyTwoWeekHigh": 913.55, "priceToSalesTrailing12Months": 2.3182046, "fiftyDayAverage": 779.3206, "twoHundredDayAverage": 614.9351, "trailingAnnualDividendRate": 8.5, "trailingAnnualDividendYield": 0.0094660055, "currency": "INR", "fromCurrency": null, "lastMarket": null, "algorithm": null, "tradeable": false}, "incomeStatementHistoryQuarterly": {"incomeStatementHistory": [{"maxAge": 1, "endDate": "2021-03-31", "totalRevenue": 3888000000, "costOfRevenue": 1891000000, "grossProfit": 1997000000, "researchDevelopment": {}, "sellingGeneralAdministrative": 520000000, "nonRecurring": {}, "otherOperatingExpenses": 785000000, "totalOperatingExpenses": 3304000000, "operatingIncome": 584000000, "totalOtherIncomeExpenseNet": 10000000, "ebit": 584000000, "interestExpense": -9000000, "incomeBeforeTax": 594000000, "incomeTaxExpense": 155000000, "minorityInterest": {}, "netIncomeFromContinuingOps": 439000000, "discontinuedOperations": {}, "extraordinaryItems": {}, "effectOfAccountingCharges": {}, "otherItems": {}, "netIncome": 439000000, "netIncomeApplicableToCommonShares": 439000000}, {"maxAge": 1, "endDate": "2020-12-31", "totalRevenue": 3699150000, "costOfRevenue": 1786560000, "grossProfit": 1912590000, "researchDevelopment": {}, "sellingGeneralAdministrative": 545940000, "nonRecurring": {}, "otherOperatingExpenses": 621280000, "totalOperatingExpenses": 3070480000, "operatingIncome": 628670000, "totalOtherIncomeExpenseNet": 51900000, "ebit": 628670000, "interestExpense": -9000000, "incomeBeforeTax": 680570000, "incomeTaxExpense": 360730000, "minorityInterest": {}, "netIncomeFromContinuingOps": 319840000, "discontinuedOperations": {}, "extraordinaryItems": {}, "effectOfAccountingCharges": {}, "otherItems": {}, "netIncome": 319840000, "netIncomeApplicableToCommonShares": 319840000}, {"maxAge": 1, "endDate": "2020-09-30", "totalRevenue": 3623000000, "costOfRevenue": 1942000000, "grossProfit": 1681000000, "researchDevelopment": {}, "sellingGeneralAdministrative": 477000000, "nonRecurring": {}, "otherOperatingExpenses": 595000000, "totalOperatingExpenses": 3117000000, "operatingIncome": 506000000, "totalOtherIncomeExpenseNet": 73000000, "ebit": 506000000, "interestExpense": -10000000, "incomeBeforeTax": 579000000, "incomeTaxExpense": 152000000, "minorityInterest": {}, "netIncomeFromContinuingOps": 427000000, "discontinuedOperations": {}, "extraordinaryItems": {}, "effectOfAccountingCharges": {}, "otherItems": {}, "netIncome": 427000000, "netIncomeApplicableToCommonShares": 427000000}, {"maxAge": 1, "endDate": "2020-06-30", "totalRevenue": 2189000000, "costOfRevenue": 1253000000, "grossProfit": 936000000, "researchDevelopment": {}, "sellingGeneralAdministrative": 450000000, "nonRecurring": {}, "otherOperatingExpenses": 350000000, "totalOperatingExpenses": 2152000000, "operatingIncome": 37000000, "totalOtherIncomeExpenseNet": 66000000, "ebit": 37000000, "interestExpense": -9000000, "incomeBeforeTax": 103000000, "incomeTaxExpense": 21000000, "minorityInterest": {}, "netIncomeFromContinuingOps": 82000000, "discontinuedOperations": {}, "extraordinaryItems": {}, "effectOfAccountingCharges": {}, "otherItems": {}, "netIncome": 82000000, "netIncomeApplicableToCommonShares": 82000000}], "maxAge": 86400}, "cashflowStatementHistoryQuarterly": {"cashflowStatements": [{"maxAge": 1, "endDate": "2021-03-31", "netIncome": 439000000, "changeToLiabilities": 0}, {"maxAge": 1, "endDate": "2020-12-31", "netIncome": 319840000, "changeToLiabilities": 0}, {"maxAge": 1, "endDate": "2020-09-30", "netIncome": 427000000, "changeToLiabilities": 0}, {"maxAge": 1, "endDate": "2020-06-30", "netIncome": 82000000, "changeToLiabilities": 0}], "maxAge": 86400}, "insiderHolders": {"holders": [{"maxAge": 1, "name": "Industrial & Prudential Investment Company Ltd", "relation": "Promoter", "url": "", "transactionDescription": "Acquisition", "latestTransDate": "2021-03-23", "positionDirect": 7240000, "positionDirectDate": "2021-03-23"}], "maxAge": 1}, "calendarEvents": {"maxAge": 1, "earnings": {"earningsDate": []}, "exDividendDate": "2021-04-15 05:30:00"}, "upgradeDowngradeHistory": {"history": [], "maxAge": 86400}, "price": {"maxAge": 1, "regularMarketChangePercent": -0.015034244, "regularMarketChange": -13.5, "regularMarketTime": "2021-04-30 15:30:00", "priceHint": 2, "regularMarketPrice": 884.45, "regularMarketDayHigh": 901.85, "regularMarketDayLow": 874.0, "regularMarketVolume": 68579, "averageDailyVolume10Day": 46553, "averageDailyVolume3Month": 55453, "regularMarketPreviousClose": 897.95, "regularMarketSource": "FREE_REALTIME", "regularMarketOpen": 889.8, "exchange": "NSI", "exchangeName": "NSE", "exchangeDataDelayedBy": 15, "marketState": "CLOSED", "quoteType": "EQUITY", "symbol": "KSB.NS", "underlyingSymbol": null, "shortName": "KSB LTD", "longName": "KSB Limited", "currency": "INR", "quoteSourceName": "Delayed Quote", "currencySymbol": "\u20b9", "fromCurrency": null, "lastMarket": null, "marketCap": 30765240320}, "balanceSheetHistory": {"balanceSheetStatements": [{"maxAge": 1, "endDate": "2020-12-31", "cash": 870680000, "shortTermInvestments": 2696400000, "netReceivables": 2782560000, "inventory": 3608750000, "otherCurrentAssets": 941930000, "totalCurrentAssets": 10912460000, "longTermInvestments": 662320000, "propertyPlantEquipment": 3421450000, "intangibleAssets": 13710000, "otherAssets": 391920000, "deferredLongTermAssetCharges": 8930000, "totalAssets": 15401860000, "accountsPayable": 2627600000, "otherCurrentLiab": 1997810000, "otherLiab": 453510000, "totalCurrentLiabilities": 6033190000, "totalLiab": 6495680000, "commonStock": 348080000, "retainedEarnings": 8554650000, "treasuryStock": 250000, "capitalSurplus": 3200000, "otherStockholderEquity": 250000, "totalStockholderEquity": 8906180000, "netTangibleAssets": 8892470000}, {"maxAge": 1, "endDate": "2019-12-31", "cash": 483950000, "shortTermInvestments": 1981320000, "netReceivables": 3088970000, "inventory": 3248430000, "otherCurrentAssets": 1061300000, "totalCurrentAssets": 9870690000, "longTermInvestments": 644140000, "propertyPlantEquipment": 3401640000, "intangibleAssets": 16110000, "otherAssets": 425290000, "deferredLongTermAssetCharges": 15800000, "totalAssets": 14357870000, "accountsPayable": 2422840000, "otherCurrentLiab": 1913510000, "otherLiab": 424400000, "totalCurrentLiabilities": 5646800000, "totalLiab": 6071200000, "commonStock": 348080000, "retainedEarnings": 7935140000, "treasuryStock": 250000, "capitalSurplus": 3200000, "otherStockholderEquity": 250000, "totalStockholderEquity": 8286670000, "netTangibleAssets": 8270560000}, {"maxAge": 1, "endDate": "2018-12-31", "cash": 124330000, "shortTermInvestments": 785340000, "netReceivables": 2959220000, "inventory": 3030230000, "otherCurrentAssets": 1156740000, "totalCurrentAssets": 8062720000, "longTermInvestments": 597720000, "propertyPlantEquipment": 3233320000, "intangibleAssets": 18660000, "otherAssets": 587080000, "deferredLongTermAssetCharges": 65840000, "totalAssets": 12499500000, "accountsPayable": 2177090000, "otherCurrentLiab": 1396020000, "otherLiab": 365790000, "totalCurrentLiabilities": 4556070000, "totalLiab": 4921860000, "commonStock": 348080000, "retainedEarnings": 7226110000, "treasuryStock": 250000, "capitalSurplus": 3200000, "otherStockholderEquity": 250000, "totalStockholderEquity": 7577640000, "netTangibleAssets": 7558980000}, {"maxAge": 1, "endDate": "2017-12-31", "cash": 187080000, "shortTermInvestments": 356080000, "netReceivables": 2598470000, "inventory": 2476370000, "otherCurrentAssets": 732320000, "totalCurrentAssets": 6356250000, "longTermInvestments": 578050000, "propertyPlantEquipment": 3104420000, "intangibleAssets": 18490000, "otherAssets": 714640000, "deferredLongTermAssetCharges": 83610000, "totalAssets": 10771850000, "accountsPayable": 1777630000, "otherCurrentLiab": 866310000, "otherLiab": 373350000, "totalCurrentLiabilities": 3294310000, "totalLiab": 3667660000, "commonStock": 348080000, "retainedEarnings": 6752660000, "treasuryStock": 250000, "capitalSurplus": 3200000, "otherStockholderEquity": 250000, "totalStockholderEquity": 7104190000, "netTangibleAssets": 7085700000}], "maxAge": 86400}, "financialData": {"maxAge": 86400, "currentPrice": 884.45, "recommendationKey": "none", "ebitda": 2024584960, "totalRevenue": 13271149568, "debtToEquity": 6.914, "revenuePerShare": 381.604, "grossProfits": 5791590000, "earningsGrowth": 3.042, "revenueGrowth": 0.513, "grossMargins": 0.48214, "ebitdaMargins": 0.15255, "operatingMargins": 0.122650005, "profitMargins": 0.09553, "financialCurrency": "INR"}}}