{"KSE.BO": {"recommendationTrend": {"trend": [{"period": "0m", "strongBuy": 0, "buy": 0, "hold": 0, "sell": 0, "strongSell": 0}, {"period": "-1m", "strongBuy": 0, "buy": 0, "hold": 0, "sell": 0, "strongSell": 0}, {"period": "-2m", "strongBuy": 0, "buy": 0, "hold": 0, "sell": 0, "strongSell": 0}, {"period": "-3m", "strongBuy": 0, "buy": 0, "hold": 0, "sell": 0, "strongSell": 0}], "maxAge": 86400}, "cashflowStatementHistory": {"cashflowStatements": [{"maxAge": 1, "endDate": "2020-03-31", "netIncome": 188990000, "depreciation": 28070000, "changeToNetincome": 27834000, "changeToAccountReceivables": -32676000, "changeToLiabilities": 81708000, "changeToInventory": 52631000, "totalCashFromOperatingActivities": 346557000, "capitalExpenditures": -18193000, "investments": -218221000, "otherCashflowsFromInvestingActivities": 132579000, "totalCashflowsFromInvestingActivities": -103235000, "dividendsPaid": -59954000, "netBorrowings": -279653000, "otherCashflowsFromFinancingActivities": -11440000, "totalCashFromFinancingActivities": -351047000, "changeInCash": -107725000}, {"maxAge": 1, "endDate": "2019-03-31", "netIncome": 94261000, "depreciation": 33310000, "changeToNetincome": -147978000, "changeToAccountReceivables": -19493000, "changeToLiabilities": -115126000, "changeToInventory": 28928000, "totalCashFromOperatingActivities": -125992000, "capitalExpenditures": -22941000, "investments": 446075000, "otherCashflowsFromInvestingActivities": -53365000, "totalCashflowsFromInvestingActivities": 370730000, "dividendsPaid": -229895000, "netBorrowings": -10721000, "otherCashflowsFromFinancingActivities": -17635000, "totalCashFromFinancingActivities": -258251000, "changeInCash": -13513000}, {"maxAge": 1, "endDate": "2018-03-31", "netIncome": 696271000, "depreciation": 35189000, "changeToNetincome": 7838000, "changeToAccountReceivables": -8483000, "changeToLiabilities": 76436000, "changeToInventory": -161989000, "totalCashFromOperatingActivities": 645300000, "capitalExpenditures": -24086000, "investments": -448937000, "otherCashflowsFromInvestingActivities": -60722000, "totalCashflowsFromInvestingActivities": -531878000, "dividendsPaid": -116640000, "netBorrowings": 45678000, "otherCashflowsFromFinancingActivities": -9381000, "totalCashFromFinancingActivities": -80343000, "changeInCash": 33079000}, {"maxAge": 1, "endDate": "2017-03-31", "netIncome": 163602000, "depreciation": 32607000, "changeToNetincome": 15059000, "changeToAccountReceivables": -3733000, "changeToLiabilities": 43376000, "changeToInventory": -13228000, "totalCashFromOperatingActivities": 237882000, "capitalExpenditures": -70950000, "investments": -342810000, "otherCashflowsFromInvestingActivities": 1020000, "totalCashflowsFromInvestingActivities": -412728000, "dividendsPaid": -76046000, "netBorrowings": 279744000, "otherCashflowsFromFinancingActivities": -19162000, "totalCashFromFinancingActivities": 184536000, "changeInCash": 9690000}], "maxAge": 86400}, "institutionOwnership": {"ownershipList": [], "maxAge": 1}, "balanceSheetHistoryQuarterly": {"balanceSheetStatements": [{"maxAge": 1, "endDate": "2020-06-30"}, {"maxAge": 1, "endDate": "2020-03-31", "cash": 22100000, "shortTermInvestments": 655964000, "netReceivables": 21303000, "inventory": 823630000, "otherCurrentAssets": 106133000, "totalCurrentAssets": 1629130000, "longTermInvestments": 880000, "propertyPlantEquipment": 253659000, "intangibleAssets": 616000, "otherAssets": 14397000, "totalAssets": 1898682000, "accountsPayable": 70762000, "otherCurrentLiab": 281916000, "longTermDebt": 89151000, "otherLiab": 2184000, "totalCurrentLiabilities": 387006000, "totalLiab": 478341000, "commonStock": 32000000, "treasuryStock": 1388341000, "otherStockholderEquity": 1388341000, "totalStockholderEquity": 1420341000, "netTangibleAssets": 1419725000}, {"maxAge": 1, "endDate": "2019-12-31", "totalStockholderEquity": 1142893000, "netTangibleAssets": 1142537000}, {"maxAge": 1, "endDate": "2019-09-30", "cash": 189523000, "shortTermInvestments": 96435000, "netReceivables": 17077000, "inventory": 1122090000, "otherCurrentAssets": 121014000, "totalCurrentAssets": 1546139000, "longTermInvestments": 1034000, "propertyPlantEquipment": 253687000, "intangibleAssets": 356000, "otherAssets": 44385000, "deferredLongTermAssetCharges": 32376000, "totalAssets": 1845601000, "accountsPayable": 175564000, "otherCurrentLiab": 200756000, "longTermDebt": 79384000, "totalCurrentLiabilities": 623324000, "totalLiab": 702708000, "commonStock": 32000000, "treasuryStock": 1110893000, "otherStockholderEquity": 1110893000, "totalStockholderEquity": 1142893000, "netTangibleAssets": 1142537000}], "maxAge": 86400}, "earningsHistory": {"history": [{"maxAge": 1, "epsActual": {}, "epsEstimate": {}, "epsDifference": {}, "surprisePercent": {}, "quarter": {}, "period": "-4q"}, {"maxAge": 1, "epsActual": {}, "epsEstimate": {}, "epsDifference": {}, "surprisePercent": {}, "quarter": {}, "period": "-3q"}, {"maxAge": 1, "epsActual": {}, "epsEstimate": {}, "epsDifference": {}, "surprisePercent": {}, "quarter": {}, "period": "-2q"}, {"maxAge": 1, "epsActual": {}, "epsEstimate": {}, "epsDifference": {}, "surprisePercent": {}, "quarter": {}, "period": "-1q"}], "maxAge": 86400}, "indexTrend": {"maxAge": 1, "symbol": "SP5", "peRatio": 19.7411, "pegRatio": 1.34172, "estimates": [{"period": "0q", "growth": 0.549}, {"period": "+1q", "growth": 0.431}, {"period": "0y", "growth": 0.305}, {"period": "+1y", "growth": 0.109}, {"period": "+5y", "growth": 0.120859005}, {"period": "-5y"}]}, "industryTrend": {"maxAge": 1, "symbol": null, "estimates": []}, "insiderTransactions": {"transactions": [{"maxAge": 1, "shares": 5000, "filerUrl": "", "transactionText": "", "filerName": "Kumar (Anil K C)", "filerRelation": "Promoter", "moneyText": "", "startDate": "2017-02-15", "ownership": "D"}, {"maxAge": 1, "shares": 15005, "filerUrl": "", "transactionText": "", "filerName": "Kumar (Anil K C)", "filerRelation": "Promoter", "moneyText": "", "startDate": "2017-02-15", "ownership": "D"}, {"maxAge": 1, "shares": 4995, "filerUrl": "", "transactionText": "", "filerName": "Kumar (Anil K C)", "filerRelation": "Promoter", "moneyText": "", "startDate": "2017-02-08", "ownership": "D"}], "maxAge": 1}, "quoteType": {"exchange": "BSE", "quoteType": "EQUITY", "symbol": "KSE.BO", "underlyingSymbol": "KSE.BO", "shortName": "KSE LTD.", "longName": "KSE Limited", "firstTradeDateEpochUtc": "2000-01-03 09:15:00", "timeZoneFullName": "Asia/Kolkata", "timeZoneShortName": "IST", "uuid": "c2b8a90a-6741-3ec2-9dc7-70ada0854a3f", "gmtOffSetMilliseconds": 19800000, "maxAge": 1}, "incomeStatementHistory": {"incomeStatementHistory": [{"maxAge": 1, "endDate": "2020-03-31", "totalRevenue": 14285182000, "costOfRevenue": 12578852000, "grossProfit": 1706330000, "researchDevelopment": {}, "sellingGeneralAdministrative": 532813000, "nonRecurring": {}, "otherOperatingExpenses": 911547000, "totalOperatingExpenses": 14051282000, "operatingIncome": 233900000, "totalOtherIncomeExpenseNet": 26907000, "ebit": 233900000, "interestExpense": -15271000, "incomeBeforeTax": 260807000, "incomeTaxExpense": 71817000, "minorityInterest": {}, "netIncomeFromContinuingOps": 188990000, "discontinuedOperations": {}, "extraordinaryItems": {}, "effectOfAccountingCharges": {}, "otherItems": {}, "netIncome": 188990000, "netIncomeApplicableToCommonShares": 188990000}, {"maxAge": 1, "endDate": "2019-03-31", "totalRevenue": 12102371000, "costOfRevenue": 10565243000, "grossProfit": 1537128000, "researchDevelopment": {}, "sellingGeneralAdministrative": 511338000, "nonRecurring": {}, "otherOperatingExpenses": 884399000, "totalOperatingExpenses": 11994276000, "operatingIncome": 108095000, "totalOtherIncomeExpenseNet": 38190000, "ebit": 108095000, "interestExpense": -13032000, "incomeBeforeTax": 146285000, "incomeTaxExpense": 52024000, "minorityInterest": {}, "netIncomeFromContinuingOps": 94261000, "discontinuedOperations": {}, "extraordinaryItems": {}, "effectOfAccountingCharges": {}, "otherItems": {}, "netIncome": 94261000, "netIncomeApplicableToCommonShares": 94261000}, {"maxAge": 1, "endDate": "2018-03-31", "totalRevenue": 13049029000, "costOfRevenue": 10719310000, "grossProfit": 2329719000, "researchDevelopment": {}, "sellingGeneralAdministrative": 494363000, "nonRecurring": {}, "otherOperatingExpenses": 745138000, "totalOperatingExpenses": 11993918000, "operatingIncome": 1055111000, "totalOtherIncomeExpenseNet": 31393000, "ebit": 1055111000, "interestExpense": -11964000, "incomeBeforeTax": 1086504000, "incomeTaxExpense": 390233000, "minorityInterest": {}, "netIncomeFromContinuingOps": 696271000, "discontinuedOperations": {}, "extraordinaryItems": {}, "effectOfAccountingCharges": {}, "otherItems": {}, "netIncome": 696271000, "netIncomeApplicableToCommonShares": 696271000}, {"maxAge": 1, "endDate": "2017-03-31", "totalRevenue": 10472453000, "costOfRevenue": 9044200000, "grossProfit": 1428253000, "researchDevelopment": {}, "sellingGeneralAdministrative": 429897000, "nonRecurring": {}, "otherOperatingExpenses": 704667000, "totalOperatingExpenses": 10212059000, "operatingIncome": 260394000, "totalOtherIncomeExpenseNet": -1553000, "ebit": 260394000, "interestExpense": -20128000, "incomeBeforeTax": 258841000, "incomeTaxExpense": 95239000, "minorityInterest": {}, "netIncomeFromContinuingOps": 163602000, "discontinuedOperations": {}, "extraordinaryItems": {}, "effectOfAccountingCharges": {}, "otherItems": {}, "netIncome": 163602000, "netIncomeApplicableToCommonShares": 163602000}], "maxAge": 86400}, "fundOwnership": {"ownershipList": [], "maxAge": 1}, "summaryDetail": {"maxAge": 1, "priceHint": 2, "previousClose": 2114.55, "open": 2135.0, "dayLow": 2110.0, "dayHigh": 2149.65, "regularMarketPreviousClose": 2114.55, "regularMarketOpen": 2135.0, "regularMarketDayLow": 2110.0, "regularMarketDayHigh": 2149.65, "trailingPE": 11.7411, "volume": 175, "regularMarketVolume": 175, "averageVolume": 904, "averageVolume10days": 785, "averageDailyVolume10Day": 785, "bid": 2125.1, "ask": 2130.0, "bidSize": 0, "askSize": 0, "marketCap": 6816000000, "fiftyTwoWeekLow": 870.0, "fiftyTwoWeekHigh": 2432.45, "fiftyDayAverage": 2095.1045, "twoHundredDayAverage": 1968.201, "trailingAnnualDividendRate": 20.0, "trailingAnnualDividendYield": 0.009458277, "currency": "INR", "fromCurrency": null, "lastMarket": null, "algorithm": null, "tradeable": false}, "sectorTrend": {"maxAge": 1, "symbol": null, "estimates": []}, "incomeStatementHistoryQuarterly": {"incomeStatementHistory": [{"maxAge": 1, "endDate": "2020-06-30", "totalRevenue": 3793962000, "costOfRevenue": 3054378000, "grossProfit": 739584000, "researchDevelopment": {}, "sellingGeneralAdministrative": 141437000, "nonRecurring": {}, "otherOperatingExpenses": 237513000, "totalOperatingExpenses": 3439234000, "operatingIncome": 354728000, "totalOtherIncomeExpenseNet": -3353000, "ebit": 354728000, "interestExpense": -3353000, "incomeBeforeTax": 351375000, "incomeTaxExpense": 86093000, "minorityInterest": {}, "netIncomeFromContinuingOps": 265282000, "discontinuedOperations": {}, "extraordinaryItems": {}, "effectOfAccountingCharges": {}, "otherItems": {}, "netIncome": 265282000, "netIncomeApplicableToCommonShares": 265282000}, {"maxAge": 1, "endDate": "2020-03-31", "totalRevenue": 3783727000, "costOfRevenue": 3155151000, "grossProfit": 628576000, "researchDevelopment": {}, "sellingGeneralAdministrative": 131173000, "nonRecurring": {}, "otherOperatingExpenses": 242469000, "totalOperatingExpenses": 3535991000, "operatingIncome": 247736000, "totalOtherIncomeExpenseNet": 11791000, "ebit": 247736000, "interestExpense": -3240000, "incomeBeforeTax": 259527000, "incomeTaxExpense": 73426000, "minorityInterest": {}, "netIncomeFromContinuingOps": 186101000, "discontinuedOperations": {}, "extraordinaryItems": {}, "effectOfAccountingCharges": {}, "otherItems": {}, "netIncome": 186101000, "netIncomeApplicableToCommonShares": 186101000}, {"maxAge": 1, "endDate": "2019-12-31", "totalRevenue": 3547558000, "costOfRevenue": 3070787000, "grossProfit": 476771000, "researchDevelopment": {}, "sellingGeneralAdministrative": 137928000, "nonRecurring": {}, "otherOperatingExpenses": 219203000, "totalOperatingExpenses": 3434944000, "operatingIncome": 112614000, "totalOtherIncomeExpenseNet": 4913000, "ebit": 112614000, "interestExpense": -3212000, "incomeBeforeTax": 117527000, "incomeTaxExpense": 28397000, "minorityInterest": {}, "netIncomeFromContinuingOps": 89130000, "discontinuedOperations": {}, "extraordinaryItems": {}, "effectOfAccountingCharges": {}, "otherItems": {}, "netIncome": 89130000, "netIncomeApplicableToCommonShares": 89130000}, {"maxAge": 1, "endDate": "2019-09-30", "totalRevenue": 3545377000, "costOfRevenue": 3111999000, "grossProfit": 433378000, "researchDevelopment": {}, "sellingGeneralAdministrative": 129877000, "nonRecurring": {}, "otherOperatingExpenses": 222445000, "totalOperatingExpenses": 3471332000, "operatingIncome": 74045000, "totalOtherIncomeExpenseNet": 3543000, "ebit": 74045000, "interestExpense": -5139000, "incomeBeforeTax": 77588000, "incomeTaxExpense": 37569000, "minorityInterest": {}, "netIncomeFromContinuingOps": 40019000, "discontinuedOperations": {}, "extraordinaryItems": {}, "effectOfAccountingCharges": {}, "otherItems": {}, "netIncome": 40019000, "netIncomeApplicableToCommonShares": 40019000}], "maxAge": 86400}, "cashflowStatementHistoryQuarterly": {"cashflowStatements": [{"maxAge": 1, "endDate": "2020-06-30", "netIncome": 265282000, "changeToLiabilities": 0}, {"maxAge": 1, "endDate": "2020-03-31", "netIncome": 186101000, "changeToLiabilities": 0}, {"maxAge": 1, "endDate": "2019-12-31", "netIncome": 89130000, "changeToLiabilities": 0}, {"maxAge": 1, "endDate": "2019-09-30", "netIncome": 40019000, "changeToLiabilities": 0}], "maxAge": 86400}, "insiderHolders": {"holders": [{"maxAge": 1, "name": "Kumar (Anil K C)", "relation": "Promoter", "url": "", "transactionDescription": "Sale", "latestTransDate": "2017-02-15", "positionDirect": 5100, "positionDirectDate": "2017-02-15"}], "maxAge": 1}, "earnings": {"maxAge": 86400, "earningsChart": {"quarterly": [], "earningsDate": ["2020-09-15 05:30:S"]}, "financialsChart": {"yearly": [{"date": 2017, "revenue": 10472453000, "earnings": 163602000}, {"date": 2018, "revenue": 13049029000, "earnings": 696271000}, {"date": 2019, "revenue": 12102371000, "earnings": 94261000}, {"date": 2020, "revenue": 14285182000, "earnings": 188990000}], "quarterly": [{"date": "3Q2019", "revenue": 3545377000, "earnings": 40019000}, {"date": "4Q2019", "revenue": 3547558000, "earnings": 89130000}, {"date": "1Q2020", "revenue": 3783727000, "earnings": 186101000}, {"date": "2Q2020", "revenue": 3793962000, "earnings": 265282000}]}, "financialCurrency": "INR"}, "calendarEvents": {"maxAge": 1, "earnings": {"earningsDate": ["2020-09-15 05:30:S"], "revenueAverage": 6971770000, "revenueLow": 6795000000, "revenueHigh": 6795000000}}, "upgradeDowngradeHistory": {"history": [], "maxAge": 86400}, "price": {"maxAge": 1, "regularMarketChangePercent": 0.0073064957, "regularMarketChange": 15.449951, "regularMarketTime": "2021-04-30 15:14:50", "priceHint": 2, "regularMarketPrice": 2130.0, "regularMarketDayHigh": 2149.65, "regularMarketDayLow": 2110.0, "regularMarketVolume": 175, "averageDailyVolume10Day": 785, "averageDailyVolume3Month": 904, "regularMarketPreviousClose": 2114.55, "regularMarketSource": "FREE_REALTIME", "regularMarketOpen": 2135.0, "exchange": "BSE", "exchangeName": "BSE", "exchangeDataDelayedBy": 0, "marketState": "CLOSED", "quoteType": "EQUITY", "symbol": "KSE.BO", "underlyingSymbol": null, "shortName": "KSE LTD.", "longName": "KSE Limited", "currency": "INR", "quoteSourceName": "Delayed Quote", "currencySymbol": "\u20b9", "fromCurrency": null, "lastMarket": null, "marketCap": 6816000000}, "balanceSheetHistory": {"balanceSheetStatements": [{"maxAge": 1, "endDate": "2020-03-31", "cash": 22100000, "shortTermInvestments": 655964000, "netReceivables": 21303000, "inventory": 823630000, "otherCurrentAssets": 106133000, "totalCurrentAssets": 1629130000, "longTermInvestments": 880000, "propertyPlantEquipment": 253659000, "intangibleAssets": 616000, "otherAssets": 14397000, "totalAssets": 1898682000, "accountsPayable": 70762000, "otherCurrentLiab": 281916000, "longTermDebt": 89151000, "otherLiab": 2184000, "totalCurrentLiabilities": 387006000, "totalLiab": 478341000, "commonStock": 32000000, "treasuryStock": 1388341000, "otherStockholderEquity": 1388341000, "totalStockholderEquity": 1420341000, "netTangibleAssets": 1419725000}, {"maxAge": 1, "endDate": "2019-03-31", "cash": 234405000, "netReceivables": 24088000, "inventory": 876261000, "otherCurrentAssets": 109290000, "totalCurrentAssets": 1690307000, "longTermInvestments": 440000, "propertyPlantEquipment": 261651000, "intangibleAssets": 353000, "otherAssets": 19597000, "totalAssets": 1972348000, "accountsPayable": 80039000, "shortLongTermDebt": 28929000, "otherCurrentLiab": 52740000, "longTermDebt": 69910000, "otherLiab": 1322000, "totalCurrentLiabilities": 603401000, "totalLiab": 674633000, "commonStock": 32000000, "retainedEarnings": 1252305000, "treasuryStock": -2814000, "capitalSurplus": 16224000, "otherStockholderEquity": -2814000, "totalStockholderEquity": 1297715000, "netTangibleAssets": 1297362000}, {"maxAge": 1, "endDate": "2018-03-31", "cash": 188029000, "shortTermInvestments": 2000, "netReceivables": 17654000, "inventory": 905189000, "otherCurrentAssets": 36506000, "totalCurrentAssets": 2003298000, "longTermInvestments": 364000, "propertyPlantEquipment": 274319000, "intangibleAssets": 106000, "otherAssets": 18386000, "totalAssets": 2296473000, "accountsPayable": 151223000, "shortLongTermDebt": 37066000, "otherCurrentLiab": 106238000, "longTermDebt": 56167000, "otherLiab": 9862000, "totalCurrentLiabilities": 792530000, "totalLiab": 858559000, "commonStock": 32000000, "retainedEarnings": 1389510000, "treasuryStock": 180000, "capitalSurplus": 16224000, "otherStockholderEquity": 180000, "totalStockholderEquity": 1437914000, "netTangibleAssets": 1437808000}, {"maxAge": 1, "endDate": "2017-03-31", "cash": 94838000, "shortTermInvestments": 2000, "netReceivables": 13921000, "inventory": 743200000, "otherCurrentAssets": 26760000, "totalCurrentAssets": 1256357000, "longTermInvestments": 250000, "propertyPlantEquipment": 289566000, "intangibleAssets": 145000, "otherAssets": 16465000, "totalAssets": 1562783000, "accountsPayable": 75139000, "shortLongTermDebt": 24574000, "otherCurrentLiab": 81970000, "longTermDebt": 66983000, "otherLiab": 8190000, "totalCurrentLiabilities": 621584000, "totalLiab": 696757000, "commonStock": 32000000, "retainedEarnings": 794187000, "treasuryStock": 23615000, "capitalSurplus": 16224000, "otherStockholderEquity": 23615000, "totalStockholderEquity": 866026000, "netTangibleAssets": 865881000}], "maxAge": 86400}, "earningsTrend": {"trend": [{"maxAge": 1, "period": "0q", "endDate": "2013-06-30", "growth": {}, "earningsEstimate": {"avg": 0.0, "low": 0.0, "high": 0.0, "yearAgoEps": {}, "numberOfAnalysts": 0, "growth": {}}, "revenueEstimate": {"avg": 6971770000, "low": 6795000000, "high": 6795000000, "numberOfAnalysts": 1, "yearAgoRevenue": {}, "growth": {}}, "epsTrend": {"current": 0.0, "7daysAgo": 3.6, "30daysAgo": 3.6, "60daysAgo": 3.6, "90daysAgo": 3.6}, "epsRevisions": {"upLast7days": 0, "upLast30days": 0, "downLast30days": 0, "downLast90days": {}}}, {"maxAge": 1, "period": "+1q", "endDate": "2013-09-30", "growth": {}, "earningsEstimate": {"avg": 0.0, "low": 0.0, "high": 0.0, "yearAgoEps": {}, "numberOfAnalysts": 0, "growth": {}}, "revenueEstimate": {"avg": 6971770000, "low": 6795000000, "high": 6795000000, "numberOfAnalysts": 1, "yearAgoRevenue": {}, "growth": {}}, "epsTrend": {"current": 0.0, "7daysAgo": 0.0, "30daysAgo": 0.0, "60daysAgo": 0.0, "90daysAgo": 0.0}, "epsRevisions": {"upLast7days": 0, "upLast30days": 0, "downLast30days": 0, "downLast90days": {}}}, {"maxAge": 1, "period": "0y", "endDate": "2013-03-31", "growth": {}, "earningsEstimate": {"avg": 0.0, "low": 0.0, "high": 0.0, "yearAgoEps": {}, "numberOfAnalysts": 0, "growth": {}}, "revenueEstimate": {"avg": 6971770000, "low": 6795000000, "high": 6795000000, "numberOfAnalysts": 1, "yearAgoRevenue": {}, "growth": {}}, "epsTrend": {"current": 0.0, "7daysAgo": 9.0, "30daysAgo": 9.0, "60daysAgo": 9.0, "90daysAgo": 9.0}, "epsRevisions": {"upLast7days": 0, "upLast30days": 0, "downLast30days": 0, "downLast90days": {}}}, {"maxAge": 1, "period": "+1y", "endDate": "2014-03-31", "growth": {}, "earningsEstimate": {"avg": 0.0, "low": 0.0, "high": 0.0, "yearAgoEps": {}, "numberOfAnalysts": 0, "growth": {}}, "revenueEstimate": {"avg": 8063030000, "low": 8068000000, "high": 8068000000, "numberOfAnalysts": 1, "yearAgoRevenue": 6971770000, "growth": 0.157}, "epsTrend": {"current": 0.0, "7daysAgo": 48.0, "30daysAgo": 48.0, "60daysAgo": 48.0, "90daysAgo": 48.0}, "epsRevisions": {"upLast7days": 1, "upLast30days": 1, "downLast30days": 0, "downLast90days": {}}}, {"maxAge": 1, "period": "+5y", "endDate": null, "growth": 0.525, "earningsEstimate": {"avg": {}, "low": {}, "high": {}, "yearAgoEps": {}, "numberOfAnalysts": {}, "growth": {}}, "revenueEstimate": {"avg": {}, "low": {}, "high": {}, "numberOfAnalysts": {}, "yearAgoRevenue": {}, "growth": {}}, "epsTrend": {"current": {}, "7daysAgo": {}, "30daysAgo": {}, "60daysAgo": {}, "90daysAgo": {}}, "epsRevisions": {"upLast7days": {}, "upLast30days": {}, "downLast30days": {}, "downLast90days": {}}}, {"maxAge": 1, "period": "-5y", "endDate": null, "growth": {}, "earningsEstimate": {"avg": {}, "low": {}, "high": {}, "yearAgoEps": {}, "numberOfAnalysts": {}, "growth": {}}, "revenueEstimate": {"avg": {}, "low": {}, "high": {}, "numberOfAnalysts": {}, "yearAgoRevenue": {}, "growth": {}}, "epsTrend": {"current": {}, "7daysAgo": {}, "30daysAgo": {}, "60daysAgo": {}, "90daysAgo": {}}, "epsRevisions": {"upLast7days": {}, "upLast30days": {}, "downLast30days": {}, "downLast90days": {}}}], "maxAge": 1}, "financialData": {"maxAge": 86400, "currentPrice": 2130.0, "targetHighPrice": 450.0, "targetLowPrice": 450.0, "targetMeanPrice": 450.0, "targetMedianPrice": 450.0, "recommendationKey": "none", "numberOfAnalystOpinions": 1, "grossProfits": 1706330000, "financialCurrency": "INR"}}}