{"KSL.BO": {"recommendationTrend": {"trend": [{"period": "0m", "strongBuy": 0, "buy": 0, "hold": 0, "sell": 0, "strongSell": 0}, {"period": "-1m", "strongBuy": 0, "buy": 0, "hold": 0, "sell": 0, "strongSell": 0}, {"period": "-2m", "strongBuy": 0, "buy": 0, "hold": 0, "sell": 0, "strongSell": 0}, {"period": "-3m", "strongBuy": 0, "buy": 0, "hold": 0, "sell": 0, "strongSell": 0}], "maxAge": 86400}, "cashflowStatementHistory": {"cashflowStatements": [{"maxAge": 1, "endDate": "2020-03-31", "netIncome": 1366110000, "depreciation": 417530000, "changeToNetincome": -235710000, "changeToAccountReceivables": 708260000, "changeToLiabilities": -166640000, "changeToInventory": 284620000, "changeToOperatingActivities": 15960000, "totalCashFromOperatingActivities": 2399570000, "capitalExpenditures": -182460000, "investments": -1565460000, "otherCashflowsFromInvestingActivities": 68310000, "totalCashflowsFromInvestingActivities": -1679520000, "dividendsPaid": -436520000, "netBorrowings": -178810000, "otherCashflowsFromFinancingActivities": -167180000, "totalCashFromFinancingActivities": -782510000, "changeInCash": -62460000}, {"maxAge": 1, "endDate": "2019-03-31", "netIncome": 1317170000, "depreciation": 374790000, "changeToNetincome": -153610000, "changeToAccountReceivables": 674500000, "changeToLiabilities": 1589970000, "changeToInventory": -427620000, "changeToOperatingActivities": -526750000, "totalCashFromOperatingActivities": 2857890000, "capitalExpenditures": -220100000, "investments": -1030970000, "otherCashflowsFromInvestingActivities": 85670000, "totalCashflowsFromInvestingActivities": -1164910000, "dividendsPaid": -218260000, "netBorrowings": -1502760000, "otherCashflowsFromFinancingActivities": -92870000, "totalCashFromFinancingActivities": -1813890000, "changeInCash": -120910000}, {"maxAge": 1, "endDate": "2018-03-31", "netIncome": 1156060000, "depreciation": 363090000, "changeToNetincome": -111950000, "changeToAccountReceivables": 865610000, "changeToLiabilities": -546830000, "changeToInventory": 231130000, "changeToOperatingActivities": -54530000, "totalCashFromOperatingActivities": 1911990000, "capitalExpenditures": -328320000, "investments": -524530000, "otherCashflowsFromInvestingActivities": 85910000, "totalCashflowsFromInvestingActivities": -766000000, "dividendsPaid": -218270000, "netBorrowings": -694100000, "otherCashflowsFromFinancingActivities": -138560000, "totalCashFromFinancingActivities": -1050930000, "changeInCash": 95060000}, {"maxAge": 1, "endDate": "2017-03-31", "netIncome": 1562380000, "depreciation": 511220000, "changeToNetincome": -22640000, "changeToAccountReceivables": -1212270000, "changeToLiabilities": 912520000, "changeToInventory": -256640000, "changeToOperatingActivities": 16810000, "totalCashFromOperatingActivities": 1520700000, "capitalExpenditures": -144470000, "investments": -301790000, "otherCashflowsFromInvestingActivities": 48080000, "totalCashflowsFromInvestingActivities": -381420000, "dividendsPaid": -218270000, "netBorrowings": -877530000, "otherCashflowsFromFinancingActivities": -104560000, "totalCashFromFinancingActivities": -982090000, "changeInCash": 157190000}], "maxAge": 86400}, "institutionOwnership": {"ownershipList": [], "maxAge": 1}, "balanceSheetHistoryQuarterly": {"balanceSheetStatements": [{"maxAge": 1, "endDate": "2020-06-30", "totalStockholderEquity": 9630580000, "netTangibleAssets": 9618380000}, {"maxAge": 1, "endDate": "2020-03-31", "cash": 147030000, "shortTermInvestments": 3449800000, "netReceivables": 2504900000, "inventory": 1259680000, "otherCurrentAssets": 152670000, "totalCurrentAssets": 7858360000, "longTermInvestments": 1446890000, "propertyPlantEquipment": 4224900000, "intangibleAssets": 12200000, "otherAssets": 102730000, "totalAssets": 13645080000, "accountsPayable": 3135250000, "otherCurrentLiab": 360840000, "longTermDebt": 45750000, "otherLiab": 344540000, "minorityInterest": -36100000, "totalCurrentLiabilities": 3660310000, "totalLiab": 4050600000, "commonStock": 218270000, "retainedEarnings": 9341340000, "treasuryStock": 70970000, "otherStockholderEquity": 70970000, "totalStockholderEquity": 9630580000, "netTangibleAssets": 9618380000}, {"maxAge": 1, "endDate": "2019-12-31", "totalStockholderEquity": 9454300000, "netTangibleAssets": 9437380000}, {"maxAge": 1, "endDate": "2019-09-30", "cash": 2832040000, "shortTermInvestments": 238650000, "netReceivables": 3305160000, "inventory": 1395920000, "otherCurrentAssets": 105510000, "totalCurrentAssets": 7877280000, "longTermInvestments": 1566460000, "propertyPlantEquipment": 4395240000, "intangibleAssets": 16920000, "otherAssets": 153210000, "totalAssets": 14009110000, "accountsPayable": 3072080000, "otherCurrentLiab": 1068140000, "longTermDebt": 78100000, "otherLiab": 361470000, "minorityInterest": -59590000, "totalCurrentLiabilities": 4174830000, "totalLiab": 4614400000, "commonStock": 218640000, "retainedEarnings": 9059050000, "treasuryStock": 176610000, "otherStockholderEquity": 176610000, "totalStockholderEquity": 9454300000, "netTangibleAssets": 9437380000}], "maxAge": 86400}, "earningsHistory": {"history": [{"maxAge": 1, "epsActual": {}, "epsEstimate": {}, "epsDifference": {}, "surprisePercent": {}, "quarter": {}, "period": "-4q"}, {"maxAge": 1, "epsActual": {}, "epsEstimate": {}, "epsDifference": {}, "surprisePercent": {}, "quarter": {}, "period": "-3q"}, {"maxAge": 1, "epsActual": {}, "epsEstimate": {}, "epsDifference": {}, "surprisePercent": {}, "quarter": {}, "period": "-2q"}, {"maxAge": 1, "epsActual": {}, "epsEstimate": {}, "epsDifference": {}, "surprisePercent": {}, "quarter": {}, "period": "-1q"}], "maxAge": 86400}, "indexTrend": {"maxAge": 1, "symbol": "SP5", "peRatio": 19.7411, "pegRatio": 1.34172, "estimates": [{"period": "0q", "growth": 0.549}, {"period": "+1q", "growth": 0.431}, {"period": "0y", "growth": 0.305}, {"period": "+1y", "growth": 0.109}, {"period": "+5y", "growth": 0.120865}, {"period": "-5y"}]}, "industryTrend": {"maxAge": 1, "symbol": null, "estimates": []}, "insiderTransactions": {"transactions": [{"maxAge": 1, "shares": 365821, "filerUrl": "", "transactionText": "", "filerName": "Sundaram Trading & Investment Pvt. Ltd.", "filerRelation": "Promoter", "moneyText": "", "startDate": "2018-03-15", "ownership": "D"}, {"maxAge": 1, "shares": 400000, "filerUrl": "", "transactionText": "", "filerName": "Sundaram Trading & Investment Pvt. Ltd.", "filerRelation": "Promoter", "moneyText": "", "startDate": "2018-03-14", "ownership": "D"}, {"maxAge": 1, "shares": 400000, "filerUrl": "", "transactionText": "", "filerName": "Sundaram Trading & Investment Pvt. Ltd.", "filerRelation": "Promoter", "moneyText": "", "startDate": "2018-03-13", "ownership": "D"}, {"maxAge": 1, "shares": 409357, "filerUrl": "", "transactionText": "", "filerName": "Sundaram Trading & Investment Pvt. Ltd.", "filerRelation": "Promoter", "moneyText": "", "startDate": "2018-03-12", "ownership": "D"}, {"maxAge": 1, "shares": 402, "filerUrl": "", "transactionText": "", "filerName": "Sundaram Trading & Investment Pvt. Ltd.", "filerRelation": "Promoter", "moneyText": "", "startDate": "2018-03-09", "ownership": "D"}, {"maxAge": 1, "shares": 12919, "filerUrl": "", "transactionText": "", "filerName": "Sundaram Trading & Investment Pvt. Ltd.", "filerRelation": "Promoter", "moneyText": "", "startDate": "2018-03-09", "ownership": "D"}, {"maxAge": 1, "shares": 12270, "filerUrl": "", "transactionText": "", "filerName": "Sundaram Trading & Investment Pvt. Ltd.", "filerRelation": "Promoter", "moneyText": "", "startDate": "2018-03-08", "ownership": "D"}, {"maxAge": 1, "shares": 66000, "filerUrl": "", "transactionText": "", "filerName": "Sundaram Trading & Investment Pvt. Ltd.", "filerRelation": "Promoter", "moneyText": "", "startDate": "2018-03-08", "ownership": "D"}, {"maxAge": 1, "shares": 6000, "filerUrl": "", "transactionText": "", "filerName": "Sundaram Trading & Investment Pvt. Ltd.", "filerRelation": "Promoter", "moneyText": "", "startDate": "2018-03-07", "ownership": "D"}, {"maxAge": 1, "shares": 33500, "filerUrl": "", "transactionText": "", "filerName": "Sundaram Trading & Investment Pvt. Ltd.", "filerRelation": "Promoter", "moneyText": "", "startDate": "2018-03-07", "ownership": "D"}, {"maxAge": 1, "shares": 67243, "filerUrl": "", "transactionText": "", "filerName": "Sundaram Trading & Investment Pvt. Ltd.", "filerRelation": "Promoter", "moneyText": "", "startDate": "2018-03-06", "ownership": "D"}, {"maxAge": 1, "shares": 9932, "filerUrl": "", "transactionText": "", "filerName": "Sundaram Trading & Investment Pvt. Ltd.", "filerRelation": "Promoter", "moneyText": "", "startDate": "2018-03-05", "ownership": "D"}, {"maxAge": 1, "shares": 46407, "filerUrl": "", "transactionText": "", "filerName": "Kalyani (Sunita B)", "filerRelation": "Additonal Director", "moneyText": "", "startDate": "2018-02-15", "ownership": "D"}, {"maxAge": 1, "shares": 13760, "filerUrl": "", "transactionText": "", "filerName": "Sundaram Trading & Investment Pvt. Ltd.", "filerRelation": "Promoter", "moneyText": "", "startDate": "2015-04-13", "ownership": "D"}, {"maxAge": 1, "shares": 168700, "filerUrl": "", "transactionText": "", "filerName": "Sundaram Trading & Investment Pvt. Ltd.", "filerRelation": "Promoter", "moneyText": "", "startDate": "2015-03-16", "ownership": "D"}, {"maxAge": 1, "shares": 26812, "filerUrl": "", "transactionText": "", "filerName": "Sundaram Trading & Investment Pvt. Ltd.", "filerRelation": "Promoter", "moneyText": "", "startDate": "2015-03-09", "ownership": "D"}, {"maxAge": 1, "shares": 3281, "filerUrl": "", "transactionText": "", "filerName": "Sundaram Trading & Investment Pvt. Ltd.", "filerRelation": "Promoter", "moneyText": "", "startDate": "2015-03-05", "ownership": "D"}, {"maxAge": 1, "shares": 116907, "filerUrl": "", "transactionText": "", "filerName": "Sundaram Trading & Investment Pvt. Ltd.", "filerRelation": "Promoter", "moneyText": "", "startDate": "2015-03-02", "ownership": "D"}], "maxAge": 1}, "quoteType": {"exchange": "BSE", "quoteType": "EQUITY", "symbol": "KSL.BO", "underlyingSymbol": "KSL.BO", "shortName": "KALYANI STEELS LTD.", "longName": "Kalyani Steels Limited", "firstTradeDateEpochUtc": "2000-01-17 09:15:00", "timeZoneFullName": "Asia/Kolkata", "timeZoneShortName": "IST", "uuid": "1f815d47-c574-3667-9b54-ed20e018bbcf", "gmtOffSetMilliseconds": 19800000, "maxAge": 1}, "incomeStatementHistory": {"incomeStatementHistory": [{"maxAge": 1, "endDate": "2020-03-31", "totalRevenue": 11989280000, "costOfRevenue": 6244670000, "grossProfit": 5744610000, "researchDevelopment": {}, "sellingGeneralAdministrative": 637290000, "nonRecurring": {}, "otherOperatingExpenses": 3021400000, "totalOperatingExpenses": 10330330000, "operatingIncome": 1658950000, "totalOtherIncomeExpenseNet": -10300000, "ebit": 1658950000, "interestExpense": -4080000, "incomeBeforeTax": 1648650000, "incomeTaxExpense": 307850000, "minorityInterest": -36100000, "netIncomeFromContinuingOps": 1340800000, "discontinuedOperations": {}, "extraordinaryItems": {}, "effectOfAccountingCharges": {}, "otherItems": {}, "netIncome": 1366110000, "netIncomeApplicableToCommonShares": 1366110000}, {"maxAge": 1, "endDate": "2019-03-31", "totalRevenue": 14065790000, "costOfRevenue": 7894580000, "grossProfit": 6171210000, "researchDevelopment": {}, "sellingGeneralAdministrative": 607280000, "nonRecurring": {}, "otherOperatingExpenses": 3440050000, "totalOperatingExpenses": 12326140000, "operatingIncome": 1739650000, "totalOtherIncomeExpenseNet": 178670000, "ebit": 1739650000, "interestExpense": -26960000, "incomeBeforeTax": 1918320000, "incomeTaxExpense": 604530000, "minorityInterest": -55060000, "netIncomeFromContinuingOps": 1313790000, "discontinuedOperations": {}, "extraordinaryItems": {}, "effectOfAccountingCharges": {}, "otherItems": {}, "netIncome": 1317170000, "netIncomeApplicableToCommonShares": 1317170000}, {"maxAge": 1, "endDate": "2018-03-31", "totalRevenue": 13450620000, "costOfRevenue": 7657370000, "grossProfit": 5793250000, "researchDevelopment": {}, "sellingGeneralAdministrative": 576490000, "nonRecurring": {}, "otherOperatingExpenses": 3175880000, "totalOperatingExpenses": 11782240000, "operatingIncome": 1668380000, "totalOtherIncomeExpenseNet": 81280000, "ebit": 1668380000, "interestExpense": -58420000, "incomeBeforeTax": 1749660000, "incomeTaxExpense": 597130000, "minorityInterest": -51680000, "netIncomeFromContinuingOps": 1152530000, "discontinuedOperations": {}, "extraordinaryItems": {}, "effectOfAccountingCharges": {}, "otherItems": {}, "netIncome": 1156060000, "netIncomeApplicableToCommonShares": 1156060000}, {"maxAge": 1, "endDate": "2017-03-31", "totalRevenue": 12574240000, "costOfRevenue": 6072660000, "grossProfit": 6501580000, "researchDevelopment": {}, "sellingGeneralAdministrative": 610990000, "nonRecurring": {}, "otherOperatingExpenses": 3018160000, "totalOperatingExpenses": 10222350000, "operatingIncome": 2351890000, "totalOtherIncomeExpenseNet": 34250000, "ebit": 2351890000, "interestExpense": -79810000, "incomeBeforeTax": 2386140000, "incomeTaxExpense": 827420000, "minorityInterest": -48150000, "netIncomeFromContinuingOps": 1558720000, "discontinuedOperations": {}, "extraordinaryItems": {}, "effectOfAccountingCharges": {}, "otherItems": {}, "netIncome": 1562380000, "netIncomeApplicableToCommonShares": 1562380000}], "maxAge": 86400}, "fundOwnership": {"ownershipList": [], "maxAge": 1}, "summaryDetail": {"maxAge": 1, "priceHint": 2, "previousClose": 378.2, "open": 377.0, "dayLow": 365.25, "dayHigh": 387.75, "regularMarketPreviousClose": 378.2, "regularMarketOpen": 377.0, "regularMarketDayLow": 365.25, "regularMarketDayHigh": 387.75, "trailingPE": 14.710363, "forwardPE": 11.036091, "volume": 29631, "regularMarketVolume": 29631, "averageVolume": 21698, "averageVolume10days": 14916, "averageDailyVolume10Day": 14916, "bid": 368.0, "ask": 0.0, "bidSize": 0, "askSize": 0, "marketCap": 16018505728, "fiftyTwoWeekLow": 92.35, "fiftyTwoWeekHigh": 387.75, "fiftyDayAverage": 274.4121, "twoHundredDayAverage": 235.12721, "trailingAnnualDividendRate": 5.0, "trailingAnnualDividendYield": 0.013220518, "currency": "INR", "fromCurrency": null, "lastMarket": null, "algorithm": null, "tradeable": false}, "sectorTrend": {"maxAge": 1, "symbol": null, "estimates": []}, "incomeStatementHistoryQuarterly": {"incomeStatementHistory": [{"maxAge": 1, "endDate": "2020-06-30", "totalRevenue": 1211850000, "costOfRevenue": 878890000, "grossProfit": 332960000, "researchDevelopment": {}, "sellingGeneralAdministrative": 128390000, "nonRecurring": {}, "otherOperatingExpenses": 61540000, "totalOperatingExpenses": 1182620000, "operatingIncome": 29230000, "totalOtherIncomeExpenseNet": 86310000, "ebit": 29230000, "interestExpense": -14090000, "incomeBeforeTax": 115540000, "incomeTaxExpense": 28650000, "minorityInterest": {}, "netIncomeFromContinuingOps": 86890000, "discontinuedOperations": {}, "extraordinaryItems": {}, "effectOfAccountingCharges": {}, "otherItems": {}, "netIncome": 87640000, "netIncomeApplicableToCommonShares": 87640000}, {"maxAge": 1, "endDate": "2020-03-31", "totalRevenue": 2717460000, "costOfRevenue": -568500000, "grossProfit": 3285960000, "researchDevelopment": {}, "sellingGeneralAdministrative": 222670000, "nonRecurring": {}, "otherOperatingExpenses": 2538200000, "totalOperatingExpenses": 2306870000, "operatingIncome": 410590000, "totalOtherIncomeExpenseNet": -99360000, "ebit": 410590000, "interestExpense": -14090000, "incomeBeforeTax": 311230000, "incomeTaxExpense": 103410000, "minorityInterest": -36100000, "netIncomeFromContinuingOps": 207820000, "discontinuedOperations": {}, "extraordinaryItems": {}, "effectOfAccountingCharges": {}, "otherItems": {}, "netIncome": 226620000, "netIncomeApplicableToCommonShares": 226620000}, {"maxAge": 1, "endDate": "2019-12-31", "totalRevenue": 2805250000, "costOfRevenue": 2030860000, "grossProfit": 774390000, "researchDevelopment": {}, "sellingGeneralAdministrative": 135120000, "nonRecurring": {}, "otherOperatingExpenses": 137010000, "totalOperatingExpenses": 2414840000, "operatingIncome": 390410000, "totalOtherIncomeExpenseNet": 50160000, "ebit": 390410000, "interestExpense": -20340000, "incomeBeforeTax": 440570000, "incomeTaxExpense": 119690000, "minorityInterest": -36100000, "netIncomeFromContinuingOps": 320880000, "discontinuedOperations": {}, "extraordinaryItems": {}, "effectOfAccountingCharges": {}, "otherItems": {}, "netIncome": 323050000, "netIncomeApplicableToCommonShares": 323050000}, {"maxAge": 1, "endDate": "2019-09-30", "totalRevenue": 3032080000, "costOfRevenue": 2256320000, "grossProfit": 775760000, "researchDevelopment": {}, "sellingGeneralAdministrative": 145700000, "nonRecurring": {}, "otherOperatingExpenses": 187910000, "totalOperatingExpenses": 2695710000, "operatingIncome": 336370000, "totalOtherIncomeExpenseNet": 13420000, "ebit": 336370000, "interestExpense": -24900000, "incomeBeforeTax": 349790000, "incomeTaxExpense": -99460000, "minorityInterest": -59590000, "netIncomeFromContinuingOps": 449250000, "discontinuedOperations": {}, "extraordinaryItems": {}, "effectOfAccountingCharges": {}, "otherItems": {}, "netIncome": 451320000, "netIncomeApplicableToCommonShares": 451320000}], "maxAge": 86400}, "cashflowStatementHistoryQuarterly": {"cashflowStatements": [{"maxAge": 1, "endDate": "2020-06-30", "netIncome": 87640000, "changeToLiabilities": 0}, {"maxAge": 1, "endDate": "2020-03-31", "netIncome": 226620000, "changeToLiabilities": 0}, {"maxAge": 1, "endDate": "2019-12-31", "netIncome": 323050000, "changeToLiabilities": 0}, {"maxAge": 1, "endDate": "2019-09-30", "netIncome": 451320000, "changeToLiabilities": 0}], "maxAge": 86400}, "insiderHolders": {"holders": [{"maxAge": 1, "name": "Kalyani (Sunita B)", "relation": "Additonal Director", "url": "", "transactionDescription": "Purchase", "latestTransDate": "2018-02-15", "positionDirect": 54150, "positionDirectDate": "2018-02-15"}, {"maxAge": 1, "name": "Sundaram Trading & Investment Pvt. Ltd.", "relation": "Promoter", "url": "", "transactionDescription": "Acquisition", "latestTransDate": "2018-03-15", "positionDirect": 7766758, "positionDirectDate": "2018-03-15"}], "maxAge": 1}, "earnings": {"maxAge": 86400, "earningsChart": {"quarterly": [], "earningsDate": ["2020-08-10 05:30:S"]}, "financialsChart": {"yearly": [{"date": 2017, "revenue": 12574240000, "earnings": 1562380000}, {"date": 2018, "revenue": 13450620000, "earnings": 1156060000}, {"date": 2019, "revenue": 14065790000, "earnings": 1317170000}, {"date": 2020, "revenue": 11989280000, "earnings": 1366110000}], "quarterly": [{"date": "3Q2019", "revenue": 3032080000, "earnings": 451320000}, {"date": "4Q2019", "revenue": 2805250000, "earnings": 323050000}, {"date": "1Q2020", "revenue": 2717460000, "earnings": 226620000}, {"date": "2Q2020", "revenue": 1211850000, "earnings": 87640000}]}, "financialCurrency": "INR"}, "calendarEvents": {"maxAge": 1, "earnings": {"earningsDate": ["2020-08-10 05:30:S"]}}, "upgradeDowngradeHistory": {"history": [], "maxAge": 86400}, "price": {"maxAge": 1, "regularMarketChangePercent": -0.029746165, "regularMarketChange": -11.25, "regularMarketTime": "2021-04-30 15:40:03", "priceHint": 2, "regularMarketPrice": 366.95, "regularMarketDayHigh": 387.75, "regularMarketDayLow": 365.25, "regularMarketVolume": 29631, "averageDailyVolume10Day": 14916, "averageDailyVolume3Month": 21698, "regularMarketPreviousClose": 378.2, "regularMarketSource": "FREE_REALTIME", "regularMarketOpen": 377.0, "exchange": "BSE", "exchangeName": "BSE", "exchangeDataDelayedBy": 0, "marketState": "CLOSED", "quoteType": "EQUITY", "symbol": "KSL.BO", "underlyingSymbol": null, "shortName": "KALYANI STEELS LTD.", "longName": "Kalyani Steels Limited", "currency": "INR", "quoteSourceName": "Delayed Quote", "currencySymbol": "\u20b9", "fromCurrency": null, "lastMarket": null, "marketCap": 16018505728}, "balanceSheetHistory": {"balanceSheetStatements": [{"maxAge": 1, "endDate": "2020-03-31", "cash": 147030000, "shortTermInvestments": 3449800000, "netReceivables": 2504900000, "inventory": 1259680000, "otherCurrentAssets": 152670000, "totalCurrentAssets": 7858360000, "longTermInvestments": 1446890000, "propertyPlantEquipment": 4224900000, "intangibleAssets": 12200000, "otherAssets": 102730000, "totalAssets": 13645080000, "accountsPayable": 3135250000, "otherCurrentLiab": 360840000, "longTermDebt": 45750000, "otherLiab": 344540000, "minorityInterest": -36100000, "totalCurrentLiabilities": 3660310000, "totalLiab": 4050600000, "commonStock": 218270000, "retainedEarnings": 9341340000, "treasuryStock": 70970000, "otherStockholderEquity": 70970000, "totalStockholderEquity": 9630580000, "netTangibleAssets": 9618380000}, {"maxAge": 1, "endDate": "2019-03-31", "cash": 209490000, "shortTermInvestments": 170000000, "netReceivables": 3186690000, "inventory": 1544300000, "otherCurrentAssets": 129710000, "totalCurrentAssets": 7291310000, "longTermInvestments": 1551420000, "propertyPlantEquipment": 4278110000, "intangibleAssets": 21640000, "otherAssets": 176620000, "totalAssets": 13319100000, "accountsPayable": 3304500000, "shortLongTermDebt": 178810000, "otherCurrentLiab": 189530000, "longTermDebt": 74380000, "otherLiab": 511370000, "minorityInterest": -55060000, "totalCurrentLiabilities": 3886390000, "totalLiab": 4472140000, "commonStock": 218270000, "retainedEarnings": 8506770000, "treasuryStock": 176980000, "otherStockholderEquity": 176980000, "totalStockholderEquity": 8902020000, "netTangibleAssets": 8880380000}, {"maxAge": 1, "endDate": "2018-03-31", "cash": 330400000, "netReceivables": 3793810000, "inventory": 1116680000, "otherCurrentAssets": 180730000, "totalCurrentAssets": 6615390000, "longTermInvestments": 1560570000, "propertyPlantEquipment": 4413910000, "intangibleAssets": 31080000, "otherAssets": 177870000, "deferredLongTermAssetCharges": 120000, "totalAssets": 12798820000, "accountsPayable": 1850960000, "shortLongTermDebt": 424480000, "otherCurrentLiab": 648840000, "longTermDebt": 235760000, "otherLiab": 538660000, "minorityInterest": -51680000, "totalCurrentLiabilities": 4229140000, "totalLiab": 5003560000, "commonStock": 218270000, "retainedEarnings": 7454510000, "treasuryStock": 174160000, "otherStockholderEquity": 174160000, "totalStockholderEquity": 7846940000, "netTangibleAssets": 7815860000}, {"maxAge": 1, "endDate": "2017-03-31", "cash": 235340000, "netReceivables": 4656040000, "inventory": 1347810000, "otherCurrentAssets": 327940000, "totalCurrentAssets": 7243370000, "longTermInvestments": 1611750000, "propertyPlantEquipment": 4397210000, "intangibleAssets": 39290000, "otherAssets": 331140000, "deferredLongTermAssetCharges": 2580000, "totalAssets": 13622760000, "accountsPayable": 2450910000, "shortLongTermDebt": 488990000, "otherCurrentLiab": 965270000, "longTermDebt": 652210000, "otherLiab": 602770000, "minorityInterest": -48150000, "totalCurrentLiabilities": 5405740000, "totalLiab": 6660720000, "commonStock": 218270000, "retainedEarnings": 6561400000, "treasuryStock": 230520000, "otherStockholderEquity": 230520000, "totalStockholderEquity": 7010190000, "netTangibleAssets": 6970900000}], "maxAge": 86400}, "earningsTrend": {"trend": [{"maxAge": 1, "period": "0q", "endDate": null, "growth": {}, "earningsEstimate": {"avg": 0.0, "low": 0.0, "high": 0.0, "yearAgoEps": {}, "numberOfAnalysts": 0, "growth": {}}, "revenueEstimate": {"avg": 0, "low": 0, "high": 0, "numberOfAnalysts": 0, "yearAgoRevenue": {}, "growth": {}}, "epsTrend": {"current": 0.0, "7daysAgo": 0.0, "30daysAgo": 0.0, "60daysAgo": 0.0, "90daysAgo": 0.0}, "epsRevisions": {"upLast7days": 0, "upLast30days": 0, "downLast30days": 0, "downLast90days": {}}}, {"maxAge": 1, "period": "+1q", "endDate": null, "growth": {}, "earningsEstimate": {"avg": 0.0, "low": 0.0, "high": 0.0, "yearAgoEps": {}, "numberOfAnalysts": 0, "growth": {}}, "revenueEstimate": {"avg": 0, "low": 0, "high": 0, "numberOfAnalysts": 0, "yearAgoRevenue": {}, "growth": {}}, "epsTrend": {"current": 0.0, "7daysAgo": 0.0, "30daysAgo": 0.0, "60daysAgo": 0.0, "90daysAgo": 0.0}, "epsRevisions": {"upLast7days": 0, "upLast30days": 0, "downLast30days": 0, "downLast90days": {}}}, {"maxAge": 1, "period": "0y", "endDate": null, "growth": {}, "earningsEstimate": {"avg": 0.0, "low": 0.0, "high": 0.0, "yearAgoEps": {}, "numberOfAnalysts": 0, "growth": {}}, "revenueEstimate": {"avg": 0, "low": 0, "high": 0, "numberOfAnalysts": 0, "yearAgoRevenue": {}, "growth": {}}, "epsTrend": {"current": 0.0, "7daysAgo": 0.0, "30daysAgo": 0.0, "60daysAgo": 0.0, "90daysAgo": 0.0}, "epsRevisions": {"upLast7days": 0, "upLast30days": 0, "downLast30days": 0, "downLast90days": {}}}, {"maxAge": 1, "period": "+1y", "endDate": null, "growth": {}, "earningsEstimate": {"avg": 0.0, "low": 0.0, "high": 0.0, "yearAgoEps": {}, "numberOfAnalysts": 0, "growth": {}}, "revenueEstimate": {"avg": 0, "low": 0, "high": 0, "numberOfAnalysts": 0, "yearAgoRevenue": {}, "growth": {}}, "epsTrend": {"current": 0.0, "7daysAgo": 0.0, "30daysAgo": 0.0, "60daysAgo": 0.0, "90daysAgo": 0.0}, "epsRevisions": {"upLast7days": 0, "upLast30days": 0, "downLast30days": 0, "downLast90days": {}}}, {"maxAge": 1, "period": "+5y", "endDate": null, "growth": {}, "earningsEstimate": {"avg": {}, "low": {}, "high": {}, "yearAgoEps": {}, "numberOfAnalysts": {}, "growth": {}}, "revenueEstimate": {"avg": {}, "low": {}, "high": {}, "numberOfAnalysts": {}, "yearAgoRevenue": {}, "growth": {}}, "epsTrend": {"current": {}, "7daysAgo": {}, "30daysAgo": {}, "60daysAgo": {}, "90daysAgo": {}}, "epsRevisions": {"upLast7days": {}, "upLast30days": {}, "downLast30days": {}, "downLast90days": {}}}, {"maxAge": 1, "period": "-5y", "endDate": null, "growth": {}, "earningsEstimate": {"avg": {}, "low": {}, "high": {}, "yearAgoEps": {}, "numberOfAnalysts": {}, "growth": {}}, "revenueEstimate": {"avg": {}, "low": {}, "high": {}, "numberOfAnalysts": {}, "yearAgoRevenue": {}, "growth": {}}, "epsTrend": {"current": {}, "7daysAgo": {}, "30daysAgo": {}, "60daysAgo": {}, "90daysAgo": {}}, "epsRevisions": {"upLast7days": {}, "upLast30days": {}, "downLast30days": {}, "downLast90days": {}}}], "maxAge": 1}, "financialData": {"maxAge": 86400, "currentPrice": 366.95, "targetHighPrice": 339.0, "targetLowPrice": 339.0, "targetMeanPrice": 339.0, "targetMedianPrice": 339.0, "recommendationKey": "none", "numberOfAnalystOpinions": 1, "grossProfits": 5744610000, "financialCurrency": "INR"}}}