{"KSL.NS": {"assetProfile": {"address1": "Corporate Building", "address2": "2nd Floor Mundhwa", "city": "Pune", "zip": "411036", "country": "India", "phone": "91 20 6621 5000", "fax": "91 20 2682 1124", "website": "http://www.kalyanisteels.com", "industry": "Steel", "sector": "Basic Materials", "longBusinessSummary": "Kalyani Steels Limited manufactures and sells iron and steel products. It provides rolled bars for various automotive applications, including crankshaft, camshaft, connecting rods, gears, transmission shafts, axle beams, steering knuckles, and others; rolled bars for engineering applications comprising alloyed steels for use in energy, railways, defense, fasteners, material handling, etc.; and steel for use in the earthmoving, cement, sugar, steel, coal, ship-building, and oilfield industries, as well as general engineering equipment. The company also offers round cast for seamless tube industry; and machined bars for aluminum smelting industry. It also serves various component manufacturers of commercial vehicles, two wheelers, diesel engines, bearings, tractors, turbines, and rail in India and internationally. The company was founded in 1973 and is based in Pune, India.", "fullTimeEmployees": 54, "companyOfficers": [{"maxAge": 1, "name": "Mr. Ravindra Kumar Goyal", "age": 62, "title": "MD & Exec. Director", "yearBorn": 1958, "fiscalYear": 2020, "totalPay": 80050000, "exercisedValue": 0, "unexercisedValue": 0}, {"maxAge": 1, "name": "Mr. P. S. Ghosh", "age": 68, "title": "Pres & Chief of Projects", "yearBorn": 1952, "exercisedValue": 0, "unexercisedValue": 0}, {"maxAge": 1, "name": "Mr. B. M. Maheshwari", "age": 50, "title": "Chief Financial Officer", "yearBorn": 1970, "fiscalYear": 2020, "totalPay": 9420000, "exercisedValue": 0, "unexercisedValue": 0}, {"maxAge": 1, "name": "Ms. Deepti R. Puranik", "age": 54, "title": "Company Sec. & Compliance Officer", "yearBorn": 1966, "fiscalYear": 2020, "totalPay": 6270000, "exercisedValue": 0, "unexercisedValue": 0}, {"maxAge": 1, "name": "Mr. Prashant L. Dande", "age": 53, "title": "Sr. VP of Marketing", "yearBorn": 1967, "exercisedValue": 0, "unexercisedValue": 0}, {"maxAge": 1, "name": "Mr. Ajit R. Yadav", "age": 47, "title": "VP of Marketing", "yearBorn": 1973, "exercisedValue": 0, "unexercisedValue": 0}, {"maxAge": 1, "name": "Mr. Arvind  Sangamnerkar", "age": 46, "title": "VP of Marketing", "yearBorn": 1974, "exercisedValue": 0, "unexercisedValue": 0}, {"maxAge": 1, "name": "Mr. Anand  Shirsat", "age": 54, "title": "Deputy Gen. Mang. of Legal & HR", "yearBorn": 1966, "exercisedValue": 0, "unexercisedValue": 0}, {"maxAge": 1, "name": "Mr. Sanjay  Agarwal", "age": 51, "title": "Sr. VP of Commercial & Sourcing", "yearBorn": 1969, "fiscalYear": 2018, "exercisedValue": 0, "unexercisedValue": 0}, {"maxAge": 1, "name": "Mr. Viveck  Panchwagh", "title": "VP of Technology Devel.", "fiscalYear": 2019, "exercisedValue": 0, "unexercisedValue": 0}], "compensationAsOfEpochDate": "2020-12-31 05:30:00", "maxAge": 86400}, "recommendationTrend": {"trend": [{"period": "0m", "strongBuy": 0, "buy": 0, "hold": 0, "sell": 0, "strongSell": 0}, {"period": "-1m", "strongBuy": 0, "buy": 2, "hold": 0, "sell": 0, "strongSell": 0}, {"period": "-2m", "strongBuy": 0, "buy": 2, "hold": 0, "sell": 0, "strongSell": 0}, {"period": "-3m", "strongBuy": 0, "buy": 2, "hold": 0, "sell": 0, "strongSell": 0}], "maxAge": 86400}, "cashflowStatementHistory": {"cashflowStatements": [{"maxAge": 1, "endDate": "2020-03-31", "netIncome": 1366110000, "depreciation": 417530000, "changeToNetincome": -235710000, "changeToAccountReceivables": 708260000, "changeToLiabilities": -166640000, "changeToInventory": 284620000, "changeToOperatingActivities": 15960000, "totalCashFromOperatingActivities": 2399570000, "capitalExpenditures": -182460000, "investments": -1565460000, "otherCashflowsFromInvestingActivities": 68310000, "totalCashflowsFromInvestingActivities": -1679520000, "dividendsPaid": -436520000, "netBorrowings": -178810000, "otherCashflowsFromFinancingActivities": -167180000, "totalCashFromFinancingActivities": -782510000, "changeInCash": -62460000}, {"maxAge": 1, "endDate": "2019-03-31", "netIncome": 1317170000, "depreciation": 374790000, "changeToNetincome": -153610000, "changeToAccountReceivables": 674500000, "changeToLiabilities": 1589970000, "changeToInventory": -427620000, "changeToOperatingActivities": -526750000, "totalCashFromOperatingActivities": 2857890000, "capitalExpenditures": -220100000, "investments": -1030970000, "otherCashflowsFromInvestingActivities": 85670000, "totalCashflowsFromInvestingActivities": -1164910000, "dividendsPaid": -218260000, "netBorrowings": -1502760000, "otherCashflowsFromFinancingActivities": -92870000, "totalCashFromFinancingActivities": -1813890000, "changeInCash": -120910000}, {"maxAge": 1, "endDate": "2018-03-31", "netIncome": 1156060000, "depreciation": 363090000, "changeToNetincome": -111950000, "changeToAccountReceivables": 865610000, "changeToLiabilities": -546830000, "changeToInventory": 231130000, "changeToOperatingActivities": -54530000, "totalCashFromOperatingActivities": 1911990000, "capitalExpenditures": -328320000, "investments": -524530000, "otherCashflowsFromInvestingActivities": 85910000, "totalCashflowsFromInvestingActivities": -766000000, "dividendsPaid": -218270000, "netBorrowings": -694100000, "otherCashflowsFromFinancingActivities": -138560000, "totalCashFromFinancingActivities": -1050930000, "changeInCash": 95060000}, {"maxAge": 1, "endDate": "2017-03-31", "netIncome": 1562380000, "depreciation": 511220000, "changeToNetincome": -22640000, "changeToAccountReceivables": -1212270000, "changeToLiabilities": 912520000, "changeToInventory": -256640000, "changeToOperatingActivities": 16810000, "totalCashFromOperatingActivities": 1520700000, "capitalExpenditures": -144470000, "investments": -301790000, "otherCashflowsFromInvestingActivities": 48080000, "totalCashflowsFromInvestingActivities": -381420000, "dividendsPaid": -218270000, "netBorrowings": -877530000, "otherCashflowsFromFinancingActivities": -104560000, "totalCashFromFinancingActivities": -982090000, "changeInCash": 157190000}], "maxAge": 86400}, "indexTrend": {"maxAge": 1, "symbol": "SP5", "peRatio": 19.7411, "pegRatio": 1.34172, "estimates": [{"period": "0q", "growth": 0.549}, {"period": "+1q", "growth": 0.431}, {"period": "0y", "growth": 0.305}, {"period": "+1y", "growth": 0.109}, {"period": "+5y", "growth": 0.120865}, {"period": "-5y"}]}, "defaultKeyStatistics": {"maxAge": 1, "priceHint": 2, "enterpriseValue": 12960544768, "profitMargins": 0.12679, "floatShares": 14944875, "sharesOutstanding": 43653100, "heldPercentInsiders": 0.65086997, "heldPercentInstitutions": 0.06881, "beta": 1.298309, "category": null, "bookValue": 233.129, "priceToBook": 1.5755225, "fundFamily": null, "legalType": null, "lastFiscalYearEnd": "2020-03-31 05:30:00", "nextFiscalYearEnd": "2022-03-31 05:30:00", "mostRecentQuarter": "2020-12-31 05:30:00", "earningsQuarterlyGrowth": 0.872, "netIncomeToCommon": 1372579968, "trailingEps": 31.445, "forwardEps": 33.25, "lastSplitFactor": null, "enterpriseToRevenue": 1.197, "enterpriseToEbitda": 6.106}, "industryTrend": {"maxAge": 1, "symbol": null, "estimates": []}, "quoteType": {"exchange": "NSI", "quoteType": "EQUITY", "symbol": "KSL.NS", "underlyingSymbol": "KSL.NS", "shortName": "KALYANI STEELS", "longName": "Kalyani Steels Limited", "firstTradeDateEpochUtc": "2008-10-21 09:15:00", "timeZoneFullName": "Asia/Kolkata", "timeZoneShortName": "IST", "uuid": "ac88900a-000b-3d50-8d8d-60b0abbe9a75", "gmtOffSetMilliseconds": 19800000, "maxAge": 1}, "incomeStatementHistory": {"incomeStatementHistory": [{"maxAge": 1, "endDate": "2020-03-31", "totalRevenue": 11989280000, "costOfRevenue": 6244670000, "grossProfit": 5744610000, "researchDevelopment": {}, "sellingGeneralAdministrative": 637290000, "nonRecurring": {}, "otherOperatingExpenses": 3021400000, "totalOperatingExpenses": 10330330000, "operatingIncome": 1658950000, "totalOtherIncomeExpenseNet": -10300000, "ebit": 1658950000, "interestExpense": -4080000, "incomeBeforeTax": 1648650000, "incomeTaxExpense": 307850000, "minorityInterest": -36100000, "netIncomeFromContinuingOps": 1340800000, "discontinuedOperations": {}, "extraordinaryItems": {}, "effectOfAccountingCharges": {}, "otherItems": {}, "netIncome": 1366110000, "netIncomeApplicableToCommonShares": 1366110000}, {"maxAge": 1, "endDate": "2019-03-31", "totalRevenue": 14065790000, "costOfRevenue": 7894580000, "grossProfit": 6171210000, "researchDevelopment": {}, "sellingGeneralAdministrative": 607280000, "nonRecurring": {}, "otherOperatingExpenses": 3440050000, "totalOperatingExpenses": 12326140000, "operatingIncome": 1739650000, "totalOtherIncomeExpenseNet": 178670000, "ebit": 1739650000, "interestExpense": -26960000, "incomeBeforeTax": 1918320000, "incomeTaxExpense": 604530000, "minorityInterest": -55060000, "netIncomeFromContinuingOps": 1313790000, "discontinuedOperations": {}, "extraordinaryItems": {}, "effectOfAccountingCharges": {}, "otherItems": {}, "netIncome": 1317170000, "netIncomeApplicableToCommonShares": 1317170000}, {"maxAge": 1, "endDate": "2018-03-31", "totalRevenue": 13450620000, "costOfRevenue": 7657370000, "grossProfit": 5793250000, "researchDevelopment": {}, "sellingGeneralAdministrative": 576490000, "nonRecurring": {}, "otherOperatingExpenses": 3175880000, "totalOperatingExpenses": 11782240000, "operatingIncome": 1668380000, "totalOtherIncomeExpenseNet": 81280000, "ebit": 1668380000, "interestExpense": -58420000, "incomeBeforeTax": 1749660000, "incomeTaxExpense": 597130000, "minorityInterest": -51680000, "netIncomeFromContinuingOps": 1152530000, "discontinuedOperations": {}, "extraordinaryItems": {}, "effectOfAccountingCharges": {}, "otherItems": {}, "netIncome": 1156060000, "netIncomeApplicableToCommonShares": 1156060000}, {"maxAge": 1, "endDate": "2017-03-31", "totalRevenue": 12574240000, "costOfRevenue": 6072660000, "grossProfit": 6501580000, "researchDevelopment": {}, "sellingGeneralAdministrative": 610990000, "nonRecurring": {}, "otherOperatingExpenses": 3018160000, "totalOperatingExpenses": 10222350000, "operatingIncome": 2351890000, "totalOtherIncomeExpenseNet": 34250000, "ebit": 2351890000, "interestExpense": -79810000, "incomeBeforeTax": 2386140000, "incomeTaxExpense": 827420000, "minorityInterest": -48150000, "netIncomeFromContinuingOps": 1558720000, "discontinuedOperations": {}, "extraordinaryItems": {}, "effectOfAccountingCharges": {}, "otherItems": {}, "netIncome": 1562380000, "netIncomeApplicableToCommonShares": 1562380000}], "maxAge": 86400}, "fundOwnership": {"ownershipList": [{"maxAge": 1, "reportDate": "2021-01-31", "organization": "DFA Emerging Markets Core Equity Portfolio", "pctHeld": 0.0034999999, "position": 151470, "value": 40434916}, {"maxAge": 1, "reportDate": "2021-01-31", "organization": "DFA Investment Dimensions-DFA Emerging Mkts Value", "pctHeld": 0.0017, "position": 76266, "value": 20359208}, {"maxAge": 1, "reportDate": "2021-01-31", "organization": "DFA Emerging Markets Small Cap Series", "pctHeld": 0.0017, "position": 73704, "value": 19675282}, {"maxAge": 1, "reportDate": "2021-01-31", "organization": "DFA Investment Dimensions-Emerging Markets Social Core Equity", "pctHeld": 0.00029999999, "position": 11486, "value": 3066187}, {"maxAge": 1, "reportDate": "2021-01-31", "organization": "DFA Investment Dimensions-World Ex U.S. Core Equity Port", "pctHeld": 0.0002, "position": 8932, "value": 2384397}], "maxAge": 1}, "summaryDetail": {"maxAge": 1, "priceHint": 2, "previousClose": 377.85, "open": 374.9, "dayLow": 365.25, "dayHigh": 387.7, "regularMarketPreviousClose": 377.85, "regularMarketOpen": 374.9, "regularMarketDayLow": 365.25, "regularMarketDayHigh": 387.7, "exDividendDate": "2020-03-12 05:30:00", "payoutRatio": 0.159, "beta": 1.298309, "trailingPE": 11.680712, "forwardPE": 11.046617, "volume": 195092, "regularMarketVolume": 195092, "averageVolume": 171407, "averageVolume10days": 387539, "averageDailyVolume10Day": 387539, "bid": 0.0, "ask": 0.0, "bidSize": 0, "askSize": 0, "marketCap": 16048621568, "fiftyTwoWeekLow": 123.0, "fiftyTwoWeekHigh": 387.7, "priceToSalesTrailing12Months": 1.4824804, "fiftyDayAverage": 312.97354, "twoHundredDayAverage": 262.26382, "trailingAnnualDividendRate": 0.0, "trailingAnnualDividendYield": 0.0, "currency": "INR", "fromCurrency": null, "lastMarket": null, "algorithm": null, "tradeable": false}, "insiderHolders": {"holders": [{"maxAge": 1, "name": "Kalyani (Sunita B)", "relation": "Additonal Director", "url": "", "transactionDescription": "Purchase", "latestTransDate": "2018-02-15", "positionDirect": 54150, "positionDirectDate": "2018-02-15"}, {"maxAge": 1, "name": "Sundaram Trading & Investment Pvt. Ltd.", "relation": "Promoter", "url": "", "transactionDescription": "Acquisition", "latestTransDate": "2018-03-15", "positionDirect": 7766758, "positionDirectDate": "2018-03-15"}], "maxAge": 1}, "calendarEvents": {"maxAge": 1, "earnings": {"earningsDate": []}, "exDividendDate": "2020-03-12 05:30:00"}, "upgradeDowngradeHistory": {"history": [], "maxAge": 86400}, "price": {"maxAge": 1, "regularMarketChangePercent": -0.027921181, "regularMarketChange": -10.550018, "regularMarketTime": "2021-04-30 15:29:51", "priceHint": 2, "regularMarketPrice": 367.3, "regularMarketDayHigh": 387.7, "regularMarketDayLow": 365.25, "regularMarketVolume": 195092, "averageDailyVolume10Day": 387539, "averageDailyVolume3Month": 171407, "regularMarketPreviousClose": 377.85, "regularMarketSource": "FREE_REALTIME", "regularMarketOpen": 374.9, "exchange": "NSI", "exchangeName": "NSE", "exchangeDataDelayedBy": 15, "marketState": "CLOSED", "quoteType": "EQUITY", "symbol": "KSL.NS", "underlyingSymbol": null, "shortName": "KALYANI STEELS", "longName": "Kalyani Steels Limited", "currency": "INR", "quoteSourceName": "Delayed Quote", "currencySymbol": "\u20b9", "fromCurrency": null, "lastMarket": null, "marketCap": 16048621568}, "balanceSheetHistory": {"balanceSheetStatements": [{"maxAge": 1, "endDate": "2020-03-31", "cash": 147030000, "shortTermInvestments": 3449800000, "netReceivables": 2504900000, "inventory": 1259680000, "otherCurrentAssets": 152670000, "totalCurrentAssets": 7858360000, "longTermInvestments": 1446890000, "propertyPlantEquipment": 4224900000, "intangibleAssets": 12200000, "otherAssets": 102730000, "totalAssets": 13645080000, "accountsPayable": 3135250000, "otherCurrentLiab": 360840000, "longTermDebt": 45750000, "otherLiab": 344540000, "minorityInterest": -36100000, "totalCurrentLiabilities": 3660310000, "totalLiab": 4050600000, "commonStock": 218270000, "retainedEarnings": 9341340000, "treasuryStock": 70970000, "otherStockholderEquity": 70970000, "totalStockholderEquity": 9630580000, "netTangibleAssets": 9618380000}, {"maxAge": 1, "endDate": "2019-03-31", "cash": 209490000, "shortTermInvestments": 170000000, "netReceivables": 3186690000, "inventory": 1544300000, "otherCurrentAssets": 129710000, "totalCurrentAssets": 7291310000, "longTermInvestments": 1551420000, "propertyPlantEquipment": 4278110000, "intangibleAssets": 21640000, "otherAssets": 176620000, "totalAssets": 13319100000, "accountsPayable": 3304500000, "shortLongTermDebt": 178810000, "otherCurrentLiab": 189530000, "longTermDebt": 74380000, "otherLiab": 511370000, "minorityInterest": -55060000, "totalCurrentLiabilities": 3886390000, "totalLiab": 4472140000, "commonStock": 218270000, "retainedEarnings": 8506770000, "treasuryStock": 176980000, "otherStockholderEquity": 176980000, "totalStockholderEquity": 8902020000, "netTangibleAssets": 8880380000}, {"maxAge": 1, "endDate": "2018-03-31", "cash": 330400000, "netReceivables": 3793810000, "inventory": 1116680000, "otherCurrentAssets": 180730000, "totalCurrentAssets": 6615390000, "longTermInvestments": 1560570000, "propertyPlantEquipment": 4413910000, "intangibleAssets": 31080000, "otherAssets": 177870000, "deferredLongTermAssetCharges": 120000, "totalAssets": 12798820000, "accountsPayable": 1850960000, "shortLongTermDebt": 424480000, "otherCurrentLiab": 648840000, "longTermDebt": 235760000, "otherLiab": 538660000, "minorityInterest": -51680000, "totalCurrentLiabilities": 4229140000, "totalLiab": 5003560000, "commonStock": 218270000, "retainedEarnings": 7454510000, "treasuryStock": 174160000, "otherStockholderEquity": 174160000, "totalStockholderEquity": 7846940000, "netTangibleAssets": 7815860000}, {"maxAge": 1, "endDate": "2017-03-31", "cash": 235340000, "netReceivables": 4656040000, "inventory": 1347810000, "otherCurrentAssets": 327940000, "totalCurrentAssets": 7243370000, "longTermInvestments": 1611750000, "propertyPlantEquipment": 4397210000, "intangibleAssets": 39290000, "otherAssets": 331140000, "deferredLongTermAssetCharges": 2580000, "totalAssets": 13622760000, "accountsPayable": 2450910000, "shortLongTermDebt": 488990000, "otherCurrentLiab": 965270000, "longTermDebt": 652210000, "otherLiab": 602770000, "minorityInterest": -48150000, "totalCurrentLiabilities": 5405740000, "totalLiab": 6660720000, "commonStock": 218270000, "retainedEarnings": 6561400000, "treasuryStock": 230520000, "otherStockholderEquity": 230520000, "totalStockholderEquity": 7010190000, "netTangibleAssets": 6970900000}], "maxAge": 86400}, "earningsTrend": {"trend": [{"maxAge": 1, "period": "0q", "endDate": null, "growth": {}, "earningsEstimate": {"avg": 0.0, "low": 0.0, "high": 0.0, "yearAgoEps": {}, "numberOfAnalysts": 0, "growth": {}}, "revenueEstimate": {"avg": 0, "low": 0, "high": 0, "numberOfAnalysts": 0, "yearAgoRevenue": {}, "growth": {}}, "epsTrend": {"current": 0.0, "7daysAgo": 0.0, "30daysAgo": 0.0, "60daysAgo": 0.0, "90daysAgo": 0.0}, "epsRevisions": {"upLast7days": 0, "upLast30days": 0, "downLast30days": 0, "downLast90days": {}}}, {"maxAge": 1, "period": "+1q", "endDate": null, "growth": {}, "earningsEstimate": {"avg": 0.0, "low": 0.0, "high": 0.0, "yearAgoEps": {}, "numberOfAnalysts": 0, "growth": {}}, "revenueEstimate": {"avg": 0, "low": 0, "high": 0, "numberOfAnalysts": 0, "yearAgoRevenue": {}, "growth": {}}, "epsTrend": {"current": 0.0, "7daysAgo": 0.0, "30daysAgo": 0.0, "60daysAgo": 0.0, "90daysAgo": 0.0}, "epsRevisions": {"upLast7days": 0, "upLast30days": 0, "downLast30days": 0, "downLast90days": {}}}, {"maxAge": 1, "period": "0y", "endDate": null, "growth": {}, "earningsEstimate": {"avg": 0.0, "low": 0.0, "high": 0.0, "yearAgoEps": {}, "numberOfAnalysts": 0, "growth": {}}, "revenueEstimate": {"avg": 0, "low": 0, "high": 0, "numberOfAnalysts": 0, "yearAgoRevenue": {}, "growth": {}}, "epsTrend": {"current": 0.0, "7daysAgo": 0.0, "30daysAgo": 0.0, "60daysAgo": 0.0, "90daysAgo": 0.0}, "epsRevisions": {"upLast7days": 0, "upLast30days": 0, "downLast30days": 0, "downLast90days": {}}}, {"maxAge": 1, "period": "+1y", "endDate": null, "growth": {}, "earningsEstimate": {"avg": 0.0, "low": 0.0, "high": 0.0, "yearAgoEps": {}, "numberOfAnalysts": 0, "growth": {}}, "revenueEstimate": {"avg": 0, "low": 0, "high": 0, "numberOfAnalysts": 0, "yearAgoRevenue": {}, "growth": {}}, "epsTrend": {"current": 0.0, "7daysAgo": 0.0, "30daysAgo": 0.0, "60daysAgo": 0.0, "90daysAgo": 0.0}, "epsRevisions": {"upLast7days": 0, "upLast30days": 0, "downLast30days": 0, "downLast90days": {}}}, {"maxAge": 1, "period": "+5y", "endDate": null, "growth": {}, "earningsEstimate": {"avg": {}, "low": {}, "high": {}, "yearAgoEps": {}, "numberOfAnalysts": {}, "growth": {}}, "revenueEstimate": {"avg": {}, "low": {}, "high": {}, "numberOfAnalysts": {}, "yearAgoRevenue": {}, "growth": {}}, "epsTrend": {"current": {}, "7daysAgo": {}, "30daysAgo": {}, "60daysAgo": {}, "90daysAgo": {}}, "epsRevisions": {"upLast7days": {}, "upLast30days": {}, "downLast30days": {}, "downLast90days": {}}}, {"maxAge": 1, "period": "-5y", "endDate": null, "growth": 0.36655, "earningsEstimate": {"avg": {}, "low": {}, "high": {}, "yearAgoEps": {}, "numberOfAnalysts": {}, "growth": {}}, "revenueEstimate": {"avg": {}, "low": {}, "high": {}, "numberOfAnalysts": {}, "yearAgoRevenue": {}, "growth": {}}, "epsTrend": {"current": {}, "7daysAgo": {}, "30daysAgo": {}, "60daysAgo": {}, "90daysAgo": {}}, "epsRevisions": {"upLast7days": {}, "upLast30days": {}, "downLast30days": {}, "downLast90days": {}}}], "maxAge": 1}, "institutionOwnership": {"ownershipList": [], "maxAge": 1}, "majorHoldersBreakdown": {"maxAge": 1, "insidersPercentHeld": 0.65086997, "institutionsPercentHeld": 0.06881, "institutionsFloatPercentHeld": 0.19709998, "institutionsCount": 5}, "balanceSheetHistoryQuarterly": {"balanceSheetStatements": [{"maxAge": 1, "endDate": "2020-12-31", "totalStockholderEquity": 10174410000, "netTangibleAssets": 10166930000}, {"maxAge": 1, "endDate": "2020-09-30", "cash": 4051530000, "netReceivables": 2616620000, "inventory": 1359890000, "otherCurrentAssets": 166520000, "totalCurrentAssets": 8194560000, "longTermInvestments": 1462850000, "propertyPlantEquipment": 4037800000, "intangibleAssets": 7480000, "otherAssets": 814510000, "totalAssets": 14517200000, "accountsPayable": 2947820000, "shortLongTermDebt": 500000000, "otherCurrentLiab": 441890000, "longTermDebt": 47350000, "otherLiab": 425560000, "minorityInterest": -37090000, "totalCurrentLiabilities": 3906970000, "totalLiab": 4379880000, "commonStock": 218640000, "retainedEarnings": 9885170000, "treasuryStock": 70600000, "otherStockholderEquity": 70600000, "totalStockholderEquity": 10174410000, "netTangibleAssets": 10166930000}, {"maxAge": 1, "endDate": "2020-06-30", "totalStockholderEquity": 9630580000, "netTangibleAssets": 9618380000}, {"maxAge": 1, "endDate": "2020-03-31", "cash": 147030000, "shortTermInvestments": 3449800000, "netReceivables": 2504900000, "inventory": 1259680000, "otherCurrentAssets": 152670000, "totalCurrentAssets": 7858360000, "longTermInvestments": 1446890000, "propertyPlantEquipment": 4224900000, "intangibleAssets": 12200000, "otherAssets": 102730000, "totalAssets": 13645080000, "accountsPayable": 3135250000, "otherCurrentLiab": 360840000, "longTermDebt": 45750000, "otherLiab": 344540000, "minorityInterest": -36100000, "totalCurrentLiabilities": 3660310000, "totalLiab": 4050600000, "commonStock": 218270000, "retainedEarnings": 9341340000, "treasuryStock": 70970000, "otherStockholderEquity": 70970000, "totalStockholderEquity": 9630580000, "netTangibleAssets": 9618380000}], "maxAge": 86400}, "earningsHistory": {"history": [{"maxAge": 1, "epsActual": {}, "epsEstimate": {}, "epsDifference": {}, "surprisePercent": {}, "quarter": {}, "period": "-4q"}, {"maxAge": 1, "epsActual": {}, "epsEstimate": {}, "epsDifference": {}, "surprisePercent": {}, "quarter": {}, "period": "-3q"}, {"maxAge": 1, "epsActual": {}, "epsEstimate": {}, "epsDifference": {}, "surprisePercent": {}, "quarter": {}, "period": "-2q"}, {"maxAge": 1, "epsActual": {}, "epsEstimate": {}, "epsDifference": {}, "surprisePercent": {}, "quarter": {}, "period": "-1q"}], "maxAge": 86400}, "summaryProfile": {"address1": "Corporate Building", "address2": "2nd Floor Mundhwa", "city": "Pune", "zip": "411036", "country": "India", "phone": "91 20 6621 5000", "fax": "91 20 2682 1124", "website": "http://www.kalyanisteels.com", "industry": "Steel", "sector": "Basic Materials", "longBusinessSummary": "Kalyani Steels Limited manufactures and sells iron and steel products. It provides rolled bars for various automotive applications, including crankshaft, camshaft, connecting rods, gears, transmission shafts, axle beams, steering knuckles, and others; rolled bars for engineering applications comprising alloyed steels for use in energy, railways, defense, fasteners, material handling, etc.; and steel for use in the earthmoving, cement, sugar, steel, coal, ship-building, and oilfield industries, as well as general engineering equipment. The company also offers round cast for seamless tube industry; and machined bars for aluminum smelting industry. It also serves various component manufacturers of commercial vehicles, two wheelers, diesel engines, bearings, tractors, turbines, and rail in India and internationally. The company was founded in 1973 and is based in Pune, India.", "fullTimeEmployees": 54, "companyOfficers": [], "maxAge": 86400}, "netSharePurchaseActivity": {"maxAge": 1, "period": "6m", "buyInfoCount": 0, "buyInfoShares": 0, "sellInfoCount": 0, "netInfoCount": 0, "netInfoShares": 0, "netPercentInsiderShares": 0.0, "totalInsiderShares": 28425394}, "insiderTransactions": {"transactions": [{"maxAge": 1, "shares": 365821, "filerUrl": "", "transactionText": "", "filerName": "Sundaram Trading & Investment Pvt. Ltd.", "filerRelation": "Promoter", "moneyText": "", "startDate": "2018-03-15", "ownership": "D"}, {"maxAge": 1, "shares": 400000, "filerUrl": "", "transactionText": "", "filerName": "Sundaram Trading & Investment Pvt. Ltd.", "filerRelation": "Promoter", "moneyText": "", "startDate": "2018-03-14", "ownership": "D"}, {"maxAge": 1, "shares": 400000, "filerUrl": "", "transactionText": "", "filerName": "Sundaram Trading & Investment Pvt. Ltd.", "filerRelation": "Promoter", "moneyText": "", "startDate": "2018-03-13", "ownership": "D"}, {"maxAge": 1, "shares": 409357, "filerUrl": "", "transactionText": "", "filerName": "Sundaram Trading & Investment Pvt. Ltd.", "filerRelation": "Promoter", "moneyText": "", "startDate": "2018-03-12", "ownership": "D"}, {"maxAge": 1, "shares": 12919, "filerUrl": "", "transactionText": "", "filerName": "Sundaram Trading & Investment Pvt. Ltd.", "filerRelation": "Promoter", "moneyText": "", "startDate": "2018-03-09", "ownership": "D"}, {"maxAge": 1, "shares": 402, "filerUrl": "", "transactionText": "", "filerName": "Sundaram Trading & Investment Pvt. Ltd.", "filerRelation": "Promoter", "moneyText": "", "startDate": "2018-03-09", "ownership": "D"}, {"maxAge": 1, "shares": 66000, "filerUrl": "", "transactionText": "", "filerName": "Sundaram Trading & Investment Pvt. Ltd.", "filerRelation": "Promoter", "moneyText": "", "startDate": "2018-03-08", "ownership": "D"}, {"maxAge": 1, "shares": 12270, "filerUrl": "", "transactionText": "", "filerName": "Sundaram Trading & Investment Pvt. Ltd.", "filerRelation": "Promoter", "moneyText": "", "startDate": "2018-03-08", "ownership": "D"}, {"maxAge": 1, "shares": 33500, "filerUrl": "", "transactionText": "", "filerName": "Sundaram Trading & Investment Pvt. Ltd.", "filerRelation": "Promoter", "moneyText": "", "startDate": "2018-03-07", "ownership": "D"}, {"maxAge": 1, "shares": 6000, "filerUrl": "", "transactionText": "", "filerName": "Sundaram Trading & Investment Pvt. Ltd.", "filerRelation": "Promoter", "moneyText": "", "startDate": "2018-03-07", "ownership": "D"}, {"maxAge": 1, "shares": 67243, "filerUrl": "", "transactionText": "", "filerName": "Sundaram Trading & Investment Pvt. Ltd.", "filerRelation": "Promoter", "moneyText": "", "startDate": "2018-03-06", "ownership": "D"}, {"maxAge": 1, "shares": 9932, "filerUrl": "", "transactionText": "", "filerName": "Sundaram Trading & Investment Pvt. Ltd.", "filerRelation": "Promoter", "moneyText": "", "startDate": "2018-03-05", "ownership": "D"}, {"maxAge": 1, "shares": 46407, "filerUrl": "", "transactionText": "", "filerName": "Kalyani (Sunita B)", "filerRelation": "Additonal Director", "moneyText": "", "startDate": "2018-02-15", "ownership": "D"}, {"maxAge": 1, "shares": 13760, "filerUrl": "", "transactionText": "", "filerName": "Sundaram Trading & Investment Pvt. Ltd.", "filerRelation": "Promoter", "moneyText": "", "startDate": "2015-04-13", "ownership": "D"}, {"maxAge": 1, "shares": 168700, "filerUrl": "", "transactionText": "", "filerName": "Sundaram Trading & Investment Pvt. Ltd.", "filerRelation": "Promoter", "moneyText": "", "startDate": "2015-03-16", "ownership": "D"}, {"maxAge": 1, "shares": 26812, "filerUrl": "", "transactionText": "", "filerName": "Sundaram Trading & Investment Pvt. Ltd.", "filerRelation": "Promoter", "moneyText": "", "startDate": "2015-03-09", "ownership": "D"}, {"maxAge": 1, "shares": 3281, "filerUrl": "", "transactionText": "", "filerName": "Sundaram Trading & Investment Pvt. Ltd.", "filerRelation": "Promoter", "moneyText": "", "startDate": "2015-03-05", "ownership": "D"}, {"maxAge": 1, "shares": 116907, "filerUrl": "", "transactionText": "", "filerName": "Sundaram Trading & Investment Pvt. Ltd.", "filerRelation": "Promoter", "moneyText": "", "startDate": "2015-03-02", "ownership": "D"}], "maxAge": 1}, "sectorTrend": {"maxAge": 1, "symbol": null, "estimates": []}, "incomeStatementHistoryQuarterly": {"incomeStatementHistory": [{"maxAge": 1, "endDate": "2020-12-31", "totalRevenue": 3677210000, "costOfRevenue": 2561790000, "grossProfit": 1115420000, "researchDevelopment": {}, "sellingGeneralAdministrative": 147240000, "nonRecurring": {}, "otherOperatingExpenses": 129170000, "totalOperatingExpenses": 2947090000, "operatingIncome": 730120000, "totalOtherIncomeExpenseNet": 78510000, "ebit": 730120000, "interestExpense": -13560000, "incomeBeforeTax": 808630000, "incomeTaxExpense": 204510000, "minorityInterest": {}, "netIncomeFromContinuingOps": 604120000, "discontinuedOperations": {}, "extraordinaryItems": {}, "effectOfAccountingCharges": {}, "otherItems": {}, "netIncome": 604870000, "netIncomeApplicableToCommonShares": 604870000}, {"maxAge": 1, "endDate": "2020-09-30", "totalRevenue": 3219000000, "costOfRevenue": 2307550000, "grossProfit": 911450000, "researchDevelopment": {}, "sellingGeneralAdministrative": 140340000, "nonRecurring": {}, "otherOperatingExpenses": 157470000, "totalOperatingExpenses": 2716000000, "operatingIncome": 503000000, "totalOtherIncomeExpenseNet": 102890000, "ebit": 503000000, "interestExpense": -13520000, "incomeBeforeTax": 605890000, "incomeTaxExpense": 152660000, "minorityInterest": -37090000, "netIncomeFromContinuingOps": 453230000, "discontinuedOperations": {}, "extraordinaryItems": {}, "effectOfAccountingCharges": {}, "otherItems": {}, "netIncome": 453450000, "netIncomeApplicableToCommonShares": 453450000}, {"maxAge": 1, "endDate": "2020-06-30", "totalRevenue": 1211850000, "costOfRevenue": 878890000, "grossProfit": 332960000, "researchDevelopment": {}, "sellingGeneralAdministrative": 128390000, "nonRecurring": {}, "otherOperatingExpenses": 61540000, "totalOperatingExpenses": 1182620000, "operatingIncome": 29230000, "totalOtherIncomeExpenseNet": 86310000, "ebit": 29230000, "interestExpense": -14090000, "incomeBeforeTax": 115540000, "incomeTaxExpense": 28650000, "minorityInterest": -37090000, "netIncomeFromContinuingOps": 86890000, "discontinuedOperations": {}, "extraordinaryItems": {}, "effectOfAccountingCharges": {}, "otherItems": {}, "netIncome": 87640000, "netIncomeApplicableToCommonShares": 87640000}, {"maxAge": 1, "endDate": "2020-03-31", "totalRevenue": 2717460000, "costOfRevenue": -568500000, "grossProfit": 3285960000, "researchDevelopment": {}, "sellingGeneralAdministrative": 222670000, "nonRecurring": {}, "otherOperatingExpenses": 2538200000, "totalOperatingExpenses": 2306870000, "operatingIncome": 410590000, "totalOtherIncomeExpenseNet": -99360000, "ebit": 410590000, "interestExpense": -14090000, "incomeBeforeTax": 311230000, "incomeTaxExpense": 103410000, "minorityInterest": -36100000, "netIncomeFromContinuingOps": 207820000, "discontinuedOperations": {}, "extraordinaryItems": {}, "effectOfAccountingCharges": {}, "otherItems": {}, "netIncome": 226620000, "netIncomeApplicableToCommonShares": 226620000}], "maxAge": 86400}, "cashflowStatementHistoryQuarterly": {"cashflowStatements": [{"maxAge": 1, "endDate": "2020-12-31", "netIncome": 604870000, "changeToLiabilities": 0}, {"maxAge": 1, "endDate": "2020-09-30", "netIncome": 453450000, "changeToLiabilities": 0}, {"maxAge": 1, "endDate": "2020-06-30", "netIncome": 87640000, "changeToLiabilities": 0}, {"maxAge": 1, "endDate": "2020-03-31", "netIncome": 226620000, "changeToLiabilities": 0}], "maxAge": 86400}, "earnings": {"maxAge": 86400, "earningsChart": {"quarterly": [], "earningsDate": []}, "financialsChart": {"yearly": [{"date": 2017, "revenue": 12574240000, "earnings": 1562380000}, {"date": 2018, "revenue": 13450620000, "earnings": 1156060000}, {"date": 2019, "revenue": 14065790000, "earnings": 1317170000}, {"date": 2020, "revenue": 11989280000, "earnings": 1366110000}], "quarterly": [{"date": "1Q2020", "revenue": 2717460000, "earnings": 226620000}, {"date": "2Q2020", "revenue": 1211850000, "earnings": 87640000}, {"date": "3Q2020", "revenue": 3219000000, "earnings": 453450000}, {"date": "4Q2020", "revenue": 3677210000, "earnings": 604870000}]}, "financialCurrency": "INR"}, "financialData": {"maxAge": 86400, "currentPrice": 367.3, "targetHighPrice": 574.0, "targetLowPrice": 574.0, "targetMeanPrice": 574.0, "targetMedianPrice": 574.0, "recommendationMean": 2.0, "recommendationKey": "buy", "numberOfAnalystOpinions": 1, "totalCash": 4051529984, "totalCashPerShare": 92.77, "ebitda": 2122525056, "totalDebt": 547350016, "totalRevenue": 10825520128, "debtToEquity": 5.399, "revenuePerShare": 248.003, "grossProfits": 5744610000, "earningsGrowth": 0.872, "revenueGrowth": 0.311, "grossMargins": 0.52153, "ebitdaMargins": 0.19607, "operatingMargins": 0.15454, "profitMargins": 0.12679, "financialCurrency": "INR"}}}