{"KTIL.BO": {"recommendationTrend": {"trend": [{"period": "0m", "strongBuy": 0, "buy": 0, "hold": 0, "sell": 0, "strongSell": 0}, {"period": "-1m", "strongBuy": 0, "buy": 0, "hold": 0, "sell": 0, "strongSell": 0}, {"period": "-2m", "strongBuy": 0, "buy": 0, "hold": 0, "sell": 0, "strongSell": 0}, {"period": "-3m", "strongBuy": 0, "buy": 0, "hold": 0, "sell": 0, "strongSell": 0}], "maxAge": 86400}, "cashflowStatementHistory": {"cashflowStatements": [{"maxAge": 1, "endDate": "2020-03-31", "netIncome": -168519000, "depreciation": 114630000, "changeToNetincome": 222271000, "changeToAccountReceivables": 16471000, "changeToLiabilities": -21041000, "changeToInventory": -15000, "changeToOperatingActivities": -11940000, "totalCashFromOperatingActivities": 152192000, "capitalExpenditures": -25199000, "otherCashflowsFromInvestingActivities": 2183000, "totalCashflowsFromInvestingActivities": -22992000, "dividendsPaid": -24297000, "netBorrowings": -59626000, "otherCashflowsFromFinancingActivities": -11917000, "totalCashFromFinancingActivities": -95840000, "changeInCash": 33360000}, {"maxAge": 1, "endDate": "2019-03-31", "netIncome": -129383000, "depreciation": 92241000, "changeToNetincome": 146470000, "changeToAccountReceivables": -26886000, "changeToLiabilities": 19679000, "changeToInventory": 212000, "changeToOperatingActivities": 9422000, "totalCashFromOperatingActivities": 112311000, "capitalExpenditures": -6144000, "otherCashflowsFromInvestingActivities": 9492000, "totalCashflowsFromInvestingActivities": 5543000, "dividendsPaid": -11009000, "netBorrowings": -85982000, "otherCashflowsFromFinancingActivities": -32140000, "totalCashFromFinancingActivities": -129131000, "changeInCash": -11277000}, {"maxAge": 1, "endDate": "2018-03-31", "netIncome": -77977000, "depreciation": 95407000, "changeToNetincome": 81757000, "changeToAccountReceivables": 11239000, "changeToLiabilities": 8248000, "changeToInventory": 141000, "changeToOperatingActivities": -16666000, "totalCashFromOperatingActivities": 102992000, "capitalExpenditures": -9805000, "investments": 7025000, "otherCashflowsFromInvestingActivities": 3333000, "totalCashflowsFromInvestingActivities": 623000, "dividendsPaid": -5496000, "netBorrowings": -111365000, "otherCashflowsFromFinancingActivities": -52689000, "totalCashFromFinancingActivities": -169550000, "changeInCash": -65935000}, {"maxAge": 1, "endDate": "2017-03-31", "netIncome": -57465780, "depreciation": 95189496, "changeToNetincome": 151992547, "changeToAccountReceivables": -9493495, "changeToLiabilities": 19997833, "changeToInventory": -133977, "changeToOperatingActivities": 25382950, "totalCashFromOperatingActivities": 226805995, "capitalExpenditures": -135090536, "investments": 7025000, "otherCashflowsFromInvestingActivities": 51889519, "totalCashflowsFromInvestingActivities": -83185889, "dividendsPaid": -4008749, "netBorrowings": 79421844, "otherCashflowsFromFinancingActivities": -138530802, "totalCashFromFinancingActivities": -63117707, "changeInCash": 80502399}], "maxAge": 86400}, "institutionOwnership": {"maxAge": 1, "ownershipList": []}, "balanceSheetHistoryQuarterly": {"balanceSheetStatements": [{"maxAge": 1, "endDate": "2020-06-30", "totalStockholderEquity": 226865000, "netTangibleAssets": 226151000}, {"maxAge": 1, "endDate": "2020-03-31", "cash": 35867000, "shortTermInvestments": 862000, "netReceivables": 65727000, "inventory": 818000, "otherCurrentAssets": 13865000, "totalCurrentAssets": 121857000, "longTermInvestments": 5000, "propertyPlantEquipment": 2269408000, "intangibleAssets": 714000, "otherAssets": 7690000, "totalAssets": 2399674000, "accountsPayable": 56703000, "shortLongTermDebt": 1716000, "otherCurrentLiab": 1370826000, "longTermDebt": 5107000, "otherLiab": 22437000, "totalCurrentLiabilities": 1688940000, "totalLiab": 2172809000, "commonStock": 54632000, "retainedEarnings": 172854000, "treasuryStock": -621000, "otherStockholderEquity": -621000, "totalStockholderEquity": 226865000, "netTangibleAssets": 226151000}, {"maxAge": 1, "endDate": "2019-12-31", "totalStockholderEquity": 324270000, "netTangibleAssets": 323394000}, {"maxAge": 1, "endDate": "2019-09-30", "cash": 19369000, "netReceivables": 52593000, "inventory": 1075000, "otherCurrentAssets": 16943000, "totalCurrentAssets": 89980000, "longTermInvestments": 7941000, "propertyPlantEquipment": 2318141000, "intangibleAssets": 876000, "otherAssets": 43000, "totalAssets": 2416981000, "accountsPayable": 77315000, "otherCurrentLiab": 1349020000, "longTermDebt": 2234000, "otherLiab": 20198000, "totalCurrentLiabilities": 1546923000, "totalLiab": 2092711000, "commonStock": 54632000, "treasuryStock": 269638000, "otherStockholderEquity": 269638000, "totalStockholderEquity": 324270000, "netTangibleAssets": 323394000}], "maxAge": 86400}, "earningsHistory": {"history": [{"maxAge": 1, "epsActual": {}, "epsEstimate": {}, "epsDifference": {}, "surprisePercent": {}, "quarter": {}, "period": "-4q"}, {"maxAge": 1, "epsActual": 3.85, "epsEstimate": 4.16, "epsDifference": -0.31, "surprisePercent": -0.075, "quarter": "2016-03-31", "period": "-3q"}, {"maxAge": 1, "epsActual": 3.37, "epsEstimate": 4.0, "epsDifference": -0.63, "surprisePercent": -0.157, "quarter": "2016-06-30", "period": "-2q"}, {"maxAge": 1, "epsActual": 3.77, "epsEstimate": 3.61, "epsDifference": 0.16, "surprisePercent": 0.044, "quarter": "2017-03-31", "period": "-1q"}], "maxAge": 86400}, "indexTrend": {"maxAge": 1, "symbol": "SP5", "peRatio": 19.7411, "pegRatio": 1.34172, "estimates": [{"period": "0q", "growth": 0.549}, {"period": "+1q", "growth": 0.431}, {"period": "0y", "growth": 0.305}, {"period": "+1y", "growth": 0.109}, {"period": "+5y", "growth": 0.120859005}, {"period": "-5y"}]}, "industryTrend": {"maxAge": 1, "symbol": null, "estimates": []}, "insiderTransactions": {"transactions": [{"maxAge": 1, "shares": 3500, "value": 1390, "filerUrl": "", "transactionText": "Acquisition at price 0.40 per share.", "filerName": "Kesar Corporation Pvt. Ltd.", "filerRelation": "Promoter", "moneyText": "", "startDate": "2020-09-30", "ownership": "D"}, {"maxAge": 1, "shares": 1855, "value": 732, "filerUrl": "", "transactionText": "Acquisition at price 0.39 per share.", "filerName": "Kesar Corporation Pvt. Ltd.", "filerRelation": "Promoter", "moneyText": "", "startDate": "2020-09-29", "ownership": "D"}, {"maxAge": 1, "shares": 44000, "value": 16662, "filerUrl": "", "transactionText": "Acquisition at price 0.38 per share.", "filerName": "Kesar Corporation Pvt. Ltd.", "filerRelation": "Promoter", "moneyText": "", "startDate": "2020-09-28", "ownership": "D"}, {"maxAge": 1, "shares": 0, "filerUrl": "", "transactionText": "", "filerName": "Kesar Corporation Pvt. Ltd.", "filerRelation": "Institution- Corporation", "moneyText": "", "startDate": "2020-09-28", "ownership": "I"}, {"maxAge": 1, "shares": 1605842, "value": 611986, "filerUrl": "", "transactionText": "Acquisition at price 0.38 per share.", "filerName": "Kesar Corporation Pvt. Ltd.", "filerRelation": "Promoter", "moneyText": "", "startDate": "2020-09-25", "ownership": "D"}, {"maxAge": 1, "shares": 0, "filerUrl": "", "transactionText": "", "filerName": "Kesar Corporation Pvt. Ltd.", "filerRelation": "Institution- Corporation", "moneyText": "", "startDate": "2020-09-25", "ownership": "I"}, {"maxAge": 1, "shares": 640348, "filerUrl": "", "transactionText": "", "filerName": "Harsh Family Trust", "filerRelation": "Institution- Corporation", "moneyText": "", "startDate": "2019-02-05", "ownership": "D"}, {"maxAge": 1, "shares": 336960, "filerUrl": "", "transactionText": "", "filerName": "Kilachand (Madhavi Harsh)", "filerRelation": "Promoter", "moneyText": "", "startDate": "2019-02-05", "ownership": "D"}, {"maxAge": 1, "shares": 29100, "filerUrl": "", "transactionText": "", "filerName": "Kilachand (Madhavi Harsh)", "filerRelation": "Promoter", "moneyText": "", "startDate": "2019-01-28", "ownership": "D"}], "maxAge": 1}, "quoteType": {"exchange": "BSE", "quoteType": "EQUITY", "symbol": "KTIL.BO", "underlyingSymbol": "KTIL.BO", "shortName": "KESAR TERMINALS & INFRASTRUCTU", "longName": "Kesar Terminals & Infrastructure Limited", "firstTradeDateEpochUtc": "2000-08-16 09:15:00", "timeZoneFullName": "Asia/Kolkata", "timeZoneShortName": "IST", "uuid": "7da00ae0-d122-3347-bcd5-3f6dce28843f", "messageBoardId": null, "gmtOffSetMilliseconds": 19800000, "maxAge": 1}, "incomeStatementHistory": {"incomeStatementHistory": [{"maxAge": 1, "endDate": "2020-03-31", "totalRevenue": 418472000, "costOfRevenue": 117953000, "grossProfit": 300519000, "researchDevelopment": {}, "sellingGeneralAdministrative": 6522000, "nonRecurring": {}, "otherOperatingExpenses": 88627000, "totalOperatingExpenses": 326875000, "operatingIncome": 91597000, "totalOtherIncomeExpenseNet": -248678000, "ebit": 91597000, "interestExpense": -248314000, "incomeBeforeTax": -157081000, "incomeTaxExpense": 11438000, "minorityInterest": {}, "netIncomeFromContinuingOps": -168519000, "discontinuedOperations": {}, "extraordinaryItems": {}, "effectOfAccountingCharges": {}, "otherItems": {}, "netIncome": -168519000, "netIncomeApplicableToCommonShares": -168519000}, {"maxAge": 1, "endDate": "2019-03-31", "totalRevenue": 418553000, "costOfRevenue": 111778000, "grossProfit": 306775000, "researchDevelopment": {}, "sellingGeneralAdministrative": 59082000, "nonRecurring": {}, "otherOperatingExpenses": 94007000, "totalOperatingExpenses": 356475000, "operatingIncome": 62078000, "totalOtherIncomeExpenseNet": -176666000, "ebit": 62078000, "interestExpense": -177385000, "incomeBeforeTax": -114588000, "incomeTaxExpense": 14795000, "minorityInterest": {}, "netIncomeFromContinuingOps": -129383000, "discontinuedOperations": {}, "extraordinaryItems": {}, "effectOfAccountingCharges": {}, "otherItems": {}, "netIncome": -129383000, "netIncomeApplicableToCommonShares": -129383000}, {"maxAge": 1, "endDate": "2018-03-31", "totalRevenue": 440474000, "costOfRevenue": 113379000, "grossProfit": 327095000, "researchDevelopment": {}, "sellingGeneralAdministrative": 82121000, "nonRecurring": {}, "otherOperatingExpenses": 79959000, "totalOperatingExpenses": 370520000, "operatingIncome": 69954000, "totalOtherIncomeExpenseNet": -136985000, "ebit": 69954000, "interestExpense": -141561000, "incomeBeforeTax": -67031000, "incomeTaxExpense": 11086000, "minorityInterest": {}, "netIncomeFromContinuingOps": -78117000, "discontinuedOperations": {}, "extraordinaryItems": {}, "effectOfAccountingCharges": {}, "otherItems": {}, "netIncome": -77977000, "netIncomeApplicableToCommonShares": -77977000}, {"maxAge": 1, "endDate": "2017-03-31", "totalRevenue": 481050569, "costOfRevenue": 132623236, "grossProfit": 348427333, "researchDevelopment": {}, "sellingGeneralAdministrative": 20187545, "nonRecurring": {}, "otherOperatingExpenses": 95884939, "totalOperatingExpenses": 345221637, "operatingIncome": 135828932, "totalOtherIncomeExpenseNet": -119943769, "ebit": 135828932, "interestExpense": -129286176, "incomeBeforeTax": 15885163, "incomeTaxExpense": 73501500, "minorityInterest": 99443, "netIncomeFromContinuingOps": -57616337, "discontinuedOperations": {}, "extraordinaryItems": {}, "effectOfAccountingCharges": {}, "otherItems": {}, "netIncome": -57465780, "netIncomeApplicableToCommonShares": -57465780}], "maxAge": 86400}, "fundOwnership": {"maxAge": 1, "ownershipList": []}, "summaryDetail": {"maxAge": 1, "priceHint": 2, "previousClose": 31.85, "open": 31.9, "dayLow": 31.4, "dayHigh": 32.5, "regularMarketPreviousClose": 31.85, "regularMarketOpen": 31.9, "regularMarketDayLow": 31.4, "regularMarketDayHigh": 32.5, "volume": 2857, "regularMarketVolume": 2857, "averageVolume": 6766, "averageVolume10days": 3032, "averageDailyVolume10Day": 3032, "bid": 32.0, "ask": 32.5, "bidSize": 0, "askSize": 0, "marketCap": 349648000, "fiftyTwoWeekLow": 15.65, "fiftyTwoWeekHigh": 44.95, "fiftyDayAverage": 38.53, "twoHundredDayAverage": 32.901096, "trailingAnnualDividendRate": 1.25, "trailingAnnualDividendYield": 0.039246466, "currency": "INR", "fromCurrency": null, "toCurrency": null, "lastMarket": null, "algorithm": null, "tradeable": false}, "sectorTrend": {"maxAge": 1, "symbol": null, "estimates": []}, "incomeStatementHistoryQuarterly": {"incomeStatementHistory": [{"maxAge": 1, "endDate": "2020-06-30", "totalRevenue": 108486000, "costOfRevenue": 25103000, "grossProfit": 83383000, "researchDevelopment": {}, "sellingGeneralAdministrative": 740000, "nonRecurring": {}, "otherOperatingExpenses": 25859000, "totalOperatingExpenses": 80490000, "operatingIncome": 27996000, "totalOtherIncomeExpenseNet": -65169000, "ebit": 27996000, "interestExpense": -65659000, "incomeBeforeTax": -37173000, "incomeTaxExpense": 9910000, "minorityInterest": {}, "netIncomeFromContinuingOps": -47083000, "discontinuedOperations": {}, "extraordinaryItems": {}, "effectOfAccountingCharges": {}, "otherItems": {}, "netIncome": -47083000, "netIncomeApplicableToCommonShares": -47083000}, {"maxAge": 1, "endDate": "2020-03-31", "totalRevenue": 102661000, "costOfRevenue": 28593000, "grossProfit": 74068000, "researchDevelopment": {}, "sellingGeneralAdministrative": 4368000, "nonRecurring": {}, "otherOperatingExpenses": 18709000, "totalOperatingExpenses": 79930000, "operatingIncome": 22731000, "totalOtherIncomeExpenseNet": -64158000, "ebit": 22731000, "interestExpense": -62344000, "incomeBeforeTax": -41427000, "incomeTaxExpense": 5933000, "minorityInterest": {}, "netIncomeFromContinuingOps": -47360000, "discontinuedOperations": {}, "extraordinaryItems": {}, "effectOfAccountingCharges": {}, "otherItems": {}, "netIncome": -47360000, "netIncomeApplicableToCommonShares": -47360000}, {"maxAge": 1, "endDate": "2019-12-31", "totalRevenue": 106395000, "costOfRevenue": 29193000, "grossProfit": 77202000, "researchDevelopment": {}, "sellingGeneralAdministrative": 710000, "nonRecurring": {}, "otherOperatingExpenses": 29015000, "totalOperatingExpenses": 88049000, "operatingIncome": 18346000, "totalOtherIncomeExpenseNet": -63962000, "ebit": 18346000, "interestExpense": -64724000, "incomeBeforeTax": -45616000, "incomeTaxExpense": -12655000, "minorityInterest": {}, "netIncomeFromContinuingOps": -32961000, "discontinuedOperations": {}, "extraordinaryItems": {}, "effectOfAccountingCharges": {}, "otherItems": {}, "netIncome": -32961000, "netIncomeApplicableToCommonShares": -32961000}, {"maxAge": 1, "endDate": "2019-09-30", "totalRevenue": 104404000, "costOfRevenue": 32727000, "grossProfit": 71677000, "researchDevelopment": {}, "sellingGeneralAdministrative": 908000, "nonRecurring": {}, "otherOperatingExpenses": 21352000, "totalOperatingExpenses": 83371000, "operatingIncome": 21033000, "totalOtherIncomeExpenseNet": -61220000, "ebit": 21033000, "interestExpense": -61499000, "incomeBeforeTax": -40187000, "incomeTaxExpense": 8930000, "minorityInterest": {}, "netIncomeFromContinuingOps": -49117000, "discontinuedOperations": {}, "extraordinaryItems": {}, "effectOfAccountingCharges": {}, "otherItems": {}, "netIncome": -49117000, "netIncomeApplicableToCommonShares": -49117000}], "maxAge": 86400}, "cashflowStatementHistoryQuarterly": {"cashflowStatements": [{"maxAge": 1, "endDate": "2020-06-30", "netIncome": -47083000, "changeToLiabilities": 0}, {"maxAge": 1, "endDate": "2020-03-31", "netIncome": -47360000, "changeToLiabilities": 0}, {"maxAge": 1, "endDate": "2019-12-31", "netIncome": -32961000, "changeToLiabilities": 0}, {"maxAge": 1, "endDate": "2019-09-30", "netIncome": -49117000, "changeToLiabilities": 0}], "maxAge": 86400}, "insiderHolders": {"holders": [{"maxAge": 1, "name": "Harsh Family Trust", "relation": "Institution- Corporation", "url": "", "transactionDescription": "Gift", "latestTransDate": "2019-02-05", "positionDirect": 640348, "positionDirectDate": "2019-02-05"}, {"maxAge": 1, "name": "Kesar Corporation Pvt. Ltd.", "relation": "Promoter", "url": "", "transactionDescription": "Acquisition", "latestTransDate": "2020-09-30", "positionDirect": 3104447, "positionDirectDate": "2020-09-30"}, {"maxAge": 1, "name": "Kilachand (Madhavi Harsh)", "relation": "Promoter", "url": "", "transactionDescription": "Gift", "latestTransDate": "2019-02-05", "positionDirect": 0, "positionDirectDate": "2019-02-05"}], "maxAge": 1}, "earnings": {"maxAge": 86400, "earningsChart": {"quarterly": [{"date": "1Q2016", "actual": 3.85, "estimate": 4.16}, {"date": "2Q2016", "actual": 3.37, "estimate": 4.0}, {"date": "1Q2017", "actual": 3.77, "estimate": 3.61}], "currentQuarterEstimateDate": "2Q", "currentQuarterEstimateYear": 2017, "earningsDate": ["2020-09-10 05:30:S"]}, "financialsChart": {"yearly": [{"date": 2017, "revenue": 481050569, "earnings": -57465780}, {"date": 2018, "revenue": 440474000, "earnings": -77977000}, {"date": 2019, "revenue": 418553000, "earnings": -129383000}, {"date": 2020, "revenue": 418472000, "earnings": -168519000}], "quarterly": [{"date": "3Q2019", "revenue": 104404000, "earnings": -49117000}, {"date": "4Q2019", "revenue": 106395000, "earnings": -32961000}, {"date": "1Q2020", "revenue": 102661000, "earnings": -47360000}, {"date": "2Q2020", "revenue": 108486000, "earnings": -47083000}]}, "financialCurrency": "INR"}, "calendarEvents": {"maxAge": 1, "earnings": {"earningsDate": ["2020-09-10 05:30:S"]}}, "price": {"maxAge": 1, "regularMarketChangePercent": 0.004709564, "regularMarketChange": 0.14999962, "regularMarketTime": "2021-04-30 15:27:57", "priceHint": 2, "regularMarketPrice": 32.0, "regularMarketDayHigh": 32.5, "regularMarketDayLow": 31.4, "regularMarketVolume": 2857, "averageDailyVolume10Day": 3032, "averageDailyVolume3Month": 6766, "regularMarketPreviousClose": 31.85, "regularMarketSource": "FREE_REALTIME", "regularMarketOpen": 31.9, "exchange": "BSE", "exchangeName": "BSE", "exchangeDataDelayedBy": 0, "marketState": "CLOSED", "quoteType": "EQUITY", "symbol": "KTIL.BO", "underlyingSymbol": null, "shortName": "KESAR TERMINALS & INFRASTRUCTU", "longName": "Kesar Terminals & Infrastructure Limited", "currency": "INR", "quoteSourceName": "Delayed Quote", "currencySymbol": "\u20b9", "fromCurrency": null, "toCurrency": null, "lastMarket": null, "marketCap": 349648000}, "balanceSheetHistory": {"balanceSheetStatements": [{"maxAge": 1, "endDate": "2020-03-31", "cash": 35867000, "shortTermInvestments": 862000, "netReceivables": 65727000, "inventory": 818000, "otherCurrentAssets": 13865000, "totalCurrentAssets": 121857000, "longTermInvestments": 5000, "propertyPlantEquipment": 2269408000, "intangibleAssets": 714000, "otherAssets": 7690000, "totalAssets": 2399674000, "accountsPayable": 56703000, "shortLongTermDebt": 1716000, "otherCurrentLiab": 1370826000, "longTermDebt": 5107000, "otherLiab": 22437000, "totalCurrentLiabilities": 1688940000, "totalLiab": 2172809000, "commonStock": 54632000, "retainedEarnings": 172854000, "treasuryStock": -621000, "otherStockholderEquity": -621000, "totalStockholderEquity": 226865000, "netTangibleAssets": 226151000}, {"maxAge": 1, "endDate": "2019-03-31", "cash": 13869000, "shortTermInvestments": 810000, "netReceivables": 77543000, "inventory": 804000, "otherCurrentAssets": 2977000, "totalCurrentAssets": 98778000, "longTermInvestments": 5000, "propertyPlantEquipment": 1772490000, "intangibleAssets": 924000, "otherAssets": 5861000, "totalAssets": 1878058000, "accountsPayable": 76633000, "shortLongTermDebt": 38084000, "otherCurrentLiab": 1238387000, "longTermDebt": 17165000, "otherLiab": 63060000, "totalCurrentLiabilities": 1372257000, "totalLiab": 1452482000, "commonStock": 54632000, "retainedEarnings": 371010000, "treasuryStock": -66000, "otherStockholderEquity": -66000, "totalStockholderEquity": 425576000, "netTangibleAssets": 424652000}, {"maxAge": 1, "endDate": "2018-03-31", "cash": 15909000, "shortTermInvestments": 9964000, "netReceivables": 47806000, "inventory": 1016000, "otherCurrentAssets": 5147000, "totalCurrentAssets": 83677000, "longTermInvestments": 5000, "propertyPlantEquipment": 1871956000, "intangibleAssets": 1480000, "otherAssets": 12822000, "totalAssets": 1969940000, "accountsPayable": 56953000, "shortLongTermDebt": 38289000, "otherCurrentLiab": 1143842000, "longTermDebt": 78411000, "otherLiab": 70825000, "totalCurrentLiabilities": 1252701000, "totalLiab": 1401937000, "commonStock": 54632000, "retainedEarnings": 513565000, "treasuryStock": -194000, "otherStockholderEquity": -194000, "totalStockholderEquity": 568003000, "netTangibleAssets": 566523000}, {"maxAge": 1, "endDate": "2017-03-31", "cash": 87043472, "shortTermInvestments": 4731043, "netReceivables": 57795239, "inventory": 1156787, "otherCurrentAssets": 2645720, "totalCurrentAssets": 156891509, "longTermInvestments": 5000, "propertyPlantEquipment": 1973568954, "intangibleAssets": 1804966, "otherAssets": 24541283, "totalAssets": 2156811712, "accountsPayable": 48705570, "shortLongTermDebt": 140629494, "otherCurrentLiab": 186857465, "longTermDebt": 991649658, "otherLiab": 94140196, "minorityInterest": 99443, "totalCurrentLiabilities": 419431374, "totalLiab": 1505221228, "commonStock": 54632375, "retainedEarnings": 598407388, "treasuryStock": -1548722, "otherStockholderEquity": -1548722, "totalStockholderEquity": 651491041, "netTangibleAssets": 649686075}], "maxAge": 86400}, "earningsTrend": {"trend": [{"maxAge": 1, "period": "0q", "endDate": "2017-06-30", "growth": {}, "earningsEstimate": {"avg": 0.0, "low": 0.0, "high": 0.0, "yearAgoEps": {}, "numberOfAnalysts": 0, "growth": {}}, "revenueEstimate": {"avg": 0, "low": 0, "high": 0, "numberOfAnalysts": 0, "yearAgoRevenue": 112230000, "growth": {}}, "epsTrend": {"current": 0.0, "7daysAgo": 0.0, "30daysAgo": 0.0, "60daysAgo": 0.0, "90daysAgo": 0.0}, "epsRevisions": {"upLast7days": 0, "upLast30days": 0, "downLast30days": 0, "downLast90days": {}}}, {"maxAge": 1, "period": "+1q", "endDate": "2017-09-30", "growth": {}, "earningsEstimate": {"avg": 0.0, "low": 0.0, "high": 0.0, "yearAgoEps": 3.85, "numberOfAnalysts": 0, "growth": {}}, "revenueEstimate": {"avg": 0, "low": 0, "high": 0, "numberOfAnalysts": 0, "yearAgoRevenue": {}, "growth": {}}, "epsTrend": {"current": 0.0, "7daysAgo": 0.0, "30daysAgo": 0.0, "60daysAgo": 0.0, "90daysAgo": 0.0}, "epsRevisions": {"upLast7days": 0, "upLast30days": 0, "downLast30days": 0, "downLast90days": {}}}, {"maxAge": 1, "period": "0y", "endDate": "2018-03-31", "growth": {}, "earningsEstimate": {"avg": 0.0, "low": 0.0, "high": 0.0, "yearAgoEps": {}, "numberOfAnalysts": 0, "growth": {}}, "revenueEstimate": {"avg": 474150000, "low": 474150000, "high": 474150000, "numberOfAnalysts": 1, "yearAgoRevenue": 481051000, "growth": -0.0139999995}, "epsTrend": {"current": 0.0, "7daysAgo": 16.93, "30daysAgo": 16.93, "60daysAgo": 16.93, "90daysAgo": 16.93}, "epsRevisions": {"upLast7days": 0, "upLast30days": 0, "downLast30days": 0, "downLast90days": {}}}, {"maxAge": 1, "period": "+1y", "endDate": "2019-03-31", "growth": {}, "earningsEstimate": {"avg": 0.0, "low": 0.0, "high": 0.0, "yearAgoEps": {}, "numberOfAnalysts": 0, "growth": {}}, "revenueEstimate": {"avg": 516820000, "low": 516820000, "high": 516820000, "numberOfAnalysts": 1, "yearAgoRevenue": 474150000, "growth": 0.09}, "epsTrend": {"current": 0.0, "7daysAgo": 18.86, "30daysAgo": 18.86, "60daysAgo": 18.86, "90daysAgo": 18.86}, "epsRevisions": {"upLast7days": 0, "upLast30days": 0, "downLast30days": 0, "downLast90days": {}}}, {"maxAge": 1, "period": "+5y", "endDate": null, "growth": 0.16, "earningsEstimate": {"avg": {}, "low": {}, "high": {}, "yearAgoEps": {}, "numberOfAnalysts": {}, "growth": {}}, "revenueEstimate": {"avg": {}, "low": {}, "high": {}, "numberOfAnalysts": {}, "yearAgoRevenue": {}, "growth": {}}, "epsTrend": {"current": {}, "7daysAgo": {}, "30daysAgo": {}, "60daysAgo": {}, "90daysAgo": {}}, "epsRevisions": {"upLast7days": {}, "upLast30days": {}, "downLast30days": {}, "downLast90days": {}}}, {"maxAge": 1, "period": "-5y", "endDate": null, "growth": 0.23985, "earningsEstimate": {"avg": {}, "low": {}, "high": {}, "yearAgoEps": {}, "numberOfAnalysts": {}, "growth": {}}, "revenueEstimate": {"avg": {}, "low": {}, "high": {}, "numberOfAnalysts": {}, "yearAgoRevenue": {}, "growth": {}}, "epsTrend": {"current": {}, "7daysAgo": {}, "30daysAgo": {}, "60daysAgo": {}, "90daysAgo": {}}, "epsRevisions": {"upLast7days": {}, "upLast30days": {}, "downLast30days": {}, "downLast90days": {}}}], "maxAge": 1}, "financialData": {"maxAge": 86400, "currentPrice": 32.0, "targetHighPrice": 235.58, "targetLowPrice": 235.58, "targetMeanPrice": 235.58, "targetMedianPrice": 235.58, "recommendationMean": 2.0, "recommendationKey": "buy", "numberOfAnalystOpinions": 1, "grossProfits": 300519000, "financialCurrency": "INR"}}}