{"KTKBANK.BO": {"cashflowStatementHistory": {"cashflowStatements": [{"maxAge": 1, "endDate": "2020-03-31", "netIncome": 4317765000, "depreciation": 637649000, "changeToNetincome": 10872753000, "changeToLiabilities": 0, "changeToOperatingActivities": -50401513000, "totalCashFromOperatingActivities": -34573346000, "capitalExpenditures": -575290000, "totalCashflowsFromInvestingActivities": -560481000, "dividendsPaid": -1192445000, "netBorrowings": -4253750000, "otherCashflowsFromFinancingActivities": 33677382000, "totalCashFromFinancingActivities": 28231248000, "changeInCash": -6902579000, "issuanceOfStock": 61000}, {"maxAge": 1, "endDate": "2019-03-31", "netIncome": 4772398000, "depreciation": 541752000, "changeToNetincome": 8267039000, "changeToLiabilities": 0, "changeToOperatingActivities": -79923733000, "totalCashFromOperatingActivities": -66342544000, "capitalExpenditures": -691733000, "totalCashflowsFromInvestingActivities": -675401000, "dividendsPaid": -847823000, "netBorrowings": 24095410000, "otherCashflowsFromFinancingActivities": 43857708000, "totalCashFromFinancingActivities": 67105296000, "changeInCash": 87351000, "issuanceOfStock": 1000}, {"maxAge": 1, "endDate": "2018-03-31", "netIncome": 3256078000, "depreciation": 500552000, "changeToNetincome": 9669256000, "changeToLiabilities": 0, "changeToOperatingActivities": -64393922000, "totalCashFromOperatingActivities": -50968036000, "capitalExpenditures": -915495000, "totalCashflowsFromInvestingActivities": -913416000, "dividendsPaid": -1359568000, "netBorrowings": -1666120000, "otherCashflowsFromFinancingActivities": 58176824000, "totalCashFromFinancingActivities": 55151258000, "changeInCash": 3269806000, "issuanceOfStock": 122000}, {"maxAge": 1, "endDate": "2017-03-31", "netIncome": 4522613000, "depreciation": 497510000, "changeToNetincome": 3300793000, "changeToLiabilities": 0, "changeToOperatingActivities": -71093359000, "totalCashFromOperatingActivities": -62772443000, "capitalExpenditures": -411819000, "totalCashflowsFromInvestingActivities": -398619000, "dividendsPaid": -1124096000, "netBorrowings": -895150000, "otherCashflowsFromFinancingActivities": 60931308000, "totalCashFromFinancingActivities": 65462152000, "changeInCash": 2291090000, "issuanceOfStock": 6550090000}], "maxAge": 86400}, "institutionOwnership": {"ownershipList": [], "maxAge": 1}, "balanceSheetHistoryQuarterly": {"balanceSheetStatements": [{"maxAge": 1, "endDate": "2020-09-30", "cash": 31370800000, "totalCurrentAssets": 31370800000, "longTermInvestments": 199553400000, "propertyPlantEquipment": 8425100000, "otherAssets": 594542100000, "totalAssets": 833891400000, "accountsPayable": 729285800000, "longTermDebt": 22246600000, "otherLiab": 17603600000, "totalCurrentLiabilities": 729285800000, "totalLiab": 769136000000, "commonStock": 3108800000, "treasuryStock": 61646600000, "otherStockholderEquity": 61646600000, "totalStockholderEquity": 64755400000, "netTangibleAssets": 64755400000}, {"maxAge": 1, "endDate": "2020-06-30", "totalStockholderEquity": 59704436000, "netTangibleAssets": 59704436000}, {"maxAge": 1, "endDate": "2020-03-31", "cash": 7124848000, "inventory": 196062000, "otherCurrentAssets": 32558177000, "totalCurrentAssets": 39879087000, "longTermInvestments": 161303602000, "propertyPlantEquipment": 8264189000, "otherAssets": 623687998000, "deferredLongTermAssetCharges": 4408075000, "totalAssets": 833134876000, "accountsPayable": 717851540000, "shortLongTermDebt": 15343400000, "otherCurrentLiab": 1881615000, "longTermDebt": 25307780000, "otherLiab": 12460812000, "totalCurrentLiabilities": 735661848000, "totalLiab": 773430440000, "commonStock": 3108697000, "retainedEarnings": 35085795000, "treasuryStock": 8959529000, "capitalSurplus": 12550415000, "otherStockholderEquity": 8959529000, "totalStockholderEquity": 59704436000, "netTangibleAssets": 59704436000}, {"maxAge": 1, "endDate": "2019-12-31", "totalStockholderEquity": 59473700000, "netTangibleAssets": 59473700000}], "maxAge": 86400}, "indexTrend": {"maxAge": 1, "symbol": "SP5", "peRatio": 19.7411, "pegRatio": 1.34172, "estimates": [{"period": "0q", "growth": 0.549}, {"period": "+1q", "growth": 0.431}, {"period": "0y", "growth": 0.305}, {"period": "+1y", "growth": 0.109}, {"period": "+5y", "growth": 0.120865}, {"period": "-5y"}]}, "insiderTransactions": {"transactions": [{"maxAge": 1, "shares": 150, "filerUrl": "", "transactionText": "", "filerName": "Prabhakar (B A)", "filerRelation": "Additonal Director", "moneyText": "", "startDate": "2014-09-06", "ownership": "D"}, {"maxAge": 1, "shares": 50, "filerUrl": "", "transactionText": "", "filerName": "Raghurama", "filerRelation": "UNREPORTED", "moneyText": "", "startDate": "2014-06-17", "ownership": "D"}, {"maxAge": 1, "shares": 200, "filerUrl": "", "transactionText": "", "filerName": "Belle (Rammohan Rao)", "filerRelation": "Additonal Director", "moneyText": "", "startDate": "2013-10-21", "ownership": "D"}, {"maxAge": 1, "shares": 1000000, "filerUrl": "", "transactionText": "", "filerName": "Life Insurance Corporation of India", "filerRelation": "Institution- Corporation", "moneyText": "", "startDate": "2013-03-06", "ownership": "D"}, {"maxAge": 1, "shares": 838399, "filerUrl": "", "transactionText": "", "filerName": "Wellington Management Company LLP A/C Bay Pond MB", "filerRelation": "UNREPORTED", "moneyText": "", "startDate": "2010-12-24", "ownership": "D"}], "maxAge": 1}, "quoteType": {"exchange": "BSE", "quoteType": "EQUITY", "symbol": "KTKBANK.BO", "underlyingSymbol": "KTKBANK.BO", "shortName": "KARNATAKA BANK LTD.", "longName": "The Karnataka Bank Limited", "firstTradeDateEpochUtc": "2002-04-22 09:15:00", "timeZoneFullName": "Asia/Kolkata", "timeZoneShortName": "IST", "uuid": "08c3c651-5d92-37bf-a53b-d56cd88169a5", "gmtOffSetMilliseconds": 19800000, "maxAge": 1}, "incomeStatementHistory": {"incomeStatementHistory": [{"maxAge": 1, "endDate": "2020-03-31", "totalRevenue": 22916677000, "costOfRevenue": 0, "grossProfit": 22916677000, "researchDevelopment": {}, "sellingGeneralAdministrative": 12760934000, "nonRecurring": {}, "otherOperatingExpenses": 4935478000, "totalOperatingExpenses": 17696412000, "operatingIncome": 5220265000, "totalOtherIncomeExpenseNet": 0, "ebit": 0, "interestExpense": {}, "incomeBeforeTax": 5220265000, "incomeTaxExpense": 902500000, "minorityInterest": {}, "netIncomeFromContinuingOps": 4317765000, "discontinuedOperations": {}, "extraordinaryItems": {}, "effectOfAccountingCharges": {}, "otherItems": {}, "netIncome": 4317765000, "netIncomeApplicableToCommonShares": 4317765000}, {"maxAge": 1, "endDate": "2019-03-31", "totalRevenue": 20650812000, "costOfRevenue": 0, "grossProfit": 20650812000, "researchDevelopment": {}, "sellingGeneralAdministrative": 9638279000, "nonRecurring": {}, "otherOperatingExpenses": 4934435000, "totalOperatingExpenses": 14572714000, "operatingIncome": 6078098000, "totalOtherIncomeExpenseNet": 0, "ebit": 0, "interestExpense": {}, "incomeBeforeTax": 6078098000, "incomeTaxExpense": 1305700000, "minorityInterest": {}, "netIncomeFromContinuingOps": 4772398000, "discontinuedOperations": {}, "extraordinaryItems": {}, "effectOfAccountingCharges": {}, "otherItems": {}, "netIncome": 4772398000, "netIncomeApplicableToCommonShares": 4772398000}, {"maxAge": 1, "endDate": "2018-03-31", "totalRevenue": 16489828000, "costOfRevenue": 0, "grossProfit": 16489828000, "researchDevelopment": {}, "sellingGeneralAdministrative": 8577295000, "nonRecurring": {}, "otherOperatingExpenses": 4810955000, "totalOperatingExpenses": 13388250000, "operatingIncome": 3101578000, "totalOtherIncomeExpenseNet": 0, "ebit": 0, "interestExpense": {}, "incomeBeforeTax": 3101578000, "incomeTaxExpense": -154500000, "minorityInterest": {}, "netIncomeFromContinuingOps": 3256078000, "discontinuedOperations": {}, "extraordinaryItems": {}, "effectOfAccountingCharges": {}, "otherItems": {}, "netIncome": 3256078000, "netIncomeApplicableToCommonShares": 3256078000}, {"maxAge": 1, "endDate": "2017-03-31", "totalRevenue": 17721126000, "costOfRevenue": 0, "grossProfit": 17721126000, "researchDevelopment": {}, "sellingGeneralAdministrative": 9030322000, "nonRecurring": {}, "otherOperatingExpenses": 4011291000, "totalOperatingExpenses": 13041613000, "operatingIncome": 4679513000, "totalOtherIncomeExpenseNet": 0, "ebit": 0, "interestExpense": {}, "incomeBeforeTax": 4679513000, "incomeTaxExpense": 156900000, "minorityInterest": {}, "netIncomeFromContinuingOps": 4522613000, "discontinuedOperations": {}, "extraordinaryItems": {}, "effectOfAccountingCharges": {}, "otherItems": {}, "netIncome": 4522613000, "netIncomeApplicableToCommonShares": 4522613000}], "maxAge": 86400}, "fundOwnership": {"ownershipList": [{"maxAge": 1, "reportDate": "2020-07-31", "organization": "Vanguard International Stock Index-Total Intl Stock Indx", "pctHeld": 0.0087, "position": 2703279, "value": 113267390}, {"maxAge": 1, "reportDate": "2020-07-31", "organization": "Vanguard International Stock Index-Emerging Markets Stk", "pctHeld": 0.0067000003, "position": 2087701, "value": 87474671}, {"maxAge": 1, "reportDate": "2020-07-31", "organization": "DFA Emerging Markets Core Equity Portfolio", "pctHeld": 0.0053, "position": 1661559, "value": 69619322}, {"maxAge": 1, "reportDate": "2020-07-31", "organization": "DFA Emerging Markets Small Cap Series", "pctHeld": 0.0039, "position": 1225528, "value": 51349623}, {"maxAge": 1, "reportDate": "2020-07-31", "organization": "DFA Investment Dimensions-DFA Emerging Mkts Value", "pctHeld": 0.0033000002, "position": 1038011, "value": 43492660}, {"maxAge": 1, "reportDate": "2020-08-31", "organization": "WisdomTree Tr-WisdomTree India Earnings Fd", "pctHeld": 0.0022, "position": 679812, "value": 31067408}, {"maxAge": 1, "reportDate": "2020-07-31", "organization": "Vanguard Intl Equity Index Fds-FTSE All World ex U.S.Small Cap Index", "pctHeld": 0.0014, "position": 424154, "value": 17772052}, {"maxAge": 1, "reportDate": "2020-07-31", "organization": "Vanguard Intl Equity Index - Total World Stock Index Fd", "pctHeld": 0.0005, "position": 140736, "value": 5896838}, {"maxAge": 1, "reportDate": "2020-08-31", "organization": "SPDR (R) Idx Shares-SPDR (R) Emerging Markets Small Cap ETF", "pctHeld": 0.0004, "position": 130424, "value": 5960376}, {"maxAge": 1, "reportDate": "2020-05-31", "organization": "Vanguard World Fund-Vanguard ESG International Stock ETF", "pctHeld": 0.00029999999, "position": 101832, "value": 3518295}], "maxAge": 1}, "summaryDetail": {"maxAge": 1, "priceHint": 2, "previousClose": 61.55, "open": 61.5, "dayLow": 60.5, "dayHigh": 62.45, "regularMarketPreviousClose": 61.55, "regularMarketOpen": 61.5, "regularMarketDayLow": 60.5, "regularMarketDayHigh": 62.45, "trailingPE": 4.0872116, "volume": 106934, "regularMarketVolume": 106934, "averageVolume": 296170, "averageVolume10days": 184501, "averageDailyVolume10Day": 184501, "bid": 60.8, "ask": 62.0, "bidSize": 0, "askSize": 0, "marketCap": 17330919424, "fiftyTwoWeekLow": 34.2, "fiftyTwoWeekHigh": 82.5, "fiftyDayAverage": 60.36515, "twoHundredDayAverage": 48.569485, "trailingAnnualDividendRate": 3.5, "trailingAnnualDividendYield": 0.05686434, "currency": "INR", "fromCurrency": null, "lastMarket": null, "algorithm": null, "tradeable": false}, "incomeStatementHistoryQuarterly": {"incomeStatementHistory": [{"maxAge": 1, "endDate": "2020-09-30", "totalRevenue": 5825500000, "costOfRevenue": 0, "grossProfit": 5825500000, "researchDevelopment": {}, "sellingGeneralAdministrative": 2046200000, "nonRecurring": {}, "otherOperatingExpenses": 1997200000, "totalOperatingExpenses": 4043400000, "operatingIncome": 1782100000, "totalOtherIncomeExpenseNet": 0, "ebit": 0, "interestExpense": {}, "incomeBeforeTax": 1782100000, "incomeTaxExpense": 588600000, "minorityInterest": {}, "netIncomeFromContinuingOps": 1193500000, "discontinuedOperations": {}, "extraordinaryItems": {}, "effectOfAccountingCharges": {}, "otherItems": {}, "netIncome": 1193500000, "netIncomeApplicableToCommonShares": 1193500000}, {"maxAge": 1, "endDate": "2020-06-30", "totalRevenue": 5449700000, "costOfRevenue": 0, "grossProfit": 5449700000, "researchDevelopment": {}, "sellingGeneralAdministrative": 2016500000, "nonRecurring": {}, "otherOperatingExpenses": 1753500000, "totalOperatingExpenses": 3770000000, "operatingIncome": 1679700000, "totalOtherIncomeExpenseNet": 0, "ebit": 0, "interestExpense": {}, "incomeBeforeTax": 1679700000, "incomeTaxExpense": -284100000, "minorityInterest": {}, "netIncomeFromContinuingOps": 1963800000, "discontinuedOperations": {}, "extraordinaryItems": {}, "effectOfAccountingCharges": {}, "otherItems": {}, "netIncome": 1963800000, "netIncomeApplicableToCommonShares": 1963800000}, {"maxAge": 1, "endDate": "2020-03-31", "totalRevenue": 6131677000, "costOfRevenue": 0, "grossProfit": 6131677000, "researchDevelopment": {}, "sellingGeneralAdministrative": 7495334000, "nonRecurring": {}, "otherOperatingExpenses": -1714022000, "totalOperatingExpenses": 5781312000, "operatingIncome": 350365000, "totalOtherIncomeExpenseNet": 0, "ebit": 0, "interestExpense": {}, "incomeBeforeTax": 350365000, "incomeTaxExpense": 77300000, "minorityInterest": {}, "netIncomeFromContinuingOps": 273065000, "discontinuedOperations": {}, "extraordinaryItems": {}, "effectOfAccountingCharges": {}, "otherItems": {}, "netIncome": 273065000, "netIncomeApplicableToCommonShares": 273065000}, {"maxAge": 1, "endDate": "2019-12-31", "totalRevenue": 5951800000, "costOfRevenue": 0, "grossProfit": 5951800000, "researchDevelopment": {}, "sellingGeneralAdministrative": 1864600000, "nonRecurring": {}, "otherOperatingExpenses": 2216300000, "totalOperatingExpenses": 4080900000, "operatingIncome": 1870900000, "totalOtherIncomeExpenseNet": 0, "ebit": 0, "interestExpense": {}, "incomeBeforeTax": 1870900000, "incomeTaxExpense": 639500000, "minorityInterest": {}, "netIncomeFromContinuingOps": 1231400000, "discontinuedOperations": {}, "extraordinaryItems": {}, "effectOfAccountingCharges": {}, "otherItems": {}, "netIncome": 1231400000, "netIncomeApplicableToCommonShares": 1231400000}], "maxAge": 86400}, "cashflowStatementHistoryQuarterly": {"cashflowStatements": [{"maxAge": 1, "endDate": "2020-09-30", "netIncome": 1193500000, "changeToLiabilities": 0}, {"maxAge": 1, "endDate": "2020-06-30", "netIncome": 1963800000, "changeToLiabilities": 0}, {"maxAge": 1, "endDate": "2020-03-31", "netIncome": 273065000, "changeToLiabilities": 0}, {"maxAge": 1, "endDate": "2019-12-31", "netIncome": 1231400000, "changeToLiabilities": 0}], "maxAge": 86400}, "insiderHolders": {"holders": [{"maxAge": 1, "name": "Belle (Rammohan Rao)", "relation": "Additonal Director", "url": "", "transactionDescription": "Acquisition", "latestTransDate": "2013-10-21", "positionDirect": 200, "positionDirectDate": "2013-10-21"}, {"maxAge": 1, "name": "Life Insurance Corporation of India", "relation": "Institution- Corporation", "url": "", "transactionDescription": "Acquisition", "latestTransDate": "2013-03-06", "positionDirect": 9818166, "positionDirectDate": "2013-03-06"}, {"maxAge": 1, "name": "Prabhakar (B A)", "relation": "Additonal Director", "url": "", "transactionDescription": "Acquisition", "latestTransDate": "2014-09-06", "positionDirect": 150, "positionDirectDate": "2014-09-06"}, {"maxAge": 1, "name": "Raghurama", "relation": "UNREPORTED", "url": "", "transactionDescription": "Other", "latestTransDate": "2014-06-17", "positionDirect": 50, "positionDirectDate": "2014-06-17"}, {"maxAge": 1, "name": "Wellington Management Company LLP A/C Bay Pond MB", "relation": "UNREPORTED", "url": "", "transactionDescription": "Acquisition", "latestTransDate": "2010-12-24", "positionDirect": 7308164, "positionDirectDate": "2010-12-24"}], "maxAge": 1}, "calendarEvents": {"maxAge": 1, "earnings": {"earningsDate": ["2019-01-23 05:30:S", "2019-01-28 05:30:S"]}}, "upgradeDowngradeHistory": {"history": [], "maxAge": 86400}, "price": {"maxAge": 1, "regularMarketChangePercent": -0.0040617385, "regularMarketChange": -0.25, "regularMarketTime": "2021-04-30 15:56:35", "priceHint": 2, "regularMarketPrice": 61.3, "regularMarketDayHigh": 62.45, "regularMarketDayLow": 60.5, "regularMarketVolume": 106934, "averageDailyVolume10Day": 184501, "averageDailyVolume3Month": 296170, "regularMarketPreviousClose": 61.55, "regularMarketSource": "FREE_REALTIME", "regularMarketOpen": 61.5, "exchange": "BSE", "exchangeName": "BSE", "exchangeDataDelayedBy": 0, "marketState": "CLOSED", "quoteType": "EQUITY", "symbol": "KTKBANK.BO", "underlyingSymbol": null, "shortName": "KARNATAKA BANK LTD.", "longName": "The Karnataka Bank Limited", "currency": "INR", "quoteSourceName": "Delayed Quote", "currencySymbol": "\u20b9", "fromCurrency": null, "lastMarket": null, "marketCap": 17330919424}, "balanceSheetHistory": {"balanceSheetStatements": [{"maxAge": 1, "endDate": "2020-03-31", "cash": 7124848000, "inventory": 196062000, "otherCurrentAssets": 32558177000, "totalCurrentAssets": 39879087000, "longTermInvestments": 161303602000, "propertyPlantEquipment": 8264189000, "otherAssets": 623687998000, "deferredLongTermAssetCharges": 4408075000, "totalAssets": 833134876000, "accountsPayable": 717851540000, "shortLongTermDebt": 15343400000, "otherCurrentLiab": 1881615000, "longTermDebt": 25307780000, "otherLiab": 12460812000, "totalCurrentLiabilities": 735661848000, "totalLiab": 773430440000, "commonStock": 3108697000, "retainedEarnings": 35085795000, "treasuryStock": 8959529000, "capitalSurplus": 12550415000, "otherStockholderEquity": 8959529000, "totalStockholderEquity": 59704436000, "netTangibleAssets": 59704436000}, {"maxAge": 1, "endDate": "2019-03-31", "cash": 6093148000, "inventory": 196062000, "otherCurrentAssets": 41683992000, "totalCurrentAssets": 47973202000, "longTermInvestments": 160349887000, "propertyPlantEquipment": 7749960000, "otherAssets": 574384503000, "deferredLongTermAssetCharges": 3650605000, "totalAssets": 790457552000, "accountsPayable": 684521228000, "otherCurrentLiab": 2637619000, "longTermDebt": 33255110000, "otherLiab": 11620274000, "totalCurrentLiabilities": 687730339000, "totalLiab": 732605723000, "commonStock": 2826078000, "retainedEarnings": 35636849000, "treasuryStock": 6549260000, "capitalSurplus": 12839642000, "otherStockholderEquity": 6549260000, "totalStockholderEquity": 57851829000, "netTangibleAssets": 57851829000}, {"maxAge": 1, "endDate": "2018-03-31", "cash": 4853524000, "inventory": 149624000, "otherCurrentAssets": 43856693000, "totalCurrentAssets": 48859841000, "longTermInvestments": 154444493000, "propertyPlantEquipment": 7616021000, "otherAssets": 492816399000, "deferredLongTermAssetCharges": 3810691000, "totalAssets": 703736754000, "accountsPayable": 628712850000, "otherCurrentLiab": 2571993000, "longTermDebt": 8159704000, "otherLiab": 9191336000, "totalCurrentLiabilities": 632284195000, "totalLiab": 649635235000, "commonStock": 2826077000, "retainedEarnings": 31845566000, "treasuryStock": 6590241000, "capitalSurplus": 12839635000, "otherStockholderEquity": 6590241000, "totalStockholderEquity": 54101519000, "netTangibleAssets": 54101519000}, {"maxAge": 1, "endDate": "2017-03-31", "cash": 7256853000, "inventory": 247336000, "otherCurrentAssets": 36026975000, "totalCurrentAssets": 43531164000, "longTermInvestments": 202197317000, "propertyPlantEquipment": 7205699000, "otherAssets": 387451810000, "deferredLongTermAssetCharges": 1912153000, "totalAssets": 640385990000, "accountsPayable": 567331082000, "otherCurrentLiab": 3400392000, "longTermDebt": 8326221000, "otherLiab": 8811908000, "totalCurrentLiabilities": 571822046000, "totalLiab": 588960175000, "commonStock": 2826059000, "retainedEarnings": 29607341000, "treasuryStock": 6152882000, "capitalSurplus": 12839533000, "otherStockholderEquity": 6152882000, "totalStockholderEquity": 51425815000, "netTangibleAssets": 51425815000}], "maxAge": 86400}, "financialData": {"maxAge": 86400, "currentPrice": 61.3, "recommendationKey": "none", "grossProfits": 22916677000, "financialCurrency": "INR"}}}