{"KTKBANK.NS": {"assetProfile": {"address1": "Mahaveera Circle", "address2": "Kankanady Post Box No. 599 Dakshina Kannada District", "city": "Mangalore", "zip": "575002", "country": "India", "phone": "91 82 4222 8222", "fax": "91 82 4222 5588", "website": "http://karnatakabank.com", "industry": "Banks\u2014Regional", "sector": "Financial Services", "longBusinessSummary": "The Karnataka Bank Limited provides personal and business banking products and services in India. It operates through four segments: Treasury Operations, Corporate/Wholesale Banking, Retail Banking, and Other Banking Operations. The company offers savings and current accounts; fixed, cash certificate, and recurring deposits; and non-resident rupee, ordinary non-resident, foreign currency, and resident foreign currency accounts, as well as NRI priority banking services. It also provides loan products, including vehicle, home, education, personal, MSME, mortgage, women entrepreneur, gold, and other loans, as well as loans against property. In addition, the company offers debit, credit, gift, deposit only, and image cards; life, general, and health insurance products; investment products; remittance and other services; and forex services comprising pre and post-shipment, export collection bills, export LC advising, inward remittance facility, import letter of credit, import bill collection, buyer's credit, and outward remittances. Further, it provides point of sale service for merchant's payment solutions; and KBL e-COLLECT, a fee payment processing platform, which enables the institution to offer parents and students a way to pay their fees through a range of payment options. Additionally, the company offers various loans for agriculture; and other services, such as Internet and mobile banking, mutual funds, demat and online trading services, locker facility, and funds transfer services. As of March 31, 2020, it operated through a network of 848 branches, 1,480 ATMs, and 2,329 service outlets. The company was founded in 1924 and is headquartered in Mangalore, India.", "fullTimeEmployees": 8509, "companyOfficers": [{"maxAge": 1, "name": "Mr. M. S. Mahabaleshwara Bhat", "age": 61, "title": "MD, CEO & Director", "yearBorn": 1959, "fiscalYear": 2020, "totalPay": 9200000, "exercisedValue": 0, "unexercisedValue": 0}, {"maxAge": 1, "name": "Mr. Y. V. Balachandra", "title": "Chief Operating Officer", "fiscalYear": 2020, "totalPay": 0, "exercisedValue": 0, "unexercisedValue": 0}, {"maxAge": 1, "name": "Mr. Gokuldas  Pai", "title": "Chief Bus. Officer", "fiscalYear": 2020, "totalPay": 0, "exercisedValue": 0, "unexercisedValue": 0}, {"maxAge": 1, "name": "Mr. Muralidhar Krishna Rao", "title": "CFO & GM", "exercisedValue": 0, "unexercisedValue": 0}, {"maxAge": 1, "name": "Mr. Venkatakrishna  Bhat", "title": "Deputy GM & CTO", "exercisedValue": 0, "unexercisedValue": 0}, {"maxAge": 1, "name": "Mr. M. V. Shanker Bhat", "title": "Legal Adviser", "exercisedValue": 0, "unexercisedValue": 0}, {"maxAge": 1, "name": "Mr. Prasanna  Patil", "title": "Compliance Officer & Company Sec.", "fiscalYear": 2019, "exercisedValue": 0, "unexercisedValue": 0}, {"maxAge": 1, "name": "Mr. Srinivas  Deshpande", "title": "Assistant GM of PR", "exercisedValue": 0, "unexercisedValue": 0}, {"maxAge": 1, "name": "Mr. Pankaj  Gupta", "title": "Chief Digital & Marketing Officer", "exercisedValue": 0, "unexercisedValue": 0}, {"maxAge": 1, "name": "Mr. Subhaschandra  Puranik", "title": "Gen. Mang.", "exercisedValue": 0, "unexercisedValue": 0}], "compensationAsOfEpochDate": "2020-12-31 05:30:00", "maxAge": 86400}, "recommendationTrend": {"trend": [{"period": "0m", "strongBuy": 0, "buy": 0, "hold": 0, "sell": 0, "strongSell": 0}, {"period": "-1m", "strongBuy": 0, "buy": 2, "hold": 1, "sell": 1, "strongSell": 0}, {"period": "-2m", "strongBuy": 0, "buy": 2, "hold": 1, "sell": 1, "strongSell": 0}, {"period": "-3m", "strongBuy": 1, "buy": 2, "hold": 1, "sell": 1, "strongSell": 0}], "maxAge": 86400}, "cashflowStatementHistory": {"cashflowStatements": [{"maxAge": 1, "endDate": "2020-03-31", "netIncome": 4317765000, "depreciation": 637649000, "changeToNetincome": 10872753000, "changeToLiabilities": 0, "changeToOperatingActivities": -50401513000, "totalCashFromOperatingActivities": -34573346000, "capitalExpenditures": -575290000, "totalCashflowsFromInvestingActivities": -560481000, "dividendsPaid": -1192445000, "netBorrowings": -4253750000, "otherCashflowsFromFinancingActivities": 33677382000, "totalCashFromFinancingActivities": 28231248000, "changeInCash": -6902579000, "issuanceOfStock": 61000}, {"maxAge": 1, "endDate": "2019-03-31", "netIncome": 4772398000, "depreciation": 541752000, "changeToNetincome": 8267039000, "changeToLiabilities": 0, "changeToOperatingActivities": -79923733000, "totalCashFromOperatingActivities": -66342544000, "capitalExpenditures": -691733000, "totalCashflowsFromInvestingActivities": -675401000, "dividendsPaid": -847823000, "netBorrowings": 24095410000, "otherCashflowsFromFinancingActivities": 43857708000, "totalCashFromFinancingActivities": 67105296000, "changeInCash": 87351000, "issuanceOfStock": 1000}, {"maxAge": 1, "endDate": "2018-03-31", "netIncome": 3256078000, "depreciation": 500552000, "changeToNetincome": 9669256000, "changeToLiabilities": 0, "changeToOperatingActivities": -64393922000, "totalCashFromOperatingActivities": -50968036000, "capitalExpenditures": -915495000, "totalCashflowsFromInvestingActivities": -913416000, "dividendsPaid": -1359568000, "netBorrowings": -1666120000, "otherCashflowsFromFinancingActivities": 58176824000, "totalCashFromFinancingActivities": 55151258000, "changeInCash": 3269806000, "issuanceOfStock": 122000}, {"maxAge": 1, "endDate": "2017-03-31", "netIncome": 4522613000, "depreciation": 497510000, "changeToNetincome": 3300793000, "changeToLiabilities": 0, "changeToOperatingActivities": -71093359000, "totalCashFromOperatingActivities": -62772443000, "capitalExpenditures": -411819000, "totalCashflowsFromInvestingActivities": -398619000, "dividendsPaid": -1124096000, "netBorrowings": -895150000, "otherCashflowsFromFinancingActivities": 60931308000, "totalCashFromFinancingActivities": 65462152000, "changeInCash": 2291090000, "issuanceOfStock": 6550090000}], "maxAge": 86400}, "indexTrend": {"maxAge": 1, "symbol": "SP5", "peRatio": 19.7411, "pegRatio": 1.34172, "estimates": [{"period": "0q", "growth": 0.549}, {"period": "+1q", "growth": 0.431}, {"period": "0y", "growth": 0.305}, {"period": "+1y", "growth": 0.109}, {"period": "+5y", "growth": 0.120865}, {"period": "-5y"}]}, "defaultKeyStatistics": {"maxAge": 1, "priceHint": 2, "enterpriseValue": 10014317568, "profitMargins": 0.19026, "floatShares": 286141060, "sharesOutstanding": 310870016, "heldPercentInsiders": 0.04743, "heldPercentInstitutions": 0.10560001, "beta": 1.08634, "category": null, "bookValue": 208.346, "priceToBook": 0.29494208, "fundFamily": null, "legalType": null, "lastFiscalYearEnd": "2020-03-31 05:30:00", "nextFiscalYearEnd": "2022-03-31 05:30:00", "mostRecentQuarter": "2020-12-31 05:30:00", "earningsQuarterlyGrowth": 0.099, "netIncomeToCommon": 4784065024, "trailingEps": 15.382, "forwardEps": 21.05, "lastSplitFactor": "11:10", "lastSplitDate": "2020-03-17 05:30:00", "enterpriseToRevenue": 0.398}, "industryTrend": {"maxAge": 1, "symbol": null, "estimates": []}, "quoteType": {"exchange": "NSI", "quoteType": "EQUITY", "symbol": "KTKBANK.NS", "underlyingSymbol": "KTKBANK.NS", "shortName": "KARNATAKA BANK", "longName": "The Karnataka Bank Limited", "firstTradeDateEpochUtc": "2000-05-10 09:15:00", "timeZoneFullName": "Asia/Kolkata", "timeZoneShortName": "IST", "uuid": "4555ce01-6506-3873-842f-8e3791d0b2fe", "gmtOffSetMilliseconds": 19800000, "maxAge": 1}, "incomeStatementHistory": {"incomeStatementHistory": [{"maxAge": 1, "endDate": "2020-03-31", "totalRevenue": 22916677000, "costOfRevenue": 0, "grossProfit": 22916677000, "researchDevelopment": {}, "sellingGeneralAdministrative": 12760934000, "nonRecurring": {}, "otherOperatingExpenses": 4935478000, "totalOperatingExpenses": 17696412000, "operatingIncome": 5220265000, "totalOtherIncomeExpenseNet": 0, "ebit": 0, "interestExpense": {}, "incomeBeforeTax": 5220265000, "incomeTaxExpense": 902500000, "minorityInterest": {}, "netIncomeFromContinuingOps": 4317765000, "discontinuedOperations": {}, "extraordinaryItems": {}, "effectOfAccountingCharges": {}, "otherItems": {}, "netIncome": 4317765000, "netIncomeApplicableToCommonShares": 4317765000}, {"maxAge": 1, "endDate": "2019-03-31", "totalRevenue": 20650812000, "costOfRevenue": 0, "grossProfit": 20650812000, "researchDevelopment": {}, "sellingGeneralAdministrative": 9638279000, "nonRecurring": {}, "otherOperatingExpenses": 4934435000, "totalOperatingExpenses": 14572714000, "operatingIncome": 6078098000, "totalOtherIncomeExpenseNet": 0, "ebit": 0, "interestExpense": {}, "incomeBeforeTax": 6078098000, "incomeTaxExpense": 1305700000, "minorityInterest": {}, "netIncomeFromContinuingOps": 4772398000, "discontinuedOperations": {}, "extraordinaryItems": {}, "effectOfAccountingCharges": {}, "otherItems": {}, "netIncome": 4772398000, "netIncomeApplicableToCommonShares": 4772398000}, {"maxAge": 1, "endDate": "2018-03-31", "totalRevenue": 16489828000, "costOfRevenue": 0, "grossProfit": 16489828000, "researchDevelopment": {}, "sellingGeneralAdministrative": 8577295000, "nonRecurring": {}, "otherOperatingExpenses": 4810955000, "totalOperatingExpenses": 13388250000, "operatingIncome": 3101578000, "totalOtherIncomeExpenseNet": 0, "ebit": 0, "interestExpense": {}, "incomeBeforeTax": 3101578000, "incomeTaxExpense": -154500000, "minorityInterest": {}, "netIncomeFromContinuingOps": 3256078000, "discontinuedOperations": {}, "extraordinaryItems": {}, "effectOfAccountingCharges": {}, "otherItems": {}, "netIncome": 3256078000, "netIncomeApplicableToCommonShares": 3256078000}, {"maxAge": 1, "endDate": "2017-03-31", "totalRevenue": 17721126000, "costOfRevenue": 0, "grossProfit": 17721126000, "researchDevelopment": {}, "sellingGeneralAdministrative": 9030322000, "nonRecurring": {}, "otherOperatingExpenses": 4011291000, "totalOperatingExpenses": 13041613000, "operatingIncome": 4679513000, "totalOtherIncomeExpenseNet": 0, "ebit": 0, "interestExpense": {}, "incomeBeforeTax": 4679513000, "incomeTaxExpense": 156900000, "minorityInterest": {}, "netIncomeFromContinuingOps": 4522613000, "discontinuedOperations": {}, "extraordinaryItems": {}, "effectOfAccountingCharges": {}, "otherItems": {}, "netIncome": 4522613000, "netIncomeApplicableToCommonShares": 4522613000}], "maxAge": 86400}, "fundOwnership": {"ownershipList": [{"maxAge": 1, "reportDate": "2021-01-31", "organization": "Vanguard International Stock Index-Total Intl Stock Indx", "pctHeld": 0.0077, "position": 2388358, "value": 142823808}, {"maxAge": 1, "reportDate": "2021-01-31", "organization": "Vanguard International Stock Index-Emerging Markets Stk", "pctHeld": 0.0067000003, "position": 2087701, "value": 124844519}, {"maxAge": 1, "reportDate": "2021-01-31", "organization": "DFA Emerging Markets Core Equity Portfolio", "pctHeld": 0.0044, "position": 1359192, "value": 81279681}, {"maxAge": 1, "reportDate": "2021-01-31", "organization": "DFA Investment Dimensions-DFA Emerging Mkts Value", "pctHeld": 0.0027, "position": 847024, "value": 50652035}, {"maxAge": 1, "reportDate": "2021-01-31", "organization": "DFA Emerging Markets Small Cap Series", "pctHeld": 0.0018000001, "position": 572132, "value": 34213493}, {"maxAge": 1, "reportDate": "2021-01-31", "organization": "Vanguard Intl Equity Index Fds-FTSE All World ex U.S.Small Cap Index", "pctHeld": 0.0014, "position": 424154, "value": 25364409}, {"maxAge": 1, "reportDate": "2021-01-31", "organization": "Vanguard Intl Equity Index - Total World Stock Index Fd", "pctHeld": 0.0005, "position": 140736, "value": 8416012}, {"maxAge": 1, "reportDate": "2021-03-31", "organization": "SPDR (R) Idx Shares-SPDR (R) Emerging Markets Small Cap ETF", "pctHeld": 0.0004, "position": 124569, "value": 7611165}, {"maxAge": 1, "reportDate": "2020-11-30", "organization": "Vanguard World Fund-Vanguard ESG International Stock ETF", "pctHeld": 0.00029999999, "position": 101832, "value": 4816653}, {"maxAge": 1, "reportDate": "2020-12-31", "organization": "Optimum Funds Tr-International Fund", "pctHeld": 0.00029999999, "position": 100431, "value": 5799890}], "maxAge": 1}, "summaryDetail": {"maxAge": 1, "priceHint": 2, "previousClose": 61.5, "open": 61.35, "dayLow": 60.8, "dayHigh": 62.5, "regularMarketPreviousClose": 61.5, "regularMarketOpen": 61.35, "regularMarketDayLow": 60.8, "regularMarketDayHigh": 62.5, "exDividendDate": "2019-07-29 05:30:00", "payoutRatio": 0.0, "beta": 1.08634, "trailingPE": 3.9949293, "forwardPE": 2.91924, "volume": 911157, "regularMarketVolume": 911157, "averageVolume": 3906639, "averageVolume10days": 2101052, "averageDailyVolume10Day": 2101052, "bid": 0.0, "ask": 0.0, "bidSize": 0, "askSize": 0, "marketCap": 19118446592, "fiftyTwoWeekLow": 34.2, "fiftyTwoWeekHigh": 73.5, "priceToSalesTrailing12Months": 0.76032865, "fiftyDayAverage": 65.92647, "twoHundredDayAverage": 55.137234, "trailingAnnualDividendRate": 3.5, "trailingAnnualDividendYield": 0.05691057, "currency": "INR", "fromCurrency": null, "lastMarket": null, "algorithm": null, "tradeable": false}, "insiderHolders": {"holders": [{"maxAge": 1, "name": "Belle (Rammohan Rao)", "relation": "Additonal Director", "url": "", "transactionDescription": "Acquisition", "latestTransDate": "2013-10-21", "positionDirect": 200, "positionDirectDate": "2013-10-21"}, {"maxAge": 1, "name": "Life Insurance Corporation of India", "relation": "Institution- Corporation", "url": "", "transactionDescription": "Acquisition", "latestTransDate": "2013-03-06", "positionDirect": 9818166, "positionDirectDate": "2013-03-06"}, {"maxAge": 1, "name": "Prabhakar (B A)", "relation": "Additonal Director", "url": "", "transactionDescription": "Acquisition", "latestTransDate": "2014-09-06", "positionDirect": 150, "positionDirectDate": "2014-09-06"}, {"maxAge": 1, "name": "Raghurama", "relation": "UNREPORTED", "url": "", "transactionDescription": "Other", "latestTransDate": "2014-06-17", "positionDirect": 50, "positionDirectDate": "2014-06-17"}, {"maxAge": 1, "name": "Wellington Management Company LLP A/C Bay Pond MB", "relation": "UNREPORTED", "url": "", "transactionDescription": "Acquisition", "latestTransDate": "2010-12-24", "positionDirect": 7308164, "positionDirectDate": "2010-12-24"}], "maxAge": 1}, "calendarEvents": {"maxAge": 1, "earnings": {"earningsDate": ["2021-01-12 05:30:S"]}, "exDividendDate": "2019-07-29 05:30:00"}, "upgradeDowngradeHistory": {"history": [], "maxAge": 86400}, "price": {"maxAge": 1, "regularMarketChangePercent": -0.0008129957, "regularMarketChange": -0.049999237, "regularMarketTime": "2021-04-30 15:29:49", "priceHint": 2, "regularMarketPrice": 61.45, "regularMarketDayHigh": 62.5, "regularMarketDayLow": 60.8, "regularMarketVolume": 911157, "averageDailyVolume10Day": 2101052, "averageDailyVolume3Month": 3906639, "regularMarketPreviousClose": 61.5, "regularMarketSource": "FREE_REALTIME", "regularMarketOpen": 61.35, "exchange": "NSI", "exchangeName": "NSE", "exchangeDataDelayedBy": 15, "marketState": "CLOSED", "quoteType": "EQUITY", "symbol": "KTKBANK.NS", "underlyingSymbol": null, "shortName": "KARNATAKA BANK", "longName": "The Karnataka Bank Limited", "currency": "INR", "quoteSourceName": "Delayed Quote", "currencySymbol": "\u20b9", "fromCurrency": null, "lastMarket": null, "marketCap": 19118446592}, "balanceSheetHistory": {"balanceSheetStatements": [{"maxAge": 1, "endDate": "2020-03-31", "cash": 7124848000, "inventory": 196062000, "otherCurrentAssets": 32558177000, "totalCurrentAssets": 39879087000, "longTermInvestments": 161303602000, "propertyPlantEquipment": 8264189000, "otherAssets": 623687998000, "deferredLongTermAssetCharges": 4408075000, "totalAssets": 833134876000, "accountsPayable": 717851540000, "shortLongTermDebt": 15343400000, "otherCurrentLiab": 1881615000, "longTermDebt": 25307780000, "otherLiab": 12460812000, "totalCurrentLiabilities": 735661848000, "totalLiab": 773430440000, "commonStock": 3108697000, "retainedEarnings": 35085795000, "treasuryStock": 8959529000, "capitalSurplus": 12550415000, "otherStockholderEquity": 8959529000, "totalStockholderEquity": 59704436000, "netTangibleAssets": 59704436000}, {"maxAge": 1, "endDate": "2019-03-31", "cash": 6093148000, "inventory": 196062000, "otherCurrentAssets": 41683992000, "totalCurrentAssets": 47973202000, "longTermInvestments": 160349887000, "propertyPlantEquipment": 7749960000, "otherAssets": 574384503000, "deferredLongTermAssetCharges": 3650605000, "totalAssets": 790457552000, "accountsPayable": 684521228000, "otherCurrentLiab": 2637619000, "longTermDebt": 33255110000, "otherLiab": 11620274000, "totalCurrentLiabilities": 687730339000, "totalLiab": 732605723000, "commonStock": 2826078000, "retainedEarnings": 35636849000, "treasuryStock": 6549260000, "capitalSurplus": 12839642000, "otherStockholderEquity": 6549260000, "totalStockholderEquity": 57851829000, "netTangibleAssets": 57851829000}, {"maxAge": 1, "endDate": "2018-03-31", "cash": 4853524000, "inventory": 149624000, "otherCurrentAssets": 43856693000, "totalCurrentAssets": 48859841000, "longTermInvestments": 154444493000, "propertyPlantEquipment": 7616021000, "otherAssets": 492816399000, "deferredLongTermAssetCharges": 3810691000, "totalAssets": 703736754000, "accountsPayable": 628712850000, "otherCurrentLiab": 2571993000, "longTermDebt": 8159704000, "otherLiab": 9191336000, "totalCurrentLiabilities": 632284195000, "totalLiab": 649635235000, "commonStock": 2826077000, "retainedEarnings": 31845566000, "treasuryStock": 6590241000, "capitalSurplus": 12839635000, "otherStockholderEquity": 6590241000, "totalStockholderEquity": 54101519000, "netTangibleAssets": 54101519000}, {"maxAge": 1, "endDate": "2017-03-31", "cash": 7256853000, "inventory": 247336000, "otherCurrentAssets": 36026975000, "totalCurrentAssets": 43531164000, "longTermInvestments": 202197317000, "propertyPlantEquipment": 7205699000, "otherAssets": 387451810000, "deferredLongTermAssetCharges": 1912153000, "totalAssets": 640385990000, "accountsPayable": 567331082000, "otherCurrentLiab": 3400392000, "longTermDebt": 8326221000, "otherLiab": 8811908000, "totalCurrentLiabilities": 571822046000, "totalLiab": 588960175000, "commonStock": 2826059000, "retainedEarnings": 29607341000, "treasuryStock": 6152882000, "capitalSurplus": 12839533000, "otherStockholderEquity": 6152882000, "totalStockholderEquity": 51425815000, "netTangibleAssets": 51425815000}], "maxAge": 86400}, "earningsTrend": {"trend": [{"maxAge": 1, "period": "0q", "endDate": null, "growth": {}, "earningsEstimate": {"avg": 0.0, "low": 0.0, "high": 0.0, "yearAgoEps": {}, "numberOfAnalysts": 0, "growth": {}}, "revenueEstimate": {"avg": 0, "low": 0, "high": 0, "numberOfAnalysts": 0, "yearAgoRevenue": {}, "growth": {}}, "epsTrend": {"current": 0.0, "7daysAgo": 0.0, "30daysAgo": 0.0, "60daysAgo": 0.0, "90daysAgo": 0.0}, "epsRevisions": {"upLast7days": 0, "upLast30days": 0, "downLast30days": 0, "downLast90days": {}}}, {"maxAge": 1, "period": "+1q", "endDate": null, "growth": {}, "earningsEstimate": {"avg": 0.0, "low": 0.0, "high": 0.0, "yearAgoEps": {}, "numberOfAnalysts": 0, "growth": {}}, "revenueEstimate": {"avg": 0, "low": 0, "high": 0, "numberOfAnalysts": 0, "yearAgoRevenue": {}, "growth": {}}, "epsTrend": {"current": 0.0, "7daysAgo": 0.0, "30daysAgo": 0.0, "60daysAgo": 0.0, "90daysAgo": 0.0}, "epsRevisions": {"upLast7days": 0, "upLast30days": 0, "downLast30days": 0, "downLast90days": {}}}, {"maxAge": 1, "period": "0y", "endDate": null, "growth": {}, "earningsEstimate": {"avg": 0.0, "low": 0.0, "high": 0.0, "yearAgoEps": {}, "numberOfAnalysts": 0, "growth": {}}, "revenueEstimate": {"avg": 0, "low": 0, "high": 0, "numberOfAnalysts": 0, "yearAgoRevenue": {}, "growth": {}}, "epsTrend": {"current": 0.0, "7daysAgo": 0.0, "30daysAgo": 0.0, "60daysAgo": 0.0, "90daysAgo": 0.0}, "epsRevisions": {"upLast7days": 0, "upLast30days": 0, "downLast30days": 0, "downLast90days": {}}}, {"maxAge": 1, "period": "+1y", "endDate": null, "growth": {}, "earningsEstimate": {"avg": 0.0, "low": 0.0, "high": 0.0, "yearAgoEps": {}, "numberOfAnalysts": 0, "growth": {}}, "revenueEstimate": {"avg": 0, "low": 0, "high": 0, "numberOfAnalysts": 0, "yearAgoRevenue": {}, "growth": {}}, "epsTrend": {"current": 0.0, "7daysAgo": 0.0, "30daysAgo": 0.0, "60daysAgo": 0.0, "90daysAgo": 0.0}, "epsRevisions": {"upLast7days": 0, "upLast30days": 0, "downLast30days": 0, "downLast90days": {}}}, {"maxAge": 1, "period": "+5y", "endDate": null, "growth": 0.22799999, "earningsEstimate": {"avg": {}, "low": {}, "high": {}, "yearAgoEps": {}, "numberOfAnalysts": {}, "growth": {}}, "revenueEstimate": {"avg": {}, "low": {}, "high": {}, "numberOfAnalysts": {}, "yearAgoRevenue": {}, "growth": {}}, "epsTrend": {"current": {}, "7daysAgo": {}, "30daysAgo": {}, "60daysAgo": {}, "90daysAgo": {}}, "epsRevisions": {"upLast7days": {}, "upLast30days": {}, "downLast30days": {}, "downLast90days": {}}}, {"maxAge": 1, "period": "-5y", "endDate": null, "growth": {}, "earningsEstimate": {"avg": {}, "low": {}, "high": {}, "yearAgoEps": {}, "numberOfAnalysts": {}, "growth": {}}, "revenueEstimate": {"avg": {}, "low": {}, "high": {}, "numberOfAnalysts": {}, "yearAgoRevenue": {}, "growth": {}}, "epsTrend": {"current": {}, "7daysAgo": {}, "30daysAgo": {}, "60daysAgo": {}, "90daysAgo": {}}, "epsRevisions": {"upLast7days": {}, "upLast30days": {}, "downLast30days": {}, "downLast90days": {}}}], "maxAge": 1}, "institutionOwnership": {"ownershipList": [], "maxAge": 1}, "majorHoldersBreakdown": {"maxAge": 1, "insidersPercentHeld": 0.04743, "institutionsPercentHeld": 0.10560001, "institutionsFloatPercentHeld": 0.110860005, "institutionsCount": 22}, "balanceSheetHistoryQuarterly": {"balanceSheetStatements": [{"maxAge": 1, "endDate": "2020-12-31", "totalStockholderEquity": 64755400000, "netTangibleAssets": 64755400000}, {"maxAge": 1, "endDate": "2020-09-30", "cash": 31370800000, "totalCurrentAssets": 31370800000, "longTermInvestments": 199553400000, "propertyPlantEquipment": 8425100000, "otherAssets": 594542100000, "totalAssets": 833891400000, "accountsPayable": 729285800000, "longTermDebt": 22246600000, "otherLiab": 17603600000, "totalCurrentLiabilities": 729285800000, "totalLiab": 769136000000, "commonStock": 3108800000, "treasuryStock": 61646600000, "otherStockholderEquity": 61646600000, "totalStockholderEquity": 64755400000, "netTangibleAssets": 64755400000}, {"maxAge": 1, "endDate": "2020-06-30", "totalStockholderEquity": 59704436000, "netTangibleAssets": 59704436000}, {"maxAge": 1, "endDate": "2020-03-31", "cash": 7124848000, "inventory": 196062000, "otherCurrentAssets": 32558177000, "totalCurrentAssets": 39879087000, "longTermInvestments": 161303602000, "propertyPlantEquipment": 8264189000, "otherAssets": 623687998000, "deferredLongTermAssetCharges": 4408075000, "totalAssets": 833134876000, "accountsPayable": 717851540000, "shortLongTermDebt": 15343400000, "otherCurrentLiab": 1881615000, "longTermDebt": 25307780000, "otherLiab": 12460812000, "totalCurrentLiabilities": 735661848000, "totalLiab": 773430440000, "commonStock": 3108697000, "retainedEarnings": 35085795000, "treasuryStock": 8959529000, "capitalSurplus": 12550415000, "otherStockholderEquity": 8959529000, "totalStockholderEquity": 59704436000, "netTangibleAssets": 59704436000}], "maxAge": 86400}, "earningsHistory": {"history": [{"maxAge": 1, "epsActual": {}, "epsEstimate": {}, "epsDifference": {}, "surprisePercent": {}, "quarter": {}, "period": "-4q"}, {"maxAge": 1, "epsActual": {}, "epsEstimate": {}, "epsDifference": {}, "surprisePercent": {}, "quarter": {}, "period": "-3q"}, {"maxAge": 1, "epsActual": {}, "epsEstimate": {}, "epsDifference": {}, "surprisePercent": {}, "quarter": {}, "period": "-2q"}, {"maxAge": 1, "epsActual": {}, "epsEstimate": {}, "epsDifference": {}, "surprisePercent": {}, "quarter": {}, "period": "-1q"}], "maxAge": 86400}, "summaryProfile": {"address1": "Mahaveera Circle", "address2": "Kankanady Post Box No. 599 Dakshina Kannada District", "city": "Mangalore", "zip": "575002", "country": "India", "phone": "91 82 4222 8222", "fax": "91 82 4222 5588", "website": "http://karnatakabank.com", "industry": "Banks\u2014Regional", "sector": "Financial Services", "longBusinessSummary": "The Karnataka Bank Limited provides personal and business banking products and services in India. It operates through four segments: Treasury Operations, Corporate/Wholesale Banking, Retail Banking, and Other Banking Operations. The company offers savings and current accounts; fixed, cash certificate, and recurring deposits; and non-resident rupee, ordinary non-resident, foreign currency, and resident foreign currency accounts, as well as NRI priority banking services. It also provides loan products, including vehicle, home, education, personal, MSME, mortgage, women entrepreneur, gold, and other loans, as well as loans against property. In addition, the company offers debit, credit, gift, deposit only, and image cards; life, general, and health insurance products; investment products; remittance and other services; and forex services comprising pre and post-shipment, export collection bills, export LC advising, inward remittance facility, import letter of credit, import bill collection, buyer's credit, and outward remittances. Further, it provides point of sale service for merchant's payment solutions; and KBL e-COLLECT, a fee payment processing platform, which enables the institution to offer parents and students a way to pay their fees through a range of payment options. Additionally, the company offers various loans for agriculture; and other services, such as Internet and mobile banking, mutual funds, demat and online trading services, locker facility, and funds transfer services. As of March 31, 2020, it operated through a network of 848 branches, 1,480 ATMs, and 2,329 service outlets. The company was founded in 1924 and is headquartered in Mangalore, India.", "fullTimeEmployees": 8509, "companyOfficers": [], "maxAge": 86400}, "netSharePurchaseActivity": {"maxAge": 1, "period": "6m", "buyInfoCount": 0, "buyInfoShares": 0, "sellInfoCount": 0, "netInfoCount": 0, "netInfoShares": 0, "netPercentInsiderShares": 0.0, "totalInsiderShares": 14759998}, "insiderTransactions": {"transactions": [{"maxAge": 1, "shares": 150, "filerUrl": "", "transactionText": "", "filerName": "Prabhakar (B A)", "filerRelation": "Additonal Director", "moneyText": "", "startDate": "2014-09-06", "ownership": "D"}, {"maxAge": 1, "shares": 50, "filerUrl": "", "transactionText": "", "filerName": "Raghurama", "filerRelation": "UNREPORTED", "moneyText": "", "startDate": "2014-06-17", "ownership": "D"}, {"maxAge": 1, "shares": 200, "filerUrl": "", "transactionText": "", "filerName": "Belle (Rammohan Rao)", "filerRelation": "Additonal Director", "moneyText": "", "startDate": "2013-10-21", "ownership": "D"}, {"maxAge": 1, "shares": 1000000, "filerUrl": "", "transactionText": "", "filerName": "Life Insurance Corporation of India", "filerRelation": "Institution- Corporation", "moneyText": "", "startDate": "2013-03-06", "ownership": "D"}, {"maxAge": 1, "shares": 838399, "filerUrl": "", "transactionText": "", "filerName": "Wellington Management Company LLP A/C Bay Pond MB", "filerRelation": "UNREPORTED", "moneyText": "", "startDate": "2010-12-24", "ownership": "D"}], "maxAge": 1}, "sectorTrend": {"maxAge": 1, "symbol": null, "estimates": []}, "incomeStatementHistoryQuarterly": {"incomeStatementHistory": [{"maxAge": 1, "endDate": "2020-12-31", "totalRevenue": 6729900000, "costOfRevenue": 0, "grossProfit": 6729900000, "researchDevelopment": {}, "sellingGeneralAdministrative": 2672500000, "nonRecurring": {}, "otherOperatingExpenses": 1819600000, "totalOperatingExpenses": 4492100000, "operatingIncome": 2237800000, "totalOtherIncomeExpenseNet": 0, "ebit": 0, "interestExpense": {}, "incomeBeforeTax": 2237800000, "incomeTaxExpense": 884100000, "minorityInterest": {}, "netIncomeFromContinuingOps": 1353700000, "discontinuedOperations": {}, "extraordinaryItems": {}, "effectOfAccountingCharges": {}, "otherItems": {}, "netIncome": 1353700000, "netIncomeApplicableToCommonShares": 1353700000}, {"maxAge": 1, "endDate": "2020-09-30", "totalRevenue": 5825500000, "costOfRevenue": 0, "grossProfit": 5825500000, "researchDevelopment": {}, "sellingGeneralAdministrative": 2046200000, "nonRecurring": {}, "otherOperatingExpenses": 1997200000, "totalOperatingExpenses": 4043400000, "operatingIncome": 1782100000, "totalOtherIncomeExpenseNet": 0, "ebit": 0, "interestExpense": {}, "incomeBeforeTax": 1782100000, "incomeTaxExpense": 588600000, "minorityInterest": {}, "netIncomeFromContinuingOps": 1193500000, "discontinuedOperations": {}, "extraordinaryItems": {}, "effectOfAccountingCharges": {}, "otherItems": {}, "netIncome": 1193500000, "netIncomeApplicableToCommonShares": 1193500000}, {"maxAge": 1, "endDate": "2020-06-30", "totalRevenue": 5449700000, "costOfRevenue": 0, "grossProfit": 5449700000, "researchDevelopment": {}, "sellingGeneralAdministrative": 2016500000, "nonRecurring": {}, "otherOperatingExpenses": 1753500000, "totalOperatingExpenses": 3770000000, "operatingIncome": 1679700000, "totalOtherIncomeExpenseNet": 0, "ebit": 0, "interestExpense": {}, "incomeBeforeTax": 1679700000, "incomeTaxExpense": -284100000, "minorityInterest": {}, "netIncomeFromContinuingOps": 1963800000, "discontinuedOperations": {}, "extraordinaryItems": {}, "effectOfAccountingCharges": {}, "otherItems": {}, "netIncome": 1963800000, "netIncomeApplicableToCommonShares": 1963800000}, {"maxAge": 1, "endDate": "2020-03-31", "totalRevenue": 6131677000, "costOfRevenue": 0, "grossProfit": 6131677000, "researchDevelopment": {}, "sellingGeneralAdministrative": 7495334000, "nonRecurring": {}, "otherOperatingExpenses": -1714022000, "totalOperatingExpenses": 5781312000, "operatingIncome": 350365000, "totalOtherIncomeExpenseNet": 0, "ebit": 0, "interestExpense": {}, "incomeBeforeTax": 350365000, "incomeTaxExpense": 77300000, "minorityInterest": {}, "netIncomeFromContinuingOps": 273065000, "discontinuedOperations": {}, "extraordinaryItems": {}, "effectOfAccountingCharges": {}, "otherItems": {}, "netIncome": 273065000, "netIncomeApplicableToCommonShares": 273065000}], "maxAge": 86400}, "cashflowStatementHistoryQuarterly": {"cashflowStatements": [{"maxAge": 1, "endDate": "2020-12-31", "netIncome": 1353700000, "changeToLiabilities": 0}, {"maxAge": 1, "endDate": "2020-09-30", "netIncome": 1193500000, "changeToLiabilities": 0}, {"maxAge": 1, "endDate": "2020-06-30", "netIncome": 1963800000, "changeToLiabilities": 0}, {"maxAge": 1, "endDate": "2020-03-31", "netIncome": 273065000, "changeToLiabilities": 0}], "maxAge": 86400}, "earnings": {"maxAge": 86400, "earningsChart": {"quarterly": [], "earningsDate": ["2021-01-12 05:30:S"]}, "financialsChart": {"yearly": [{"date": 2017, "revenue": 17721126000, "earnings": 4522613000}, {"date": 2018, "revenue": 16489828000, "earnings": 3256078000}, {"date": 2019, "revenue": 20650812000, "earnings": 4772398000}, {"date": 2020, "revenue": 22916677000, "earnings": 4317765000}], "quarterly": [{"date": "1Q2020", "revenue": 6131677000, "earnings": 273065000}, {"date": "2Q2020", "revenue": 5449700000, "earnings": 1963800000}, {"date": "3Q2020", "revenue": 5825500000, "earnings": 1193500000}, {"date": "4Q2020", "revenue": 6729900000, "earnings": 1353700000}]}, "financialCurrency": "INR"}, "financialData": {"maxAge": 86400, "currentPrice": 61.45, "targetHighPrice": 160.0, "targetLowPrice": 120.0, "targetMeanPrice": 138.67, "targetMedianPrice": 136.5, "recommendationKey": "none", "numberOfAnalystOpinions": 6, "totalCash": 31370799104, "totalCashPerShare": 100.807, "totalDebt": 22246600704, "totalRevenue": 25144977408, "revenuePerShare": 80.887, "grossProfits": 22916677000, "earningsGrowth": 0.097, "revenueGrowth": 0.131, "grossMargins": 0.0, "ebitdaMargins": 0.0, "operatingMargins": 0.24059999, "profitMargins": 0.19026, "financialCurrency": "INR"}}}