{"KUANTUM.BO": {"recommendationTrend": {"trend": [{"period": "0m", "strongBuy": 0, "buy": 0, "hold": 0, "sell": 0, "strongSell": 0}, {"period": "-1m", "strongBuy": 0, "buy": 0, "hold": 0, "sell": 0, "strongSell": 0}, {"period": "-2m", "strongBuy": 0, "buy": 0, "hold": 0, "sell": 0, "strongSell": 0}, {"period": "-3m", "strongBuy": 0, "buy": 0, "hold": 0, "sell": 0, "strongSell": 0}], "maxAge": 86400}, "cashflowStatementHistory": {"cashflowStatements": [{"maxAge": 1, "endDate": "2020-03-31", "netIncome": 718058000, "depreciation": 274517000, "changeToNetincome": 121527000, "changeToAccountReceivables": 191468000, "changeToLiabilities": -39455000, "changeToInventory": -288127000, "changeToOperatingActivities": -272160000, "totalCashFromOperatingActivities": 748327000, "capitalExpenditures": -2770177000, "investments": 34446000, "otherCashflowsFromInvestingActivities": 32881000, "totalCashflowsFromInvestingActivities": -2514975000, "dividendsPaid": -43298000, "netBorrowings": 1737757000, "otherCashflowsFromFinancingActivities": -313362000, "totalCashFromFinancingActivities": 1381097000, "changeInCash": -385551000}, {"maxAge": 1, "endDate": "2019-03-31", "netIncome": 779388000, "depreciation": 229735000, "changeToNetincome": 309235000, "changeToAccountReceivables": -14794000, "changeToLiabilities": 7169000, "changeToInventory": 109099000, "changeToOperatingActivities": -83722000, "totalCashFromOperatingActivities": 1357628000, "capitalExpenditures": -1631517000, "investments": 71263000, "otherCashflowsFromInvestingActivities": 58652000, "totalCashflowsFromInvestingActivities": -1501202000, "dividendsPaid": -21753000, "netBorrowings": 696465000, "otherCashflowsFromFinancingActivities": -283175000, "totalCashFromFinancingActivities": 391537000, "changeInCash": 247963000}, {"maxAge": 1, "endDate": "2018-03-31", "netIncome": 728875000, "depreciation": 186761000, "changeToNetincome": 315113000, "changeToAccountReceivables": 23467000, "changeToLiabilities": 60546000, "changeToInventory": -136066000, "changeToOperatingActivities": 126536000, "totalCashFromOperatingActivities": 1312670000, "capitalExpenditures": -1145296000, "investments": -191733000, "otherCashflowsFromInvestingActivities": 17207000, "totalCashflowsFromInvestingActivities": -1315640000, "dividendsPaid": -17453000, "netBorrowings": 191366000, "otherCashflowsFromFinancingActivities": -251714000, "totalCashFromFinancingActivities": -77801000, "changeInCash": -80771000}, {"maxAge": 1, "endDate": "2017-03-31", "netIncome": 593009000, "depreciation": 153021000, "changeToNetincome": 306682000, "changeToAccountReceivables": 17559000, "changeToLiabilities": -262000, "changeToInventory": -78375000, "changeToOperatingActivities": -263875000, "totalCashFromOperatingActivities": 728379000, "capitalExpenditures": -788745000, "investments": -91548000, "otherCashflowsFromInvestingActivities": 33579000, "totalCashflowsFromInvestingActivities": -928690000, "dividendsPaid": -8726000, "netBorrowings": 622721000, "otherCashflowsFromFinancingActivities": -199697000, "totalCashFromFinancingActivities": 414298000, "changeInCash": 213987000}], "maxAge": 86400}, "institutionOwnership": {"ownershipList": [], "maxAge": 1}, "balanceSheetHistoryQuarterly": {"balanceSheetStatements": [{"maxAge": 1, "endDate": "2020-06-30", "totalStockholderEquity": 8317216000, "netTangibleAssets": 8262200000}, {"maxAge": 1, "endDate": "2020-03-31", "cash": 4637000, "netReceivables": 369061000, "inventory": 923845000, "otherCurrentAssets": 477767000, "totalCurrentAssets": 1792938000, "propertyPlantEquipment": 13297144000, "intangibleAssets": 55016000, "otherAssets": 349167000, "totalAssets": 15494265000, "accountsPayable": 278646000, "shortLongTermDebt": 429853000, "otherCurrentLiab": 578374000, "longTermDebt": 4683192000, "otherLiab": 500901000, "totalCurrentLiabilities": 1992956000, "totalLiab": 7177049000, "commonStock": 87264000, "retainedEarnings": 8209952000, "treasuryStock": 20000000, "otherStockholderEquity": 20000000, "totalStockholderEquity": 8317216000, "netTangibleAssets": 8262200000}, {"maxAge": 1, "endDate": "2019-12-31", "totalStockholderEquity": 7990012000, "netTangibleAssets": 7914667000}, {"maxAge": 1, "endDate": "2019-09-30", "cash": 265066000, "shortTermInvestments": 37598000, "netReceivables": 260713000, "inventory": 757401000, "otherCurrentAssets": 163348000, "totalCurrentAssets": 1484126000, "longTermInvestments": 49086000, "propertyPlantEquipment": 11255128000, "intangibleAssets": 75345000, "otherAssets": 654669000, "totalAssets": 13518354000, "accountsPayable": 330915000, "otherCurrentLiab": 833994000, "longTermDebt": 3197568000, "otherLiab": 642102000, "totalCurrentLiabilities": 1688672000, "totalLiab": 5528342000, "commonStock": 87264000, "treasuryStock": 7902748000, "otherStockholderEquity": 7902748000, "totalStockholderEquity": 7990012000, "netTangibleAssets": 7914667000}], "maxAge": 86400}, "earningsHistory": {"history": [{"maxAge": 1, "epsActual": 18.05, "epsEstimate": 21.49, "epsDifference": -3.44, "surprisePercent": -0.16, "quarter": "2017-09-30", "period": "-4q"}, {"maxAge": 1, "epsActual": 19.32, "epsEstimate": 20.48, "epsDifference": -1.16, "surprisePercent": -0.056999996, "quarter": "2017-12-31", "period": "-3q"}, {"maxAge": 1, "epsActual": 25.97, "epsEstimate": 23.9, "epsDifference": 2.07, "surprisePercent": 0.087, "quarter": "2018-03-31", "period": "-2q"}, {"maxAge": 1, "epsActual": 16.22, "epsEstimate": 21.5, "epsDifference": -5.28, "surprisePercent": -0.246, "quarter": "2018-09-30", "period": "-1q"}], "maxAge": 86400}, "indexTrend": {"maxAge": 1, "symbol": "SP5", "peRatio": 19.7411, "pegRatio": 1.34172, "estimates": [{"period": "0q", "growth": 0.549}, {"period": "+1q", "growth": 0.431}, {"period": "0y", "growth": 0.305}, {"period": "+1y", "growth": 0.109}, {"period": "+5y", "growth": 0.120865}, {"period": "-5y"}]}, "industryTrend": {"maxAge": 1, "symbol": null, "estimates": []}, "insiderTransactions": {"transactions": [{"maxAge": 1, "shares": 199250, "filerUrl": "", "transactionText": "", "filerName": "Combine Overseas Ltd", "filerRelation": "Promoter", "moneyText": "", "startDate": "2018-12-18", "ownership": "D"}, {"maxAge": 1, "shares": 199250, "filerUrl": "", "transactionText": "", "filerName": "Esteem Finventures Ltd", "filerRelation": "Promoter", "moneyText": "", "startDate": "2018-12-18", "ownership": "D"}, {"maxAge": 1, "shares": 200000, "filerUrl": "", "transactionText": "", "filerName": "Combine Overseas Ltd", "filerRelation": "Promoter", "moneyText": "", "startDate": "2018-11-28", "ownership": "D"}, {"maxAge": 1, "shares": 200000, "filerUrl": "", "transactionText": "", "filerName": "Combine Overseas Ltd", "filerRelation": "Promoter", "moneyText": "", "startDate": "2018-11-19", "ownership": "D"}, {"maxAge": 1, "shares": 200000, "filerUrl": "", "transactionText": "", "filerName": "Combine Overseas Ltd", "filerRelation": "Promoter", "moneyText": "", "startDate": "2018-11-02", "ownership": "D"}, {"maxAge": 1, "shares": 120399, "filerUrl": "", "transactionText": "", "filerName": "Khaitan (Umesh Kumar)", "filerRelation": "Promoter", "moneyText": "", "startDate": "2018-10-01", "ownership": "D"}, {"maxAge": 1, "shares": 120399, "filerUrl": "", "transactionText": "", "filerName": "Khaitan (Jagesh Kumar)", "filerRelation": "Executive Chairman", "moneyText": "", "startDate": "2018-10-01", "ownership": "D"}, {"maxAge": 1, "shares": 21001, "filerUrl": "", "transactionText": "", "filerName": "Khaitan (Umesh Kumar)", "filerRelation": "UNREPORTED", "moneyText": "", "startDate": "2018-09-24", "ownership": "D"}, {"maxAge": 1, "shares": 63150, "filerUrl": "", "transactionText": "", "filerName": "Khaitan (Abha)", "filerRelation": "UNREPORTED", "moneyText": "", "startDate": "2018-09-14", "ownership": "D"}, {"maxAge": 1, "shares": 63150, "filerUrl": "", "transactionText": "", "filerName": "Khaitan (Umesh Kumar)", "filerRelation": "UNREPORTED", "moneyText": "", "startDate": "2018-09-14", "ownership": "D"}, {"maxAge": 1, "shares": 315000, "filerUrl": "", "transactionText": "", "filerName": "Esteem Finventures Ltd", "filerRelation": "Promoter", "moneyText": "", "startDate": "2016-12-08", "ownership": "D"}, {"maxAge": 1, "shares": 315000, "filerUrl": "", "transactionText": "", "filerName": "Combine Overseas Ltd", "filerRelation": "Promoter", "moneyText": "", "startDate": "2016-12-08", "ownership": "D"}, {"maxAge": 1, "shares": 400000, "filerUrl": "", "transactionText": "", "filerName": "Esteem Finventures Ltd", "filerRelation": "Promoter", "moneyText": "", "startDate": "2016-11-02", "ownership": "D"}, {"maxAge": 1, "shares": 400000, "filerUrl": "", "transactionText": "", "filerName": "Combine Overseas Ltd", "filerRelation": "Promoter", "moneyText": "", "startDate": "2016-11-02", "ownership": "D"}, {"maxAge": 1, "shares": 128049, "filerUrl": "", "transactionText": "", "filerName": "Khaitan (Jagesh Kumar)", "filerRelation": "Chairman of the Board", "moneyText": "", "startDate": "2011-01-15", "ownership": "D"}, {"maxAge": 1, "shares": 237805, "filerUrl": "", "transactionText": "", "filerName": "Khaitan (Pavan)", "filerRelation": "Managing Director", "moneyText": "", "startDate": "2011-01-14", "ownership": "D"}, {"maxAge": 1, "shares": 218471, "filerUrl": "", "transactionText": "", "filerName": "Khaitan (Jagesh Kumar)", "filerRelation": "Vice Chairman", "moneyText": "", "startDate": "2010-07-16", "ownership": "D"}, {"maxAge": 1, "shares": 7629, "filerUrl": "", "transactionText": "", "filerName": "Bajaj (Arnav)", "filerRelation": "UNREPORTED", "moneyText": "", "startDate": "2010-07-16", "ownership": "D"}, {"maxAge": 1, "shares": 2444253, "filerUrl": "", "transactionText": "", "filerName": "Esteem Finventures Ltd", "filerRelation": "Institution- Corporation", "moneyText": "", "startDate": "2010-07-16", "ownership": "D"}, {"maxAge": 1, "shares": 238821, "filerUrl": "", "transactionText": "", "filerName": "Khaitan (Pavan)", "filerRelation": "Managing Director", "moneyText": "", "startDate": "2010-07-16", "ownership": "D"}, {"maxAge": 1, "shares": 4875, "filerUrl": "", "transactionText": "", "filerName": "Vajaj (Varun)", "filerRelation": "UNREPORTED", "moneyText": "", "startDate": "2010-07-16", "ownership": "D"}, {"maxAge": 1, "shares": 35165, "filerUrl": "", "transactionText": "", "filerName": "Bajaj (Jaya)", "filerRelation": "UNREPORTED", "moneyText": "", "startDate": "2010-07-16", "ownership": "D"}, {"maxAge": 1, "shares": 238821, "filerUrl": "", "transactionText": "", "filerName": "Bajaj (Nirmala Jyoti)", "filerRelation": "UNREPORTED", "moneyText": "", "startDate": "2010-07-16", "ownership": "D"}, {"maxAge": 1, "shares": 26652, "filerUrl": "", "transactionText": "", "filerName": "Bajaj (Sneha)", "filerRelation": "UNREPORTED", "moneyText": "", "startDate": "2010-07-16", "ownership": "D"}, {"maxAge": 1, "shares": 1514250, "filerUrl": "", "transactionText": "", "filerName": "Combine Overseas Ltd", "filerRelation": "Institution- Corporation", "moneyText": "", "startDate": "2010-07-16", "ownership": "D"}, {"maxAge": 1, "shares": 139478, "filerUrl": "", "transactionText": "", "filerName": "Bajaj (Ashwini Kumar)", "filerRelation": "Director (Non-Executive)", "moneyText": "", "startDate": "2010-07-16", "ownership": "D"}, {"maxAge": 1, "shares": 128476, "filerUrl": "", "transactionText": "", "filerName": "Bajaj (V K) HUF", "filerRelation": "UNREPORTED", "moneyText": "", "startDate": "2010-07-16", "ownership": "D"}, {"maxAge": 1, "shares": 111502, "filerUrl": "", "transactionText": "", "filerName": "Bajaj (Vandana)", "filerRelation": "UNREPORTED", "moneyText": "", "startDate": "2010-07-16", "ownership": "D"}, {"maxAge": 1, "shares": 1143495, "filerUrl": "", "transactionText": "", "filerName": "Esteem Finventures Ltd", "filerRelation": "Institution- Corporation", "moneyText": "", "startDate": "2010-06-28", "ownership": "D"}, {"maxAge": 1, "shares": 550023, "filerUrl": "", "transactionText": "", "filerName": "United Holdings Pvt Ltd.", "filerRelation": "Institution- Corporation", "moneyText": "", "startDate": "2010-06-28", "ownership": "D"}], "maxAge": 1}, "quoteType": {"exchange": "BSE", "quoteType": "EQUITY", "symbol": "KUANTUM.BO", "underlyingSymbol": "KUANTUM.BO", "shortName": "KUANTUM PAPERS LTD.", "longName": "Kuantum Papers Limited", "firstTradeDateEpochUtc": "2008-01-23 09:15:00", "timeZoneFullName": "Asia/Kolkata", "timeZoneShortName": "IST", "uuid": "40cf078a-6eb7-3ae9-8cde-448cb1718caf", "gmtOffSetMilliseconds": 19800000, "maxAge": 1}, "incomeStatementHistory": {"incomeStatementHistory": [{"maxAge": 1, "endDate": "2020-03-31", "totalRevenue": 7447321000, "costOfRevenue": 2702988000, "grossProfit": 4744333000, "researchDevelopment": {}, "sellingGeneralAdministrative": 622016000, "nonRecurring": {}, "otherOperatingExpenses": 2844057000, "totalOperatingExpenses": 6486077000, "operatingIncome": 961244000, "totalOtherIncomeExpenseNet": -309325000, "ebit": 961244000, "interestExpense": -289134000, "incomeBeforeTax": 651919000, "incomeTaxExpense": -66139000, "minorityInterest": {}, "netIncomeFromContinuingOps": 718058000, "discontinuedOperations": {}, "extraordinaryItems": {}, "effectOfAccountingCharges": {}, "otherItems": {}, "netIncome": 718058000, "netIncomeApplicableToCommonShares": 718058000}, {"maxAge": 1, "endDate": "2019-03-31", "totalRevenue": 7934616000, "costOfRevenue": 2776182000, "grossProfit": 5158434000, "researchDevelopment": {}, "sellingGeneralAdministrative": 533401000, "nonRecurring": {}, "otherOperatingExpenses": 2946980000, "totalOperatingExpenses": 6507816000, "operatingIncome": 1426800000, "totalOtherIncomeExpenseNet": -317906000, "ebit": 1426800000, "interestExpense": -262694000, "incomeBeforeTax": 1108894000, "incomeTaxExpense": 329506000, "minorityInterest": {}, "netIncomeFromContinuingOps": 779388000, "discontinuedOperations": {}, "extraordinaryItems": {}, "effectOfAccountingCharges": {}, "otherItems": {}, "netIncome": 779388000, "netIncomeApplicableToCommonShares": 779388000}, {"maxAge": 1, "endDate": "2018-03-31", "totalRevenue": 7041373000, "costOfRevenue": 2361527000, "grossProfit": 4679846000, "researchDevelopment": {}, "sellingGeneralAdministrative": 441599000, "nonRecurring": {}, "otherOperatingExpenses": 2691677000, "totalOperatingExpenses": 5689002000, "operatingIncome": 1352371000, "totalOtherIncomeExpenseNet": -281261000, "ebit": 1352371000, "interestExpense": -211966000, "incomeBeforeTax": 1071110000, "incomeTaxExpense": 342235000, "minorityInterest": {}, "netIncomeFromContinuingOps": 728875000, "discontinuedOperations": {}, "extraordinaryItems": {}, "effectOfAccountingCharges": {}, "otherItems": {}, "netIncome": 728875000, "netIncomeApplicableToCommonShares": 728875000}, {"maxAge": 1, "endDate": "2017-03-31", "totalRevenue": 6075547000, "costOfRevenue": 2163170000, "grossProfit": 3912377000, "researchDevelopment": {}, "sellingGeneralAdministrative": 388794000, "nonRecurring": {}, "otherOperatingExpenses": 2354051000, "totalOperatingExpenses": 5059656000, "operatingIncome": 1015891000, "totalOtherIncomeExpenseNet": -173526000, "ebit": 1015891000, "interestExpense": -198677000, "incomeBeforeTax": 842365000, "incomeTaxExpense": 249356000, "minorityInterest": {}, "netIncomeFromContinuingOps": 593009000, "discontinuedOperations": {}, "extraordinaryItems": {}, "effectOfAccountingCharges": {}, "otherItems": {}, "netIncome": 593009000, "netIncomeApplicableToCommonShares": 593009000}], "maxAge": 86400}, "fundOwnership": {"ownershipList": [], "maxAge": 1}, "summaryDetail": {"maxAge": 1, "priceHint": 2, "previousClose": 64.2, "open": 63.65, "dayLow": 63.5, "dayHigh": 67.95, "regularMarketPreviousClose": 64.2, "regularMarketOpen": 63.65, "regularMarketDayLow": 63.5, "regularMarketDayHigh": 67.95, "trailingPE": 15.120921, "forwardPE": 0.969004, "volume": 1930, "regularMarketVolume": 1930, "averageVolume": 5939, "averageVolume10days": 4302, "averageDailyVolume10Day": 4302, "bid": 58.0, "ask": 65.0, "bidSize": 0, "askSize": 0, "marketCap": 5619776000, "fiftyTwoWeekLow": 25.01, "fiftyTwoWeekHigh": 88.9, "fiftyDayAverage": 53.310604, "twoHundredDayAverage": 47.65919, "trailingAnnualDividendRate": 0.25, "trailingAnnualDividendYield": 0.003894081, "currency": "INR", "fromCurrency": null, "lastMarket": null, "algorithm": null, "tradeable": false}, "sectorTrend": {"maxAge": 1, "symbol": null, "estimates": []}, "incomeStatementHistoryQuarterly": {"incomeStatementHistory": [{"maxAge": 1, "endDate": "2020-06-30", "totalRevenue": 475799000, "costOfRevenue": 356904000, "grossProfit": 118895000, "researchDevelopment": {}, "sellingGeneralAdministrative": 146071000, "nonRecurring": {}, "otherOperatingExpenses": 74901000, "totalOperatingExpenses": 662014000, "operatingIncome": -186215000, "totalOtherIncomeExpenseNet": -69468000, "ebit": -186215000, "interestExpense": -75846000, "incomeBeforeTax": -255683000, "incomeTaxExpense": -93072000, "minorityInterest": {}, "netIncomeFromContinuingOps": -162611000, "discontinuedOperations": {}, "extraordinaryItems": {}, "effectOfAccountingCharges": {}, "otherItems": {}, "netIncome": -162611000, "netIncomeApplicableToCommonShares": -162611000}, {"maxAge": 1, "endDate": "2020-03-31", "totalRevenue": 1782551000, "costOfRevenue": -1166671000, "grossProfit": 2949222000, "researchDevelopment": {}, "sellingGeneralAdministrative": 162524000, "nonRecurring": {}, "otherOperatingExpenses": 2445474000, "totalOperatingExpenses": 1525097000, "operatingIncome": 257454000, "totalOtherIncomeExpenseNet": -124804000, "ebit": 257454000, "interestExpense": -55430000, "incomeBeforeTax": 132650000, "incomeTaxExpense": 1186000, "minorityInterest": {}, "netIncomeFromContinuingOps": 131464000, "discontinuedOperations": {}, "extraordinaryItems": {}, "effectOfAccountingCharges": {}, "otherItems": {}, "netIncome": 131464000, "netIncomeApplicableToCommonShares": 131464000}, {"maxAge": 1, "endDate": "2019-12-31", "totalRevenue": 1874360000, "costOfRevenue": 1349890000, "grossProfit": 524470000, "researchDevelopment": {}, "sellingGeneralAdministrative": 156490000, "nonRecurring": {}, "otherOperatingExpenses": 124910000, "totalOperatingExpenses": 1711510000, "operatingIncome": 162850000, "totalOtherIncomeExpenseNet": -55540000, "ebit": 162850000, "interestExpense": -70900000, "incomeBeforeTax": 107310000, "incomeTaxExpense": -101880000, "minorityInterest": {}, "netIncomeFromContinuingOps": 209190000, "discontinuedOperations": {}, "extraordinaryItems": {}, "effectOfAccountingCharges": {}, "otherItems": {}, "netIncome": 209190000, "netIncomeApplicableToCommonShares": 209190000}, {"maxAge": 1, "endDate": "2019-09-30", "totalRevenue": 1904314000, "costOfRevenue": 1310296000, "grossProfit": 594018000, "researchDevelopment": {}, "sellingGeneralAdministrative": 153327000, "nonRecurring": {}, "otherOperatingExpenses": 135491000, "totalOperatingExpenses": 1677119000, "operatingIncome": 227195000, "totalOtherIncomeExpenseNet": -77128000, "ebit": 227195000, "interestExpense": -88212000, "incomeBeforeTax": 150067000, "incomeTaxExpense": -43597000, "minorityInterest": {}, "netIncomeFromContinuingOps": 193664000, "discontinuedOperations": {}, "extraordinaryItems": {}, "effectOfAccountingCharges": {}, "otherItems": {}, "netIncome": 193664000, "netIncomeApplicableToCommonShares": 193664000}], "maxAge": 86400}, "cashflowStatementHistoryQuarterly": {"cashflowStatements": [{"maxAge": 1, "endDate": "2020-06-30", "netIncome": -162611000, "changeToLiabilities": 0}, {"maxAge": 1, "endDate": "2020-03-31", "netIncome": 131464000, "changeToLiabilities": 0}, {"maxAge": 1, "endDate": "2019-12-31", "netIncome": 209190000, "changeToLiabilities": 0}, {"maxAge": 1, "endDate": "2019-09-30", "netIncome": 193664000, "changeToLiabilities": 0}], "maxAge": 86400}, "insiderHolders": {"holders": [{"maxAge": 1, "name": "Bajaj (Arnav)", "relation": "UNREPORTED", "url": "", "transactionDescription": "Sale", "latestTransDate": "2010-07-16", "positionDirect": 0, "positionDirectDate": "2010-07-16"}, {"maxAge": 1, "name": "Bajaj (Jaya)", "relation": "UNREPORTED", "url": "", "transactionDescription": "Sale", "latestTransDate": "2010-07-16", "positionDirect": 0, "positionDirectDate": "2010-07-16"}, {"maxAge": 1, "name": "Bajaj (Nirmala Jyoti)", "relation": "UNREPORTED", "url": "", "transactionDescription": "Sale", "latestTransDate": "2010-07-16", "positionDirect": 0, "positionDirectDate": "2010-07-16"}, {"maxAge": 1, "name": "Combine Overseas Ltd", "relation": "Promoter", "url": "", "transactionDescription": "Other", "latestTransDate": "2018-12-18", "positionDirect": 0, "positionDirectDate": "2018-12-18"}, {"maxAge": 1, "name": "Esteem Finventures Ltd", "relation": "Promoter", "url": "", "transactionDescription": "Other", "latestTransDate": "2018-12-18", "positionDirect": 5803788, "positionDirectDate": "2018-12-18"}, {"maxAge": 1, "name": "Khaitan (Abha)", "relation": "UNREPORTED", "url": "", "transactionDescription": "Other", "latestTransDate": "2018-09-14", "positionDirect": 0, "positionDirectDate": "2018-09-14"}, {"maxAge": 1, "name": "Khaitan (Jagesh Kumar)", "relation": "Executive Chairman", "url": "", "transactionDescription": "Other", "latestTransDate": "2018-10-01", "positionDirect": 265157, "positionDirectDate": "2018-10-01"}, {"maxAge": 1, "name": "Khaitan (Pavan)", "relation": "Managing Director", "url": "", "transactionDescription": "Sale", "latestTransDate": "2011-01-14", "positionDirect": 26866, "positionDirectDate": "2011-01-14"}, {"maxAge": 1, "name": "Khaitan (Umesh Kumar)", "relation": "Promoter", "url": "", "transactionDescription": "Other", "latestTransDate": "2018-10-01", "positionDirect": 0, "positionDirectDate": "2018-10-01"}, {"maxAge": 1, "name": "Vajaj (Varun)", "relation": "UNREPORTED", "url": "", "transactionDescription": "Sale", "latestTransDate": "2010-07-16", "positionDirect": 0, "positionDirectDate": "2010-07-16"}], "maxAge": 1}, "earnings": {"maxAge": 86400, "earningsChart": {"quarterly": [{"date": "3Q2017", "actual": 18.05, "estimate": 21.49}, {"date": "4Q2017", "actual": 19.32, "estimate": 20.48}, {"date": "1Q2018", "actual": 25.97, "estimate": 23.9}, {"date": "3Q2018", "actual": 16.22, "estimate": 21.5}], "currentQuarterEstimateDate": "4Q", "currentQuarterEstimateYear": 2018, "earningsDate": ["2020-09-10 05:30:S"]}, "financialsChart": {"yearly": [{"date": 2017, "revenue": 6075547000, "earnings": 593009000}, {"date": 2018, "revenue": 7041373000, "earnings": 728875000}, {"date": 2019, "revenue": 7934616000, "earnings": 779388000}, {"date": 2020, "revenue": 7447321000, "earnings": 718058000}], "quarterly": [{"date": "3Q2019", "revenue": 1904314000, "earnings": 193664000}, {"date": "4Q2019", "revenue": 1874360000, "earnings": 209190000}, {"date": "1Q2020", "revenue": 1782551000, "earnings": 131464000}, {"date": "2Q2020", "revenue": 475799000, "earnings": -162611000}]}, "financialCurrency": "INR"}, "calendarEvents": {"maxAge": 1, "earnings": {"earningsDate": ["2020-09-10 05:30:S"]}}, "upgradeDowngradeHistory": {"history": [], "maxAge": 86400}, "price": {"maxAge": 1, "regularMarketChangePercent": 0.0031153364, "regularMarketChange": 0.20000458, "regularMarketTime": "2021-04-30 15:17:19", "priceHint": 2, "regularMarketPrice": 64.4, "regularMarketDayHigh": 67.95, "regularMarketDayLow": 63.5, "regularMarketVolume": 1930, "averageDailyVolume10Day": 4302, "averageDailyVolume3Month": 5939, "regularMarketPreviousClose": 64.2, "regularMarketSource": "FREE_REALTIME", "regularMarketOpen": 63.65, "exchange": "BSE", "exchangeName": "BSE", "exchangeDataDelayedBy": 0, "marketState": "CLOSED", "quoteType": "EQUITY", "symbol": "KUANTUM.BO", "underlyingSymbol": null, "shortName": "KUANTUM PAPERS LTD.", "longName": "Kuantum Papers Limited", "currency": "INR", "quoteSourceName": "Delayed Quote", "currencySymbol": "\u20b9", "fromCurrency": null, "lastMarket": null, "marketCap": 5619776000}, "balanceSheetHistory": {"balanceSheetStatements": [{"maxAge": 1, "endDate": "2020-03-31", "cash": 4637000, "netReceivables": 369061000, "inventory": 923845000, "otherCurrentAssets": 477767000, "totalCurrentAssets": 1792938000, "propertyPlantEquipment": 13297144000, "intangibleAssets": 55016000, "otherAssets": 349167000, "totalAssets": 15494265000, "accountsPayable": 278646000, "shortLongTermDebt": 429853000, "otherCurrentLiab": 578374000, "longTermDebt": 4683192000, "otherLiab": 500901000, "totalCurrentLiabilities": 1992956000, "totalLiab": 7177049000, "commonStock": 87264000, "retainedEarnings": 8209952000, "treasuryStock": 20000000, "otherStockholderEquity": 20000000, "totalStockholderEquity": 8317216000, "netTangibleAssets": 8262200000}, {"maxAge": 1, "endDate": "2019-03-31", "cash": 390188000, "shortTermInvestments": 23097000, "netReceivables": 545989000, "inventory": 635718000, "otherCurrentAssets": 436286000, "totalCurrentAssets": 2042976000, "longTermInvestments": 9689000, "propertyPlantEquipment": 10178498000, "intangibleAssets": 75154000, "otherAssets": 546093000, "totalAssets": 12842721000, "accountsPayable": 313264000, "shortLongTermDebt": 451447000, "otherCurrentLiab": 150994000, "longTermDebt": 3002710000, "otherLiab": 671228000, "totalCurrentLiabilities": 1502926000, "totalLiab": 5176864000, "commonStock": 87264000, "retainedEarnings": 7547879000, "treasuryStock": 30714000, "otherStockholderEquity": 30714000, "totalStockholderEquity": 7665857000, "netTangibleAssets": 7590703000}, {"maxAge": 1, "endDate": "2018-03-31", "cash": 142225000, "shortTermInvestments": 144392000, "netReceivables": 421463000, "inventory": 744817000, "otherCurrentAssets": 369084000, "totalCurrentAssets": 1835011000, "propertyPlantEquipment": 8950126000, "intangibleAssets": 57110000, "otherAssets": 371895000, "totalAssets": 11214142000, "accountsPayable": 304698000, "shortLongTermDebt": 374083000, "otherCurrentLiab": 144610000, "longTermDebt": 2383397000, "otherLiab": 562560000, "totalCurrentLiabilities": 1354291000, "totalLiab": 4300248000, "commonStock": 87264000, "retainedEarnings": 6806630000, "treasuryStock": 20000000, "otherStockholderEquity": 20000000, "totalStockholderEquity": 6913894000, "netTangibleAssets": 6856784000}, {"maxAge": 1, "endDate": "2017-03-31", "cash": 222996000, "shortTermInvestments": 82254000, "netReceivables": 513245000, "inventory": 608751000, "otherCurrentAssets": 295052000, "totalCurrentAssets": 1728711000, "longTermInvestments": 14000, "propertyPlantEquipment": 8029057000, "intangibleAssets": 21691000, "otherAssets": 331259000, "totalAssets": 10110732000, "accountsPayable": 244152000, "shortLongTermDebt": 647752000, "otherCurrentLiab": 108183000, "longTermDebt": 1990967000, "otherLiab": 450635000, "totalCurrentLiabilities": 1461642000, "totalLiab": 3903244000, "commonStock": 87264000, "retainedEarnings": 6104552000, "treasuryStock": 15672000, "otherStockholderEquity": 15672000, "totalStockholderEquity": 6207488000, "netTangibleAssets": 6185797000}], "maxAge": 86400}, "earningsTrend": {"trend": [{"maxAge": 1, "period": "0q", "endDate": "2018-12-31", "growth": {}, "earningsEstimate": {"avg": 0.0, "low": 0.0, "high": 0.0, "yearAgoEps": 18.05, "numberOfAnalysts": 0, "growth": {}}, "revenueEstimate": {"avg": 0, "low": 0, "high": 0, "numberOfAnalysts": 0, "yearAgoRevenue": {}, "growth": {}}, "epsTrend": {"current": 0.0, "7daysAgo": 0.0, "30daysAgo": 0.0, "60daysAgo": 0.0, "90daysAgo": 0.0}, "epsRevisions": {"upLast7days": 0, "upLast30days": 0, "downLast30days": 0, "downLast90days": {}}}, {"maxAge": 1, "period": "+1q", "endDate": "2019-03-31", "growth": {}, "earningsEstimate": {"avg": 0.0, "low": 0.0, "high": 0.0, "yearAgoEps": 19.32, "numberOfAnalysts": 0, "growth": {}}, "revenueEstimate": {"avg": 0, "low": 0, "high": 0, "numberOfAnalysts": 0, "yearAgoRevenue": {}, "growth": {}}, "epsTrend": {"current": 0.0, "7daysAgo": 0.0, "30daysAgo": 0.0, "60daysAgo": 0.0, "90daysAgo": 0.0}, "epsRevisions": {"upLast7days": 0, "upLast30days": 0, "downLast30days": 0, "downLast90days": {}}}, {"maxAge": 1, "period": "0y", "endDate": "2019-03-31", "growth": {}, "earningsEstimate": {"avg": 0.0, "low": 0.0, "high": 0.0, "yearAgoEps": {}, "numberOfAnalysts": 0, "growth": {}}, "revenueEstimate": {"avg": 7678650000, "low": 7678650000, "high": 7678650000, "numberOfAnalysts": 1, "yearAgoRevenue": 7035400000, "growth": 0.091000006}, "epsTrend": {"current": 0.0, "7daysAgo": 91.21, "30daysAgo": 91.21, "60daysAgo": 91.21, "90daysAgo": 91.21}, "epsRevisions": {"upLast7days": 0, "upLast30days": 0, "downLast30days": 0, "downLast90days": {}}}, {"maxAge": 1, "period": "+1y", "endDate": "2020-03-31", "growth": {}, "earningsEstimate": {"avg": 0.0, "low": 0.0, "high": 0.0, "yearAgoEps": {}, "numberOfAnalysts": 0, "growth": {}}, "revenueEstimate": {"avg": 8446510000, "low": 8446510000, "high": 8446510000, "numberOfAnalysts": 1, "yearAgoRevenue": 7678650000, "growth": 0.1}, "epsTrend": {"current": 0.0, "7daysAgo": 101.8, "30daysAgo": 101.8, "60daysAgo": 101.8, "90daysAgo": 101.8}, "epsRevisions": {"upLast7days": 0, "upLast30days": 0, "downLast30days": 0, "downLast90days": {}}}, {"maxAge": 1, "period": "+5y", "endDate": null, "growth": {}, "earningsEstimate": {"avg": {}, "low": {}, "high": {}, "yearAgoEps": {}, "numberOfAnalysts": {}, "growth": {}}, "revenueEstimate": {"avg": {}, "low": {}, "high": {}, "numberOfAnalysts": {}, "yearAgoRevenue": {}, "growth": {}}, "epsTrend": {"current": {}, "7daysAgo": {}, "30daysAgo": {}, "60daysAgo": {}, "90daysAgo": {}}, "epsRevisions": {"upLast7days": {}, "upLast30days": {}, "downLast30days": {}, "downLast90days": {}}}, {"maxAge": 1, "period": "-5y", "endDate": null, "growth": {}, "earningsEstimate": {"avg": {}, "low": {}, "high": {}, "yearAgoEps": {}, "numberOfAnalysts": {}, "growth": {}}, "revenueEstimate": {"avg": {}, "low": {}, "high": {}, "numberOfAnalysts": {}, "yearAgoRevenue": {}, "growth": {}}, "epsTrend": {"current": {}, "7daysAgo": {}, "30daysAgo": {}, "60daysAgo": {}, "90daysAgo": {}}, "epsRevisions": {"upLast7days": {}, "upLast30days": {}, "downLast30days": {}, "downLast90days": {}}}], "maxAge": 1}, "financialData": {"maxAge": 86400, "currentPrice": 64.4, "recommendationKey": "none", "grossProfits": 4744333000, "financialCurrency": "INR"}}}