{"KZLFIN.BO": {"cashflowStatementHistory": {"cashflowStatements": [{"maxAge": 1, "endDate": "2020-03-31", "netIncome": 2417890, "depreciation": 57023, "changeToNetincome": -5026937, "changeToLiabilities": 0, "changeToOperatingActivities": 41702, "totalCashFromOperatingActivities": -2510322, "investments": -5414923, "otherCashflowsFromInvestingActivities": 8478857, "totalCashflowsFromInvestingActivities": -16148495, "netBorrowings": 14703294, "totalCashFromFinancingActivities": 14703294, "changeInCash": -3955524}, {"maxAge": 1, "endDate": "2019-03-31", "netIncome": 532454, "depreciation": 42101, "changeToNetincome": -4152599, "changeToLiabilities": 0, "changeToOperatingActivities": 82610, "totalCashFromOperatingActivities": -3495434, "capitalExpenditures": -73420, "investments": -5584164, "otherCashflowsFromInvestingActivities": 8197643, "totalCashflowsFromInvestingActivities": -30341141, "netBorrowings": 38921977, "totalCashFromFinancingActivities": 38921977, "changeInCash": 5085402}, {"maxAge": 1, "endDate": "2018-03-31", "netIncome": 1333716, "depreciation": 30468, "changeToNetincome": -6528258, "changeToLiabilities": 0, "changeToOperatingActivities": 358672, "totalCashFromOperatingActivities": -4805402, "capitalExpenditures": -61500, "investments": 7875490, "otherCashflowsFromInvestingActivities": -3260767, "totalCashflowsFromInvestingActivities": -1950617, "netBorrowings": 1872445, "totalCashFromFinancingActivities": 1872445, "changeInCash": -4883576}, {"maxAge": 1, "endDate": "2017-03-31", "netIncome": 878302, "depreciation": 29250, "changeToNetincome": -5742723, "changeToLiabilities": 0, "changeToOperatingActivities": 389952, "totalCashFromOperatingActivities": -4445221, "capitalExpenditures": -33000, "investments": 15201187, "otherCashflowsFromInvestingActivities": 5555928, "totalCashflowsFromInvestingActivities": 18848817, "netBorrowings": -14560831, "otherCashflowsFromFinancingActivities": -1, "totalCashFromFinancingActivities": -14560832, "changeInCash": -157233}], "maxAge": 86400}, "institutionOwnership": {"maxAge": 1, "ownershipList": []}, "balanceSheetHistoryQuarterly": {"balanceSheetStatements": [{"maxAge": 1, "endDate": "2020-06-30", "totalStockholderEquity": 113674000, "netTangibleAssets": 113674000}, {"maxAge": 1, "endDate": "2020-03-31", "cash": 117063, "netReceivables": 78715004, "totalCurrentAssets": 78832067, "longTermInvestments": 77747757, "propertyPlantEquipment": 438920, "otherAssets": 27567471, "totalAssets": 184586215, "accountsPayable": 92459, "otherCurrentLiab": 894228, "longTermDebt": 1074232, "otherLiab": 10359371, "totalCurrentLiabilities": 59472274, "totalLiab": 70905877, "commonStock": 30412000, "retainedEarnings": 51751366, "treasuryStock": 31516972, "otherStockholderEquity": 31516972, "totalStockholderEquity": 113680338, "netTangibleAssets": 113680338}, {"maxAge": 1, "endDate": "2019-12-31", "totalStockholderEquity": 120856820, "netTangibleAssets": 120856820}, {"maxAge": 1, "endDate": "2019-09-30", "cash": 107094, "netReceivables": 60614432, "totalCurrentAssets": 60721526, "longTermInvestments": 115817297, "propertyPlantEquipment": 475269, "totalAssets": 177014092, "accountsPayable": 30677707, "longTermDebt": 10755724, "otherLiab": 14723841, "totalCurrentLiabilities": 30677707, "totalLiab": 56157272, "commonStock": 30412000, "treasuryStock": 90444820, "otherStockholderEquity": 90444820, "totalStockholderEquity": 120856820, "netTangibleAssets": 120856820}], "maxAge": 86400}, "indexTrend": {"maxAge": 1, "symbol": "SP5", "peRatio": 19.7411, "pegRatio": 1.34172, "estimates": [{"period": "0q", "growth": 0.549}, {"period": "+1q", "growth": 0.431}, {"period": "0y", "growth": 0.305}, {"period": "+1y", "growth": 0.109}, {"period": "+5y", "growth": 0.120859005}, {"period": "-5y"}]}, "insiderTransactions": {"transactions": [{"maxAge": 1, "shares": 4650, "value": 576, "filerUrl": "", "transactionText": "Acquisition at price 0.12 per share.", "filerName": "Patel (Ankit Pravinbhai)", "filerRelation": "Director", "moneyText": "", "startDate": "2020-09-02", "ownership": "D"}, {"maxAge": 1, "shares": 4800, "value": 531, "filerUrl": "", "transactionText": "Acquisition at price 0.11 per share.", "filerName": "Patel (Ankit Pravinbhai)", "filerRelation": "Director", "moneyText": "", "startDate": "2020-08-28", "ownership": "D"}, {"maxAge": 1, "shares": 1000, "value": 115, "filerUrl": "", "transactionText": "Acquisition at price 0.12 per share.", "filerName": "Patel (Ankit Pravinbhai)", "filerRelation": "Director", "moneyText": "", "startDate": "2020-08-27", "ownership": "D"}, {"maxAge": 1, "shares": 1001, "value": 114, "filerUrl": "", "transactionText": "Acquisition at price 0.11 per share.", "filerName": "Patel (Ankit Pravinbhai)", "filerRelation": "Director", "moneyText": "", "startDate": "2020-08-24", "ownership": "D"}, {"maxAge": 1, "shares": 200, "value": 21, "filerUrl": "", "transactionText": "Acquisition at price 0.11 per share.", "filerName": "Patel (Ankit Pravinbhai)", "filerRelation": "Director", "moneyText": "", "startDate": "2020-08-18", "ownership": "D"}, {"maxAge": 1, "shares": 3370, "value": 383, "filerUrl": "", "transactionText": "Acquisition at price 0.11 per share.", "filerName": "Patel (Ankit Pravinbhai)", "filerRelation": "Director", "moneyText": "", "startDate": "2020-07-30", "ownership": "D"}, {"maxAge": 1, "shares": 116, "filerUrl": "", "transactionText": "", "filerName": "Patel (Ankit Pravinbhai)", "filerRelation": "Director", "moneyText": "", "startDate": "2020-03-06", "ownership": "D"}, {"maxAge": 1, "shares": 835, "filerUrl": "", "transactionText": "", "filerName": "Patel (Ankit Pravinbhai)", "filerRelation": "Director", "moneyText": "", "startDate": "2020-03-04", "ownership": "D"}, {"maxAge": 1, "shares": 880, "filerUrl": "", "transactionText": "", "filerName": "Patel (Ankit Pravinbhai)", "filerRelation": "Director", "moneyText": "", "startDate": "2020-02-25", "ownership": "D"}, {"maxAge": 1, "shares": 1000, "filerUrl": "", "transactionText": "", "filerName": "Patel (Ankit Pravinbhai)", "filerRelation": "Director", "moneyText": "", "startDate": "2020-02-11", "ownership": "D"}, {"maxAge": 1, "shares": 652, "filerUrl": "", "transactionText": "", "filerName": "Patel (Ankit Pravinbhai)", "filerRelation": "Director", "moneyText": "", "startDate": "2020-02-11", "ownership": "D"}, {"maxAge": 1, "shares": 280, "filerUrl": "", "transactionText": "", "filerName": "Patel (Ankit Pravinbhai)", "filerRelation": "Director", "moneyText": "", "startDate": "2020-02-11", "ownership": "D"}, {"maxAge": 1, "shares": 300, "filerUrl": "", "transactionText": "", "filerName": "Patel (Ankit Pravinbhai)", "filerRelation": "Director", "moneyText": "", "startDate": "2020-02-11", "ownership": "D"}, {"maxAge": 1, "shares": 598, "filerUrl": "", "transactionText": "", "filerName": "Patel (Ankit Pravinbhai)", "filerRelation": "Director", "moneyText": "", "startDate": "2019-11-20", "ownership": "D"}, {"maxAge": 1, "shares": 85, "filerUrl": "", "transactionText": "", "filerName": "Patel (Ankit Pravinbhai)", "filerRelation": "Director", "moneyText": "", "startDate": "2019-11-19", "ownership": "D"}, {"maxAge": 1, "shares": 500, "filerUrl": "", "transactionText": "", "filerName": "Patel (Ankit Pravinbhai)", "filerRelation": "Director", "moneyText": "", "startDate": "2019-07-01", "ownership": "D"}, {"maxAge": 1, "shares": 2, "filerUrl": "", "transactionText": "", "filerName": "Patel (Ankit Pravinbhai)", "filerRelation": "Director", "moneyText": "", "startDate": "2019-05-30", "ownership": "D"}, {"maxAge": 1, "shares": 380, "filerUrl": "", "transactionText": "", "filerName": "Patel (Ankit Pravinbhai)", "filerRelation": "Director", "moneyText": "", "startDate": "2019-05-29", "ownership": "D"}, {"maxAge": 1, "shares": 5000, "filerUrl": "", "transactionText": "", "filerName": "Patel (Ankit Pravinbhai)", "filerRelation": "Director", "moneyText": "", "startDate": "2019-03-15", "ownership": "D"}, {"maxAge": 1, "shares": 149, "filerUrl": "", "transactionText": "", "filerName": "Patel (Ankit Pravinbhai)", "filerRelation": "Director", "moneyText": "", "startDate": "2019-03-08", "ownership": "D"}, {"maxAge": 1, "shares": 3000, "filerUrl": "", "transactionText": "", "filerName": "Patel (Ankit Pravinbhai)", "filerRelation": "Director", "moneyText": "", "startDate": "2019-03-07", "ownership": "D"}, {"maxAge": 1, "shares": 560, "filerUrl": "", "transactionText": "", "filerName": "Patel (Ankit Pravinbhai)", "filerRelation": "Director", "moneyText": "", "startDate": "2019-02-28", "ownership": "D"}, {"maxAge": 1, "shares": 500, "filerUrl": "", "transactionText": "", "filerName": "Patel (Ankit Pravinbhai)", "filerRelation": "Director", "moneyText": "", "startDate": "2019-02-27", "ownership": "D"}, {"maxAge": 1, "shares": 390, "filerUrl": "", "transactionText": "", "filerName": "Patel (Ankit Pravinbhai)", "filerRelation": "Director", "moneyText": "", "startDate": "2019-02-26", "ownership": "D"}, {"maxAge": 1, "shares": 500, "filerUrl": "", "transactionText": "", "filerName": "Patel (Ankit Pravinbhai)", "filerRelation": "Director", "moneyText": "", "startDate": "2019-02-04", "ownership": "D"}, {"maxAge": 1, "shares": 10000, "filerUrl": "", "transactionText": "", "filerName": "Patel (Ankit Pravinbhai)", "filerRelation": "Director", "moneyText": "", "startDate": "2019-01-07", "ownership": "D"}, {"maxAge": 1, "shares": 10000, "filerUrl": "", "transactionText": "", "filerName": "Patel (Ankit Pravinbhai)", "filerRelation": "Director", "moneyText": "", "startDate": "2019-01-02", "ownership": "D"}, {"maxAge": 1, "shares": 1000, "filerUrl": "", "transactionText": "", "filerName": "Patel (Ankit Pravinbhai)", "filerRelation": "Director", "moneyText": "", "startDate": "2019-01-01", "ownership": "D"}, {"maxAge": 1, "shares": 500, "filerUrl": "", "transactionText": "", "filerName": "Patel (Ankit Pravinbhai)", "filerRelation": "Director", "moneyText": "", "startDate": "2018-12-31", "ownership": "D"}], "maxAge": 1}, "quoteType": {"exchange": "BSE", "quoteType": "EQUITY", "symbol": "KZLFIN.BO", "underlyingSymbol": "KZLFIN.BO", "shortName": "K.Z.LEASING & FINANCE LTD.", "longName": "K Z Leasing and Finance Limited", "firstTradeDateEpochUtc": "2002-08-12 09:15:00", "timeZoneFullName": "Asia/Kolkata", "timeZoneShortName": "IST", "uuid": "6b263796-576c-3f33-aa9f-7cbc17886f85", "messageBoardId": null, "gmtOffSetMilliseconds": 19800000, "maxAge": 1}, "incomeStatementHistory": {"incomeStatementHistory": [{"maxAge": 1, "endDate": "2020-03-31", "totalRevenue": 7573167, "costOfRevenue": 53074, "grossProfit": 7520093, "researchDevelopment": {}, "sellingGeneralAdministrative": 4740243, "nonRecurring": {}, "otherOperatingExpenses": 96553, "totalOperatingExpenses": 4946893, "operatingIncome": 2626274, "totalOtherIncomeExpenseNet": 47585, "ebit": 0, "interestExpense": {}, "incomeBeforeTax": 2673859, "incomeTaxExpense": 255969, "minorityInterest": {}, "netIncomeFromContinuingOps": 2417890, "discontinuedOperations": {}, "extraordinaryItems": {}, "effectOfAccountingCharges": {}, "otherItems": {}, "netIncome": 2417890, "netIncomeApplicableToCommonShares": 2417890}, {"maxAge": 1, "endDate": "2019-03-31", "totalRevenue": 5719648, "costOfRevenue": 0, "grossProfit": 5719648, "researchDevelopment": {}, "sellingGeneralAdministrative": 4757708, "nonRecurring": {}, "otherOperatingExpenses": 494465, "totalOperatingExpenses": 5294274, "operatingIncome": 425374, "totalOtherIncomeExpenseNet": 0, "ebit": 0, "interestExpense": {}, "incomeBeforeTax": 425374, "incomeTaxExpense": -107080, "minorityInterest": {}, "netIncomeFromContinuingOps": 532454, "discontinuedOperations": {}, "extraordinaryItems": {}, "effectOfAccountingCharges": {}, "otherItems": {}, "netIncome": 532454, "netIncomeApplicableToCommonShares": 532454}, {"maxAge": 1, "endDate": "2018-03-31", "totalRevenue": 8733069, "costOfRevenue": 0, "grossProfit": 8733069, "researchDevelopment": {}, "sellingGeneralAdministrative": 7261804, "nonRecurring": {}, "otherOperatingExpenses": 494465, "totalOperatingExpenses": 7292272, "operatingIncome": 1440797, "totalOtherIncomeExpenseNet": -1, "ebit": 0, "interestExpense": {}, "incomeBeforeTax": 1440796, "incomeTaxExpense": 107080, "minorityInterest": {}, "netIncomeFromContinuingOps": 1333716, "discontinuedOperations": {}, "extraordinaryItems": {}, "effectOfAccountingCharges": {}, "otherItems": {}, "netIncome": 1333716, "netIncomeApplicableToCommonShares": 1333716}, {"maxAge": 1, "endDate": "2017-03-31", "totalRevenue": 6763303, "costOfRevenue": 142045, "grossProfit": 6621258, "researchDevelopment": {}, "sellingGeneralAdministrative": 5019179, "nonRecurring": {}, "otherOperatingExpenses": 380519, "totalOperatingExpenses": 5570993, "operatingIncome": 1192310, "totalOtherIncomeExpenseNet": 540227, "ebit": 0, "interestExpense": {}, "incomeBeforeTax": 1732537, "incomeTaxExpense": 854235, "minorityInterest": {}, "netIncomeFromContinuingOps": 878302, "discontinuedOperations": {}, "extraordinaryItems": {}, "effectOfAccountingCharges": {}, "otherItems": {}, "netIncome": 878302, "netIncomeApplicableToCommonShares": 878302}], "maxAge": 86400}, "fundOwnership": {"maxAge": 1, "ownershipList": []}, "summaryDetail": {"maxAge": 1, "priceHint": 2, "previousClose": 8.06, "open": 8.06, "dayLow": 8.06, "dayHigh": 8.06, "regularMarketPreviousClose": 8.06, "regularMarketOpen": 8.06, "regularMarketDayLow": 8.06, "regularMarketDayHigh": 8.06, "trailingPE": 7.2093024, "volume": 10, "regularMarketVolume": 10, "averageVolume": 639, "averageVolume10days": 252, "averageDailyVolume10Day": 252, "bid": 8.07, "ask": 9.2, "bidSize": 0, "askSize": 0, "marketCap": 24512074, "fiftyTwoWeekLow": 6.36, "fiftyTwoWeekHigh": 12.6, "fiftyDayAverage": 10.251429, "twoHundredDayAverage": 9.662555, "currency": "INR", "fromCurrency": null, "toCurrency": null, "lastMarket": null, "algorithm": null, "tradeable": false}, "incomeStatementHistoryQuarterly": {"incomeStatementHistory": [{"maxAge": 1, "endDate": "2020-06-30", "totalRevenue": 1927000, "costOfRevenue": 0, "grossProfit": 1927000, "researchDevelopment": {}, "sellingGeneralAdministrative": 579000, "nonRecurring": {}, "otherOperatingExpenses": 511000, "totalOperatingExpenses": 1103000, "operatingIncome": 824000, "totalOtherIncomeExpenseNet": 0, "ebit": 0, "interestExpense": {}, "incomeBeforeTax": 824000, "incomeTaxExpense": 0, "minorityInterest": {}, "netIncomeFromContinuingOps": 824000, "discontinuedOperations": {}, "extraordinaryItems": {}, "effectOfAccountingCharges": {}, "otherItems": {}, "netIncome": 824000, "netIncomeApplicableToCommonShares": 824000}, {"maxAge": 1, "endDate": "2020-03-31", "totalRevenue": 1281167, "costOfRevenue": 53074, "grossProfit": 1228093, "researchDevelopment": {}, "sellingGeneralAdministrative": 2471243, "nonRecurring": {}, "otherOperatingExpenses": -1210447, "totalOperatingExpenses": 1339893, "operatingIncome": -58726, "totalOtherIncomeExpenseNet": 47585, "ebit": 0, "interestExpense": {}, "incomeBeforeTax": -11141, "incomeTaxExpense": -490031, "minorityInterest": {}, "netIncomeFromContinuingOps": 478890, "discontinuedOperations": {}, "extraordinaryItems": {}, "effectOfAccountingCharges": {}, "otherItems": {}, "netIncome": 478890, "netIncomeApplicableToCommonShares": 478890}, {"maxAge": 1, "endDate": "2019-12-31", "totalRevenue": 3580000, "costOfRevenue": 0, "grossProfit": 3580000, "researchDevelopment": {}, "sellingGeneralAdministrative": 880000, "nonRecurring": {}, "otherOperatingExpenses": 238000, "totalOperatingExpenses": 1128000, "operatingIncome": 2452000, "totalOtherIncomeExpenseNet": 0, "ebit": 0, "interestExpense": {}, "incomeBeforeTax": 2452000, "incomeTaxExpense": 469000, "minorityInterest": {}, "netIncomeFromContinuingOps": 1983000, "discontinuedOperations": {}, "extraordinaryItems": {}, "effectOfAccountingCharges": {}, "otherItems": {}, "netIncome": 1983000, "netIncomeApplicableToCommonShares": 1983000}, {"maxAge": 1, "endDate": "2019-09-30", "totalRevenue": 1225000, "costOfRevenue": 0, "grossProfit": 1225000, "researchDevelopment": {}, "sellingGeneralAdministrative": 703000, "nonRecurring": {}, "otherOperatingExpenses": 494000, "totalOperatingExpenses": 1207000, "operatingIncome": 18000, "totalOtherIncomeExpenseNet": -1000, "ebit": 0, "interestExpense": {}, "incomeBeforeTax": 17000, "incomeTaxExpense": -7000, "minorityInterest": {}, "netIncomeFromContinuingOps": 24000, "discontinuedOperations": {}, "extraordinaryItems": {}, "effectOfAccountingCharges": {}, "otherItems": {}, "netIncome": 24000, "netIncomeApplicableToCommonShares": 24000}], "maxAge": 86400}, "cashflowStatementHistoryQuarterly": {"cashflowStatements": [{"maxAge": 1, "endDate": "2020-06-30", "netIncome": 824000, "changeToLiabilities": 0}, {"maxAge": 1, "endDate": "2020-03-31", "netIncome": 478890, "changeToLiabilities": 0}, {"maxAge": 1, "endDate": "2019-12-31", "netIncome": 1983000, "changeToLiabilities": 0}, {"maxAge": 1, "endDate": "2019-09-30", "netIncome": 24000, "changeToLiabilities": 0}], "maxAge": 86400}, "insiderHolders": {"holders": [{"maxAge": 1, "name": "Patel (Ankit Pravinbhai)", "relation": "Director", "url": "", "transactionDescription": "Acquisition", "latestTransDate": "2020-09-02", "positionDirect": 88723, "positionDirectDate": "2020-09-02"}], "maxAge": 1}, "calendarEvents": {"maxAge": 1, "earnings": {"earningsDate": []}}, "price": {"maxAge": 1, "regularMarketChangePercent": 0.0, "regularMarketChange": 0.0, "regularMarketTime": "2021-04-27 12:28:39", "priceHint": 2, "regularMarketPrice": 8.06, "regularMarketDayHigh": 8.06, "regularMarketDayLow": 8.06, "regularMarketVolume": 10, "averageDailyVolume10Day": 252, "averageDailyVolume3Month": 639, "regularMarketPreviousClose": 8.06, "regularMarketSource": "FREE_REALTIME", "regularMarketOpen": 8.06, "exchange": "BSE", "exchangeName": "BSE", "exchangeDataDelayedBy": 0, "marketState": "CLOSED", "quoteType": "EQUITY", "symbol": "KZLFIN.BO", "underlyingSymbol": null, "shortName": "K.Z.LEASING & FINANCE LTD.", "longName": "K Z Leasing and Finance Limited", "currency": "INR", "quoteSourceName": "Delayed Quote", "currencySymbol": "\u20b9", "fromCurrency": null, "toCurrency": null, "lastMarket": null, "marketCap": 24512074}, "balanceSheetHistory": {"balanceSheetStatements": [{"maxAge": 1, "endDate": "2020-03-31", "cash": 117063, "netReceivables": 78715004, "totalCurrentAssets": 78832067, "longTermInvestments": 77747757, "propertyPlantEquipment": 438920, "otherAssets": 27567471, "totalAssets": 184586215, "accountsPayable": 92459, "otherCurrentLiab": 894228, "longTermDebt": 1074232, "otherLiab": 10359371, "totalCurrentLiabilities": 59472274, "totalLiab": 70905877, "commonStock": 30412000, "retainedEarnings": 51751366, "treasuryStock": 31516972, "otherStockholderEquity": 31516972, "totalStockholderEquity": 113680338, "netTangibleAssets": 113680338}, {"maxAge": 1, "endDate": "2019-03-31", "cash": 102915, "netReceivables": 61851733, "totalCurrentAssets": 61954648, "longTermInvestments": 85962028, "propertyPlantEquipment": 495943, "otherAssets": 31737313, "totalAssets": 180149932, "accountsPayable": 132990, "otherCurrentLiab": 767301, "longTermDebt": 1199952, "otherLiab": 13929636, "totalCurrentLiabilities": 43596374, "totalLiab": 58725962, "commonStock": 30412000, "retainedEarnings": 49333476, "treasuryStock": 41678494, "otherStockholderEquity": 41678494, "totalStockholderEquity": 121423970, "netTangibleAssets": 121423970}, {"maxAge": 1, "endDate": "2018-03-31", "cash": 2009028, "netReceivables": 61264099, "totalCurrentAssets": 63273127, "longTermInvestments": 58660677, "propertyPlantEquipment": 464624, "totalAssets": 122398428, "accountsPayable": 310203, "otherCurrentLiab": 494069, "longTermDebt": 1047754, "otherLiab": 7633837, "totalCurrentLiabilities": 7397403, "totalLiab": 16078994, "commonStock": 30412000, "retainedEarnings": 48801022, "treasuryStock": 27106411, "otherStockholderEquity": 27106411, "totalStockholderEquity": 106319433, "netTangibleAssets": 106319433}, {"maxAge": 1, "endDate": "2017-03-31", "cash": 203747, "netReceivables": 26035888, "otherCurrentAssets": 616692, "totalCurrentAssets": 26856327, "longTermInvestments": 30991471, "propertyPlantEquipment": 433591, "otherAssets": 31169197, "totalAssets": 89450586, "accountsPayable": 93316, "otherCurrentLiab": 333168, "longTermDebt": 3298604, "totalCurrentLiabilities": 628484, "totalLiab": 3927088, "commonStock": 30412000, "retainedEarnings": 47267306, "treasuryStock": 7844194, "otherStockholderEquity": 7844194, "totalStockholderEquity": 85523500, "netTangibleAssets": 85523500}], "maxAge": 86400}, "financialData": {"maxAge": 86400, "currentPrice": 8.06, "recommendationKey": "none", "grossProfits": 7520093, "financialCurrency": "INR"}}}