{"L&TFH.NS": {"assetProfile": {"address1": "Plot No 177, Brindavan Building", "address2": "CST Road Vidyanagari Marg Kalina, Santacruz (East)", "city": "Mumbai", "zip": "400098", "country": "India", "phone": "91 22 6212 5000", "fax": "91 22 6212 5553", "website": "http://www.ltfs.com", "industry": "Credit Services", "sector": "Financial Services", "longBusinessSummary": "L&T Finance Holdings Limited provides various financial services in India. It operates through Rural Finance, Housing Finance, Infrastructure Finance, Defocused Business, and Others segments. The Rural Finance segment offers farm equipment finance, two wheeler finance, and consumer finance services, as well as micro loans. The Housing Finance segment provides home loans, loans against property, and real estate finance. The Infrastructure Finance segment offers infrastructure finance and infra debt funds. The Defocused Business segment provides structured corporate loans, debt capital market, commercial vehicle finance, construction equipment finance, SME term loans, and leases. The Others segment offers asset management, wealth management, etc. It also provides mutual fund products. The company operates through 221 branches and 1,532 micro loan meeting centers. The company was formerly known as L&T Capital Holdings Limited and changed its name to L&T Finance Holdings Limited in September 2010. The company was incorporated in 2008 and is headquartered in Mumbai, India. L&T Finance Holdings Limited is a subsidiary of Larsen & Toubro Limited.", "fullTimeEmployees": 23761, "companyOfficers": [{"maxAge": 1, "name": "Mr. Dinanath Mohandas Dubhashi", "age": 54, "title": "CEO, MD & Whole-Time Director", "yearBorn": 1966, "fiscalYear": 2020, "totalPay": 108300000, "exercisedValue": 0, "unexercisedValue": 0}, {"maxAge": 1, "name": "Mr. Sachinn  Joshi", "title": "Group Chief Financial Officer", "fiscalYear": 2020, "totalPay": 23140922, "exercisedValue": 0, "unexercisedValue": 0}, {"maxAge": 1, "name": "Ms. Apurva  Rathod", "age": 40, "title": "Head of Group Secretarial & Group CSR and Sustainability", "yearBorn": 1980, "fiscalYear": 2020, "totalPay": 11571579, "exercisedValue": 0, "unexercisedValue": 0}, {"maxAge": 1, "name": "Mr. Santosh B. Parab", "title": "Gen. Counsel", "exercisedValue": 0, "unexercisedValue": 0}, {"maxAge": 1, "name": "Mr. Kailash  Kulkarni", "age": 54, "title": "Chief Exec. of Investment Management", "yearBorn": 1966, "exercisedValue": 0, "unexercisedValue": 0}, {"maxAge": 1, "name": "Mr. Sunil  Prabhune", "age": 45, "title": "Chief Exec. of Rural & Housing Fin. and Group Head \u00c2\u0096 Digital, IT & Analytics", "yearBorn": 1975, "exercisedValue": 0, "unexercisedValue": 0}, {"maxAge": 1, "name": "Mr. Raju  Dodti", "age": 48, "title": "Chief Exec. of Wholesale Fin.", "yearBorn": 1972, "exercisedValue": 0, "unexercisedValue": 0}, {"maxAge": 1, "name": "Mr. Abhishek  Sharma", "title": "Chief Digital Officer", "exercisedValue": 0, "unexercisedValue": 0}, {"maxAge": 1, "name": "Mr. Tushar  Patankar", "title": "Chief Risk Officer", "exercisedValue": 0, "unexercisedValue": 0}, {"maxAge": 1, "name": "Mr. Ashish  Malani", "title": "Chief Risk Officer", "exercisedValue": 0, "unexercisedValue": 0}], "compensationAsOfEpochDate": "2020-12-31 05:30:00", "maxAge": 86400}, "recommendationTrend": {"trend": [{"period": "0m", "strongBuy": 0, "buy": 0, "hold": 0, "sell": 0, "strongSell": 0}, {"period": "-1m", "strongBuy": 6, "buy": 6, "hold": 0, "sell": 0, "strongSell": 1}, {"period": "-2m", "strongBuy": 6, "buy": 6, "hold": 0, "sell": 0, "strongSell": 1}, {"period": "-3m", "strongBuy": 6, "buy": 7, "hold": 0, "sell": 1, "strongSell": 0}], "maxAge": 86400}, "cashflowStatementHistory": {"cashflowStatements": [{"maxAge": 1, "endDate": "2018-03-31", "netIncome": 14594800000, "changeToLiabilities": 0}, {"maxAge": 1, "endDate": "2017-03-31", "netIncome": 10421867000, "depreciation": 583424000, "changeToNetincome": -62886416000, "changeToLiabilities": -1713738000, "changeToOperatingActivities": -4152778000, "totalCashFromOperatingActivities": -57661391000, "capitalExpenditures": -332850000, "investments": -21162069000, "totalCashflowsFromInvestingActivities": -21175436000, "dividendsPaid": -2958309000, "netBorrowings": 82388740000, "otherCashflowsFromFinancingActivities": -24394000, "totalCashFromFinancingActivities": 79521011000, "changeInCash": 684184000}, {"maxAge": 1, "endDate": "2016-03-31", "netIncome": 8566926000, "depreciation": 714043000, "changeToNetincome": -106932733000, "changeToLiabilities": 6886029000, "changeToOperatingActivities": -1465767000, "totalCashFromOperatingActivities": -92126523000, "capitalExpenditures": -922001000, "investments": -5954156000, "totalCashflowsFromInvestingActivities": -6746173000, "dividendsPaid": -3671555000, "netBorrowings": 96124989000, "otherCashflowsFromFinancingActivities": 885944000, "totalCashFromFinancingActivities": 94264037000, "changeInCash": -4608659000}, {"maxAge": 1, "endDate": "2015-03-31", "netIncome": 8546790000, "depreciation": 955041000, "changeToNetincome": -63452713000, "changeToLiabilities": 2963297000, "changeToOperatingActivities": -15155248000, "totalCashFromOperatingActivities": -66142833000, "capitalExpenditures": -1217584000, "investments": 1011873000, "totalCashflowsFromInvestingActivities": 23662000, "dividendsPaid": -2886344000, "netBorrowings": 62370706000, "otherCashflowsFromFinancingActivities": 901062000, "totalCashFromFinancingActivities": 64116999000, "changeInCash": 810862000}], "maxAge": 86400}, "indexTrend": {"maxAge": 1, "symbol": "SP5", "peRatio": 19.7411, "pegRatio": 1.34172, "estimates": [{"period": "0q", "growth": 0.549}, {"period": "+1q", "growth": 0.431}, {"period": "0y", "growth": 0.305}, {"period": "+1y", "growth": 0.109}, {"period": "+5y", "growth": 0.120865}, {"period": "-5y"}]}, "defaultKeyStatistics": {"maxAge": 1, "priceHint": 2, "enterpriseValue": 1052782297088, "forwardPE": 7.3584113, "profitMargins": 0.16503, "floatShares": 700951647, "sharesOutstanding": 2469449984, "heldPercentInsiders": 0.66573, "heldPercentInstitutions": 0.12109, "beta": 1.456829, "category": null, "fundFamily": null, "legalType": null, "lastFiscalYearEnd": "2020-03-31 05:30:00", "nextFiscalYearEnd": "2022-03-31 05:30:00", "mostRecentQuarter": "2020-12-31 05:30:00", "earningsQuarterlyGrowth": -0.508, "netIncomeToCommon": 10902400000, "pegRatio": 0.63, "lastSplitFactor": null, "enterpriseToRevenue": 15.936}, "industryTrend": {"maxAge": 1, "symbol": null, "estimates": []}, "quoteType": {"exchange": "NSI", "quoteType": "EQUITY", "symbol": "L&TFH.NS", "underlyingSymbol": "L&TFH.NS", "shortName": "L&T FINANCE HOLDIN", "longName": "L&T Finance Holdings Limited", "firstTradeDateEpochUtc": "2011-08-12 09:15:00", "timeZoneFullName": "Asia/Kolkata", "timeZoneShortName": "IST", "uuid": "aab402b6-53d6-3eb4-97a7-60ac6fee39a8", "gmtOffSetMilliseconds": 19800000, "maxAge": 1}, "incomeStatementHistory": {"incomeStatementHistory": [{"maxAge": 1, "endDate": "2018-03-31", "totalRevenue": 32770800000, "costOfRevenue": 9818900000, "grossProfit": 22951900000, "researchDevelopment": {}, "sellingGeneralAdministrative": 5034400000, "nonRecurring": {}, "otherOperatingExpenses": {}, "totalOperatingExpenses": 15372600000, "operatingIncome": 17398200000, "totalOtherIncomeExpenseNet": 8300000, "ebit": 0, "interestExpense": {}, "incomeBeforeTax": 17406500000, "incomeTaxExpense": 2748300000, "minorityInterest": 1231400000, "netIncomeFromContinuingOps": 14658200000, "discontinuedOperations": {}, "extraordinaryItems": {}, "effectOfAccountingCharges": {}, "otherItems": {}, "netIncome": 14594800000, "netIncomeApplicableToCommonShares": 14594800000}, {"maxAge": 1, "endDate": "2017-03-31", "totalRevenue": 24255781000, "costOfRevenue": 6776596000, "grossProfit": 17479185000, "researchDevelopment": {}, "sellingGeneralAdministrative": 5315194000, "nonRecurring": {}, "otherOperatingExpenses": 325100000, "totalOperatingExpenses": 13089888000, "operatingIncome": 11165893000, "totalOtherIncomeExpenseNet": -319401000, "ebit": 0, "interestExpense": {}, "incomeBeforeTax": 10846492000, "incomeTaxExpense": 364367000, "minorityInterest": 1185664000, "netIncomeFromContinuingOps": 10482125000, "discontinuedOperations": {}, "extraordinaryItems": {}, "effectOfAccountingCharges": {}, "otherItems": {}, "netIncome": 10421867000, "netIncomeApplicableToCommonShares": 9143672000}, {"maxAge": 1, "endDate": "2016-03-31", "totalRevenue": 26428161000, "costOfRevenue": 6957427000, "grossProfit": 19470734000, "researchDevelopment": {}, "sellingGeneralAdministrative": 5343101000, "nonRecurring": {}, "otherOperatingExpenses": 224956000, "totalOperatingExpenses": 13353622000, "operatingIncome": 13074539000, "totalOtherIncomeExpenseNet": -517841000, "ebit": 0, "interestExpense": {}, "incomeBeforeTax": 12556698000, "incomeTaxExpense": 3989772000, "minorityInterest": 1003000000, "netIncomeFromContinuingOps": 8566926000, "discontinuedOperations": {}, "extraordinaryItems": {}, "effectOfAccountingCharges": {}, "otherItems": {}, "netIncome": 8566926000, "netIncomeApplicableToCommonShares": 6555569000}, {"maxAge": 1, "endDate": "2015-03-31", "totalRevenue": 21815317000, "costOfRevenue": 5861675000, "grossProfit": 15953642000, "researchDevelopment": {}, "sellingGeneralAdministrative": 3953869000, "nonRecurring": {}, "otherOperatingExpenses": 263936000, "totalOperatingExpenses": 11034521000, "operatingIncome": 10780796000, "totalOtherIncomeExpenseNet": 1007074000, "ebit": 0, "interestExpense": {}, "incomeBeforeTax": 11787870000, "incomeTaxExpense": 3241080000, "minorityInterest": 1003000000, "netIncomeFromContinuingOps": 8546790000, "discontinuedOperations": {}, "extraordinaryItems": {}, "effectOfAccountingCharges": {}, "otherItems": {}, "netIncome": 8546790000, "netIncomeApplicableToCommonShares": 7387596000}], "maxAge": 86400}, "fundOwnership": {"ownershipList": [{"maxAge": 1, "reportDate": "2021-03-31", "organization": "iShares Core MSCI Emerging Markets ETF", "pctHeld": 0.0036000002, "position": 8989211, "value": 861615874}, {"maxAge": 1, "reportDate": "2021-01-31", "organization": "Vanguard International Stock Index-Total Intl Stock Indx", "pctHeld": 0.0029, "position": 7247547, "value": 623289042}, {"maxAge": 1, "reportDate": "2021-01-31", "organization": "Vanguard International Stock Index-Emerging Markets Stk", "pctHeld": 0.0027, "position": 6688350, "value": 575198100}, {"maxAge": 1, "reportDate": "2021-01-31", "organization": "DFA Emerging Markets Core Equity Portfolio", "pctHeld": 0.0017, "position": 4176911, "value": 359214346}, {"maxAge": 1, "reportDate": "2021-01-31", "organization": "DFA Investment Dimensions-DFA Emerging Mkts Value", "pctHeld": 0.0015, "position": 3671628, "value": 315760008}, {"maxAge": 1, "reportDate": "2020-12-31", "organization": "Matthews International Fds-Matthews Emerging Asia Fd", "pctHeld": 0.0011999999, "position": 2906578, "value": 272346358}, {"maxAge": 1, "reportDate": "2021-01-31", "organization": "DFA Emerging Markets Small Cap Series", "pctHeld": 0.001, "position": 2386048, "value": 205200128}, {"maxAge": 1, "reportDate": "2021-02-28", "organization": "WisdomTree Tr-WisdomTree Emerging Markets Small Cap Dividend Fund", "pctHeld": 0.0008, "position": 1888917, "value": 198147393}, {"maxAge": 1, "reportDate": "2021-03-31", "organization": "iShares MSCI India Small Cap ETF", "pctHeld": 0.00059999997, "position": 1385475, "value": 132797778}, {"maxAge": 1, "reportDate": "2021-02-28", "organization": "WisdomTree Tr-WisdomTree India Earnings Fd", "pctHeld": 0.0005, "position": 1213631, "value": 127309891}], "maxAge": 1}, "summaryDetail": {"maxAge": 1, "priceHint": 2, "previousClose": 89.9, "open": 88.0, "dayLow": 86.5, "dayHigh": 89.45, "regularMarketPreviousClose": 89.9, "regularMarketOpen": 88.0, "regularMarketDayLow": 86.5, "regularMarketDayHigh": 89.45, "exDividendDate": "2020-03-26 05:30:00", "payoutRatio": 0.1664, "fiveYearAvgDividendYield": 0.96, "beta": 1.456829, "volume": 23935216, "regularMarketVolume": 23935216, "averageVolume": 19482383, "averageVolume10days": 8554542, "averageDailyVolume10Day": 8554542, "bid": 0.0, "ask": 0.0, "bidSize": 0, "askSize": 0, "marketCap": 214965633024, "fiftyTwoWeekLow": 46.27317, "fiftyTwoWeekHigh": 113.4, "priceToSalesTrailing12Months": 3.2538455, "fiftyDayAverage": 101.82206, "twoHundredDayAverage": 81.95079, "currency": "INR", "fromCurrency": null, "lastMarket": null, "algorithm": null, "tradeable": false}, "insiderHolders": {"holders": [], "maxAge": 1}, "calendarEvents": {"maxAge": 1, "earnings": {"earningsDate": [], "earningsAverage": 2.94, "earningsLow": 2.94, "earningsHigh": 2.94, "revenueAverage": 15076500000, "revenueLow": 14563000000, "revenueHigh": 15590000000}, "exDividendDate": "2020-03-26 05:30:00"}, "price": {"maxAge": 1, "regularMarketChangePercent": -0.031701874, "regularMarketChange": -2.8499985, "regularMarketTime": "2021-04-30 15:30:02", "priceHint": 2, "regularMarketPrice": 87.05, "regularMarketDayHigh": 89.45, "regularMarketDayLow": 86.5, "regularMarketVolume": 23935216, "averageDailyVolume10Day": 8554542, "averageDailyVolume3Month": 19482383, "regularMarketPreviousClose": 89.9, "regularMarketSource": "FREE_REALTIME", "regularMarketOpen": 88.0, "exchange": "NSI", "exchangeName": "NSE", "exchangeDataDelayedBy": 15, "marketState": "CLOSED", "quoteType": "EQUITY", "symbol": "L&TFH.NS", "underlyingSymbol": null, "shortName": "L&T FINANCE HOLDIN", "longName": "L&T Finance Holdings Limited", "currency": "INR", "quoteSourceName": "Delayed Quote", "currencySymbol": "\u20b9", "fromCurrency": null, "lastMarket": null, "marketCap": 214965633024}, "balanceSheetHistory": {"balanceSheetStatements": [{"maxAge": 1, "endDate": "2018-03-31", "cash": 10633100000, "netReceivables": 784257300000, "otherCurrentAssets": 16201200000, "totalCurrentAssets": 811091600000, "longTermInvestments": 48433300000, "propertyPlantEquipment": 5055700000, "goodWill": 6389100000, "intangibleAssets": 255600000, "otherAssets": 21080300000, "deferredLongTermAssetCharges": 9863300000, "totalAssets": 892305600000, "accountsPayable": 1696400000, "shortLongTermDebt": 715770500000, "otherCurrentLiab": 30694900000, "longTermDebt": 510432400000, "otherLiab": 7069600000, "minorityInterest": 1231400000, "totalCurrentLiabilities": 237729400000, "totalLiab": 755231400000, "commonStock": 19956800000, "treasuryStock": 105542000000, "otherStockholderEquity": 105542000000, "totalStockholderEquity": 125498800000, "netTangibleAssets": 118854100000}, {"maxAge": 1, "endDate": "2017-03-31", "cash": 5943828000, "netReceivables": 626404528000, "otherCurrentAssets": 3128179000, "totalCurrentAssets": 635476535000, "longTermInvestments": 60115311000, "propertyPlantEquipment": 5863938000, "goodWill": 6389106000, "intangibleAssets": 124173000, "otherAssets": 17166857000, "deferredLongTermAssetCharges": 7426265000, "totalAssets": 725135920000, "accountsPayable": 726362000, "shortLongTermDebt": 600785392000, "otherCurrentLiab": 5760293000, "longTermDebt": 432303462000, "otherLiab": 9982735000, "deferredLongTermLiab": 1027000, "minorityInterest": 1185664000, "totalCurrentLiabilities": 190590681000, "totalLiab": 632876878000, "commonStock": 17557220000, "retainedEarnings": 36195375000, "treasuryStock": 8762148000, "capitalSurplus": 16424635000, "otherStockholderEquity": 8762148000, "totalStockholderEquity": 78939378000, "netTangibleAssets": 72426099000}, {"maxAge": 1, "endDate": "2016-03-31", "cash": 4015343000, "netReceivables": 569550769000, "otherCurrentAssets": 2541783000, "totalCurrentAssets": 576107895000, "longTermInvestments": 35632736000, "propertyPlantEquipment": 6668096000, "goodWill": 6389106000, "intangibleAssets": 84944000, "otherAssets": 13127816000, "deferredLongTermAssetCharges": 4009874000, "totalAssets": 638010593000, "accountsPayable": 687097000, "shortLongTermDebt": 521730077000, "otherCurrentLiab": 7260602000, "longTermDebt": 370311274000, "otherLiab": 9308904000, "minorityInterest": 1003000000, "totalCurrentLiabilities": 173301898000, "totalLiab": 552922076000, "commonStock": 17533986000, "retainedEarnings": 27420593000, "treasuryStock": 10588126000, "capitalSurplus": 16408812000, "otherStockholderEquity": 10588126000, "totalStockholderEquity": 71951517000, "netTangibleAssets": 65477467000}, {"maxAge": 1, "endDate": "2015-03-31", "cash": 8623295000, "netReceivables": 465906511000, "otherCurrentAssets": 3286069000, "totalCurrentAssets": 477815875000, "longTermInvestments": 26492162000, "propertyPlantEquipment": 7048382000, "goodWill": 6389106000, "intangibleAssets": 136322000, "otherAssets": 9539818000, "deferredLongTermAssetCharges": 2897883000, "totalAssets": 527421665000, "accountsPayable": 722249000, "shortLongTermDebt": 424942093000, "otherCurrentLiab": 6445932000, "longTermDebt": 294009140000, "otherLiab": 8708437000, "deferredLongTermLiab": 557588000, "minorityInterest": 1003000000, "totalCurrentLiabilities": 146302345000, "totalLiab": 449019922000, "commonStock": 17202859000, "retainedEarnings": 23030843000, "treasuryStock": 8928020000, "capitalSurplus": 14603021000, "otherStockholderEquity": 8928020000, "totalStockholderEquity": 63764743000, "netTangibleAssets": 57239315000}], "maxAge": 86400}, "earningsTrend": {"trend": [{"maxAge": 1, "period": "0q", "endDate": "2018-06-30", "growth": 0.90900004, "earningsEstimate": {"avg": 2.94, "low": 2.94, "high": 2.94, "yearAgoEps": 1.54, "numberOfAnalysts": 1, "growth": 0.90900004}, "revenueEstimate": {"avg": 15076500000, "low": 14563000000, "high": 15590000000, "numberOfAnalysts": 2, "yearAgoRevenue": 10261400000, "growth": 0.469}, "epsTrend": {"current": 2.94, "7daysAgo": 2.94, "30daysAgo": 2.94, "60daysAgo": 2.94, "90daysAgo": 1.87}, "epsRevisions": {"upLast7days": 0, "upLast30days": 0, "downLast30days": 0, "downLast90days": {}}}, {"maxAge": 1, "period": "+1q", "endDate": "2018-09-30", "growth": 0.253, "earningsEstimate": {"avg": 2.28, "low": 2.28, "high": 2.28, "yearAgoEps": 1.82, "numberOfAnalysts": 1, "growth": 0.253}, "revenueEstimate": {"avg": 16274000000, "low": 16178000000, "high": 16370000000, "numberOfAnalysts": 2, "yearAgoRevenue": 10870800000, "growth": 0.497}, "epsTrend": {"current": 2.28, "7daysAgo": 2.28, "30daysAgo": 2.28, "60daysAgo": 2.28, "90daysAgo": 2.01}, "epsRevisions": {"upLast7days": 0, "upLast30days": 0, "downLast30days": 0, "downLast90days": {}}}, {"maxAge": 1, "period": "0y", "endDate": "2019-03-31", "growth": 5.416, "earningsEstimate": {"avg": 9.56, "low": 9.56, "high": 9.56, "yearAgoEps": 1.49, "numberOfAnalysts": 1, "growth": 5.416}, "revenueEstimate": {"avg": 64633200000, "low": 60104000000, "high": 69765000000, "numberOfAnalysts": 12, "yearAgoRevenue": 4783700000, "growth": 12.511}, "epsTrend": {"current": 9.56, "7daysAgo": 9.56, "30daysAgo": 9.56, "60daysAgo": 10.0, "90daysAgo": 10.1}, "epsRevisions": {"upLast7days": 0, "upLast30days": 0, "downLast30days": 0, "downLast90days": {}}}, {"maxAge": 1, "period": "+1y", "endDate": "2020-03-31", "growth": 0.237, "earningsEstimate": {"avg": 11.83, "low": 11.83, "high": 11.83, "yearAgoEps": 9.56, "numberOfAnalysts": 1, "growth": 0.237}, "revenueEstimate": {"avg": 77415400000, "low": 65336000000, "high": 86550000000, "numberOfAnalysts": 12, "yearAgoRevenue": 64633200000, "growth": 0.198}, "epsTrend": {"current": 11.83, "7daysAgo": 11.83, "30daysAgo": 11.83, "60daysAgo": 13.38, "90daysAgo": 12.97}, "epsRevisions": {"upLast7days": 0, "upLast30days": 0, "downLast30days": 0, "downLast90days": {}}}, {"maxAge": 1, "period": "+5y", "endDate": null, "growth": 0.2456, "earningsEstimate": {"avg": {}, "low": {}, "high": {}, "yearAgoEps": {}, "numberOfAnalysts": {}, "growth": {}}, "revenueEstimate": {"avg": {}, "low": {}, "high": {}, "numberOfAnalysts": {}, "yearAgoRevenue": {}, "growth": {}}, "epsTrend": {"current": {}, "7daysAgo": {}, "30daysAgo": {}, "60daysAgo": {}, "90daysAgo": {}}, "epsRevisions": {"upLast7days": {}, "upLast30days": {}, "downLast30days": {}, "downLast90days": {}}}, {"maxAge": 1, "period": "-5y", "endDate": null, "growth": 0.21445, "earningsEstimate": {"avg": {}, "low": {}, "high": {}, "yearAgoEps": {}, "numberOfAnalysts": {}, "growth": {}}, "revenueEstimate": {"avg": {}, "low": {}, "high": {}, "numberOfAnalysts": {}, "yearAgoRevenue": {}, "growth": {}}, "epsTrend": {"current": {}, "7daysAgo": {}, "30daysAgo": {}, "60daysAgo": {}, "90daysAgo": {}}, "epsRevisions": {"upLast7days": {}, "upLast30days": {}, "downLast30days": {}, "downLast90days": {}}}], "maxAge": 1}, "institutionOwnership": {"ownershipList": [], "maxAge": 1}, "majorHoldersBreakdown": {"maxAge": 1, "insidersPercentHeld": 0.66573, "institutionsPercentHeld": 0.12109, "institutionsFloatPercentHeld": 0.36226, "institutionsCount": 43}, "balanceSheetHistoryQuarterly": {"balanceSheetStatements": [{"maxAge": 1, "endDate": "2018-06-30", "shortLongTermDebt": 715770500000, "totalStockholderEquity": 125498800000, "netTangibleAssets": 118854100000}, {"maxAge": 1, "endDate": "2018-03-31", "cash": 10633100000, "netReceivables": 784257300000, "otherCurrentAssets": 16201200000, "totalCurrentAssets": 811091600000, "longTermInvestments": 48433300000, "propertyPlantEquipment": 5055700000, "goodWill": 6389100000, "intangibleAssets": 255600000, "otherAssets": 21080300000, "deferredLongTermAssetCharges": 9863300000, "totalAssets": 892305600000, "accountsPayable": 1696400000, "shortLongTermDebt": 715770500000, "otherCurrentLiab": 30694900000, "longTermDebt": 510432400000, "otherLiab": 7069600000, "minorityInterest": 1231400000, "totalCurrentLiabilities": 237729400000, "totalLiab": 755231400000, "commonStock": 19956800000, "treasuryStock": 105542000000, "otherStockholderEquity": 105542000000, "totalStockholderEquity": 125498800000, "netTangibleAssets": 118854100000}, {"maxAge": 1, "endDate": "2017-12-31", "shortLongTermDebt": 644711600000, "totalStockholderEquity": 88834500000, "netTangibleAssets": 82290500000}, {"maxAge": 1, "endDate": "2017-09-30", "cash": 10793000000, "netReceivables": 667664700000, "otherCurrentAssets": 15034000000, "totalCurrentAssets": 693491700000, "longTermInvestments": 61152000000, "propertyPlantEquipment": 5482200000, "goodWill": 6389100000, "intangibleAssets": 154900000, "otherAssets": 19820500000, "deferredLongTermAssetCharges": 8203000000, "totalAssets": 786490400000, "accountsPayable": 1081000000, "shortLongTermDebt": 644711600000, "otherCurrentLiab": 31517100000, "longTermDebt": 462979500000, "otherLiab": 8798200000, "minorityInterest": 1204000000, "totalCurrentLiabilities": 214330200000, "totalLiab": 686107900000, "commonStock": 18217100000, "treasuryStock": 70617400000, "otherStockholderEquity": 70617400000, "totalStockholderEquity": 88834500000, "netTangibleAssets": 82290500000}], "maxAge": 86400}, "earningsHistory": {"history": [{"maxAge": 1, "epsActual": 1.54, "epsEstimate": 1.96, "epsDifference": -0.42, "surprisePercent": -0.214, "quarter": "2017-06-30", "period": "-4q"}, {"maxAge": 1, "epsActual": 1.82, "epsEstimate": 1.7, "epsDifference": 0.12, "surprisePercent": 0.071, "quarter": "2017-09-30", "period": "-3q"}, {"maxAge": 1, "epsActual": 1.95, "epsEstimate": 1.91, "epsDifference": 0.04, "surprisePercent": 0.021, "quarter": "2017-12-31", "period": "-2q"}, {"maxAge": 1, "epsActual": 2.11, "epsEstimate": 2.14, "epsDifference": -0.03, "surprisePercent": -0.0139999995, "quarter": "2018-03-31", "period": "-1q"}], "maxAge": 86400}, "summaryProfile": {"address1": "Plot No 177, Brindavan Building", "address2": "CST Road Vidyanagari Marg Kalina, Santacruz (East)", "city": "Mumbai", "zip": "400098", "country": "India", "phone": "91 22 6212 5000", "fax": "91 22 6212 5553", "website": "http://www.ltfs.com", "industry": "Credit Services", "sector": "Financial Services", "longBusinessSummary": "L&T Finance Holdings Limited provides various financial services in India. It operates through Rural Finance, Housing Finance, Infrastructure Finance, Defocused Business, and Others segments. The Rural Finance segment offers farm equipment finance, two wheeler finance, and consumer finance services, as well as micro loans. The Housing Finance segment provides home loans, loans against property, and real estate finance. The Infrastructure Finance segment offers infrastructure finance and infra debt funds. The Defocused Business segment provides structured corporate loans, debt capital market, commercial vehicle finance, construction equipment finance, SME term loans, and leases. The Others segment offers asset management, wealth management, etc. It also provides mutual fund products. The company operates through 221 branches and 1,532 micro loan meeting centers. The company was formerly known as L&T Capital Holdings Limited and changed its name to L&T Finance Holdings Limited in September 2010. The company was incorporated in 2008 and is headquartered in Mumbai, India. L&T Finance Holdings Limited is a subsidiary of Larsen & Toubro Limited.", "fullTimeEmployees": 23761, "companyOfficers": [], "maxAge": 86400}, "netSharePurchaseActivity": {"maxAge": 1, "period": "6m", "buyInfoCount": 0, "buyInfoShares": 0, "sellInfoCount": 0, "netInfoCount": 0, "netInfoShares": 0, "netPercentInsiderShares": 0.0, "totalInsiderShares": 1334490240}, "sectorTrend": {"maxAge": 1, "symbol": null, "estimates": []}, "incomeStatementHistoryQuarterly": {"incomeStatementHistory": [{"maxAge": 1, "endDate": "2018-06-30", "totalRevenue": 12294900000, "costOfRevenue": 3274500000, "grossProfit": 9020400000, "researchDevelopment": {}, "sellingGeneralAdministrative": 1612000000, "nonRecurring": {}, "otherOperatingExpenses": {}, "totalOperatingExpenses": 5003100000, "operatingIncome": 7291800000, "totalOtherIncomeExpenseNet": 0, "ebit": 0, "interestExpense": {}, "incomeBeforeTax": 7291800000, "incomeTaxExpense": 1893500000, "minorityInterest": {}, "netIncomeFromContinuingOps": 5398300000, "discontinuedOperations": {}, "extraordinaryItems": {}, "effectOfAccountingCharges": {}, "otherItems": {}, "netIncome": 5383800000, "netIncomeApplicableToCommonShares": 5383800000}, {"maxAge": 1, "endDate": "2018-03-31", "totalRevenue": 10265800000, "costOfRevenue": 3086500000, "grossProfit": 7179300000, "researchDevelopment": {}, "sellingGeneralAdministrative": 1452800000, "nonRecurring": {}, "otherOperatingExpenses": {}, "totalOperatingExpenses": 4671200000, "operatingIncome": 5594600000, "totalOtherIncomeExpenseNet": -15100000, "ebit": 0, "interestExpense": {}, "incomeBeforeTax": 5579500000, "incomeTaxExpense": 1504100000, "minorityInterest": 1231400000, "netIncomeFromContinuingOps": 4075400000, "discontinuedOperations": {}, "extraordinaryItems": {}, "effectOfAccountingCharges": {}, "otherItems": {}, "netIncome": 4059900000, "netIncomeApplicableToCommonShares": 4059900000}, {"maxAge": 1, "endDate": "2017-12-31", "totalRevenue": 8486400000, "costOfRevenue": 2541100000, "grossProfit": 5945300000, "researchDevelopment": {}, "sellingGeneralAdministrative": 1336400000, "nonRecurring": {}, "otherOperatingExpenses": {}, "totalOperatingExpenses": 4006000000, "operatingIncome": 4480400000, "totalOtherIncomeExpenseNet": 12600000, "ebit": 0, "interestExpense": {}, "incomeBeforeTax": 4493000000, "incomeTaxExpense": 635800000, "minorityInterest": 1231400000, "netIncomeFromContinuingOps": 3857200000, "discontinuedOperations": {}, "extraordinaryItems": {}, "effectOfAccountingCharges": {}, "otherItems": {}, "netIncome": 3840900000, "netIncomeApplicableToCommonShares": 3840900000}, {"maxAge": 1, "endDate": "2017-09-30", "totalRevenue": 7273300000, "costOfRevenue": 2155900000, "grossProfit": 5117400000, "researchDevelopment": {}, "sellingGeneralAdministrative": 1140800000, "nonRecurring": {}, "otherOperatingExpenses": {}, "totalOperatingExpenses": 3418500000, "operatingIncome": 3854800000, "totalOtherIncomeExpenseNet": -6500000, "ebit": 0, "interestExpense": {}, "incomeBeforeTax": 3848300000, "incomeTaxExpense": 230100000, "minorityInterest": 1204000000, "netIncomeFromContinuingOps": 3618200000, "discontinuedOperations": {}, "extraordinaryItems": {}, "effectOfAccountingCharges": {}, "otherItems": {}, "netIncome": 3602400000, "netIncomeApplicableToCommonShares": 3602400000}], "maxAge": 86400}, "cashflowStatementHistoryQuarterly": {"cashflowStatements": [{"maxAge": 1, "endDate": "2018-06-30", "netIncome": 5383800000, "changeToLiabilities": 0}, {"maxAge": 1, "endDate": "2018-03-31", "netIncome": 4059900000, "changeToLiabilities": 0}, {"maxAge": 1, "endDate": "2017-12-31", "netIncome": 3840900000, "changeToLiabilities": 0}, {"maxAge": 1, "endDate": "2017-09-30", "netIncome": 3602400000, "changeToLiabilities": 0}], "maxAge": 86400}, "earnings": {"maxAge": 86400, "earningsChart": {"quarterly": [{"date": "2Q2017", "actual": 1.54, "estimate": 1.96}, {"date": "3Q2017", "actual": 1.82, "estimate": 1.7}, {"date": "4Q2017", "actual": 1.95, "estimate": 1.91}, {"date": "1Q2018", "actual": 2.11, "estimate": 2.14}], "currentQuarterEstimate": 2.94, "currentQuarterEstimateDate": "2Q", "currentQuarterEstimateYear": 2018, "earningsDate": []}, "financialsChart": {"yearly": [{"date": 2015, "revenue": 21815317000, "earnings": 8546790000}, {"date": 2016, "revenue": 26428161000, "earnings": 8566926000}, {"date": 2017, "revenue": 24255781000, "earnings": 10421867000}, {"date": 2018, "revenue": 32770800000, "earnings": 14594800000}], "quarterly": [{"date": "3Q2017", "revenue": 7273300000, "earnings": 3602400000}, {"date": "4Q2017", "revenue": 8486400000, "earnings": 3840900000}, {"date": "1Q2018", "revenue": 10265800000, "earnings": 4059900000}, {"date": "2Q2018", "revenue": 12294900000, "earnings": 5383800000}]}, "financialCurrency": "INR"}, "financialData": {"maxAge": 86400, "currentPrice": 87.05, "targetHighPrice": 250.0, "targetLowPrice": 170.0, "targetMeanPrice": 221.29, "targetMedianPrice": 228.5, "recommendationMean": 1.9, "recommendationKey": "buy", "numberOfAnalystOpinions": 14, "totalCash": 59128999936, "totalCashPerShare": 29.497, "totalDebt": 929709883392, "totalRevenue": 66065100800, "debtToEquity": 605.509, "revenuePerShare": 32.942, "grossProfits": 22951900000, "earningsGrowth": -0.508, "revenueGrowth": 0.028, "grossMargins": 0.98611, "ebitdaMargins": 0.0, "operatingMargins": 0.15469, "profitMargins": 0.16503, "financialCurrency": "INR"}}}