{"LADDERUP.BO": {"cashflowStatementHistory": {"cashflowStatements": [{"maxAge": 1, "endDate": "2020-03-31", "netIncome": 1631783, "depreciation": 5203179, "changeToNetincome": -85373440, "changeToAccountReceivables": -15437714, "changeToLiabilities": 1303307, "changeToInventory": -2211649, "changeToOperatingActivities": 275136200, "totalCashFromOperatingActivities": 180251666, "capitalExpenditures": -8972975, "investments": -418136, "otherCashflowsFromInvestingActivities": -400601, "totalCashflowsFromInvestingActivities": -9933964, "netBorrowings": -139760456, "otherCashflowsFromFinancingActivities": -45230006, "totalCashFromFinancingActivities": -184990462, "changeInCash": -14672760}, {"maxAge": 1, "endDate": "2019-03-31", "netIncome": 5065626, "depreciation": 1023190, "changeToNetincome": -78899075, "changeToAccountReceivables": -6930959, "changeToLiabilities": 7493938, "changeToInventory": -19033886, "changeToOperatingActivities": 96820685, "totalCashFromOperatingActivities": 5618860, "capitalExpenditures": -286564569, "investments": -281632, "otherCashflowsFromInvestingActivities": -50500, "totalCashflowsFromInvestingActivities": -311271790, "netBorrowings": 254361198, "otherCashflowsFromFinancingActivities": 45203222, "totalCashFromFinancingActivities": 299564420, "changeInCash": -6088510}, {"maxAge": 1, "endDate": "2018-03-31", "netIncome": 70182041, "depreciation": 529527, "changeToNetincome": -79329035, "changeToAccountReceivables": -1529114, "changeToLiabilities": -1207408, "changeToInventory": -19033886, "changeToOperatingActivities": 67036733, "totalCashFromOperatingActivities": 55696915, "capitalExpenditures": -2444061, "investments": -7994879, "otherCashflowsFromInvestingActivities": 444695, "totalCashflowsFromInvestingActivities": -9994245, "netBorrowings": 11062141, "otherCashflowsFromFinancingActivities": -13551933, "totalCashFromFinancingActivities": -2489792, "changeInCash": 44414920}, {"maxAge": 1, "endDate": "2017-03-31", "netIncome": 131009662, "depreciation": 250740, "changeToNetincome": -14102063, "changeToAccountReceivables": -1942479, "changeToLiabilities": -850900, "changeToInventory": -19033886, "changeToOperatingActivities": -150578058, "totalCashFromOperatingActivities": -36184795, "capitalExpenditures": -135531, "investments": -11161597, "otherCashflowsFromInvestingActivities": 78820, "totalCashflowsFromInvestingActivities": -11218308, "netBorrowings": 56424472, "otherCashflowsFromFinancingActivities": -8656609, "totalCashFromFinancingActivities": 47767863, "changeInCash": 364759}], "maxAge": 86400}, "institutionOwnership": {"maxAge": 1, "ownershipList": []}, "balanceSheetHistoryQuarterly": {"balanceSheetStatements": [{"maxAge": 1, "endDate": "2020-06-30", "totalStockholderEquity": 564066636, "netTangibleAssets": 539469954}, {"maxAge": 1, "endDate": "2020-03-31", "cash": 26182960, "shortTermInvestments": 757679, "netReceivables": 128430199, "inventory": 21245535, "otherCurrentAssets": 10090173, "totalCurrentAssets": 188851754, "longTermInvestments": 300602760, "propertyPlantEquipment": 293554457, "goodWill": 24596682, "otherAssets": 89358532, "deferredLongTermAssetCharges": 29578033, "totalAssets": 896964185, "accountsPayable": 10226142, "shortLongTermDebt": 92518, "otherCurrentLiab": 1144992, "longTermDebt": 194824443, "otherLiab": 8111062, "minorityInterest": 69301061, "totalCurrentLiabilities": 36196916, "totalLiab": 239132421, "commonStock": 128526000, "retainedEarnings": 427829621, "treasuryStock": -130788985, "capitalSurplus": 138500000, "otherStockholderEquity": -130788985, "totalStockholderEquity": 564066636, "netTangibleAssets": 539469954}, {"maxAge": 1, "endDate": "2019-12-31", "totalStockholderEquity": 734249000, "netTangibleAssets": 688565000}, {"maxAge": 1, "endDate": "2019-09-30", "cash": 17397000, "netReceivables": 499760000, "inventory": 21488000, "totalCurrentAssets": 538645000, "longTermInvestments": 472726000, "propertyPlantEquipment": 289858000, "goodWill": 23036000, "intangibleAssets": 22648000, "otherAssets": 82063000, "deferredLongTermAssetCharges": 18127000, "totalAssets": 1428976000, "accountsPayable": 4449000, "otherCurrentLiab": 2471000, "longTermDebt": 197864000, "otherLiab": 437936000, "minorityInterest": 52007000, "totalCurrentLiabilities": 6920000, "totalLiab": 642720000, "commonStock": 128526000, "treasuryStock": 605723000, "otherStockholderEquity": 605723000, "totalStockholderEquity": 734249000, "netTangibleAssets": 688565000}], "maxAge": 86400}, "indexTrend": {"maxAge": 1, "symbol": "SP5", "peRatio": 19.7411, "pegRatio": 1.34172, "estimates": [{"period": "0q", "growth": 0.549}, {"period": "+1q", "growth": 0.431}, {"period": "0y", "growth": 0.305}, {"period": "+1y", "growth": 0.109}, {"period": "+5y", "growth": 0.120859005}, {"period": "-5y"}]}, "insiderTransactions": {"transactions": [{"maxAge": 1, "shares": 74699, "filerUrl": "", "transactionText": "", "filerName": "Saksena (Harsha)", "filerRelation": "Director (Non-Executive)", "moneyText": "", "startDate": "2015-09-24", "ownership": "D"}, {"maxAge": 1, "shares": 74699, "filerUrl": "", "transactionText": "", "filerName": "Quiet Investment Pvt Ltd", "filerRelation": "Promoter", "moneyText": "", "startDate": "2015-09-24", "ownership": "D"}, {"maxAge": 1, "shares": 80000, "filerUrl": "", "transactionText": "", "filerName": "Saksena (Harsha)", "filerRelation": "UNREPORTED", "moneyText": "", "startDate": "2015-07-15", "ownership": "D"}, {"maxAge": 1, "shares": 80000, "filerUrl": "", "transactionText": "", "filerName": "Quiet Investment Pvt Ltd", "filerRelation": "Promoter", "moneyText": "", "startDate": "2015-07-15", "ownership": "D"}, {"maxAge": 1, "shares": 1040200, "filerUrl": "", "transactionText": "", "filerName": "Ladderup Securities Pvt Ltd", "filerRelation": "Promoter", "moneyText": "", "startDate": "2015-03-31", "ownership": "D"}, {"maxAge": 1, "shares": 1040200, "filerUrl": "", "transactionText": "", "filerName": "Quiet Investment Pvt Ltd", "filerRelation": "Promoter", "moneyText": "", "startDate": "2015-03-31", "ownership": "D"}, {"maxAge": 1, "shares": 294300, "filerUrl": "", "transactionText": "", "filerName": "Ladderup Securities Pvt Ltd", "filerRelation": "Promoter", "moneyText": "", "startDate": "2015-03-17", "ownership": "D"}, {"maxAge": 1, "shares": 294300, "filerUrl": "", "transactionText": "", "filerName": "Quiet Investment Pvt Ltd", "filerRelation": "Promoter", "moneyText": "", "startDate": "2015-03-17", "ownership": "D"}, {"maxAge": 1, "shares": 285700, "filerUrl": "", "transactionText": "", "filerName": "Ladderup Securities Pvt Ltd", "filerRelation": "Promoter", "moneyText": "", "startDate": "2015-03-13", "ownership": "D"}, {"maxAge": 1, "shares": 285700, "filerUrl": "", "transactionText": "", "filerName": "Quiet Investment Pvt Ltd", "filerRelation": "Promoter", "moneyText": "", "startDate": "2015-03-13", "ownership": "D"}, {"maxAge": 1, "shares": 285700, "filerUrl": "", "transactionText": "", "filerName": "Quiet Investment Pvt Ltd", "filerRelation": "Promoter", "moneyText": "", "startDate": "2015-03-11", "ownership": "D"}, {"maxAge": 1, "shares": 285700, "filerUrl": "", "transactionText": "", "filerName": "Ladderup Securities Pvt Ltd", "filerRelation": "Promoter", "moneyText": "", "startDate": "2015-03-11", "ownership": "D"}, {"maxAge": 1, "shares": 65500, "filerUrl": "", "transactionText": "", "filerName": "Nabhshika Financial Advisory Pvt Ltd", "filerRelation": "Institution- Corporation", "moneyText": "", "startDate": "2014-03-05", "ownership": "D"}, {"maxAge": 1, "shares": 0, "filerUrl": "", "transactionText": "", "filerName": "Saksena (Harsha)", "filerRelation": "UNREPORTED", "moneyText": "", "startDate": "2013-12-11", "ownership": "I"}, {"maxAge": 1, "shares": 84700, "filerUrl": "", "transactionText": "", "filerName": "Saksena (Harsha)", "filerRelation": "UNREPORTED", "moneyText": "", "startDate": "2013-12-10", "ownership": "D"}, {"maxAge": 1, "shares": 69999, "filerUrl": "", "transactionText": "", "filerName": "Saksena (Harsha)", "filerRelation": "UNREPORTED", "moneyText": "", "startDate": "2013-10-22", "ownership": "D"}, {"maxAge": 1, "shares": 7347, "filerUrl": "", "transactionText": "", "filerName": "Sheth (Parimal)", "filerRelation": "Divisional Officer", "moneyText": "", "startDate": "2012-10-22", "ownership": "D"}, {"maxAge": 1, "shares": 9000, "filerUrl": "", "transactionText": "", "filerName": "Sheth (Parimal)", "filerRelation": "Divisional Officer", "moneyText": "", "startDate": "2012-10-19", "ownership": "D"}, {"maxAge": 1, "shares": 7200, "filerUrl": "", "transactionText": "", "filerName": "Sheth (Parimal)", "filerRelation": "Divisional Officer", "moneyText": "", "startDate": "2012-10-18", "ownership": "D"}, {"maxAge": 1, "shares": 502480, "filerUrl": "", "transactionText": "", "filerName": "Ladha (Deepak Ghanshyam)", "filerRelation": "Director (Executive)", "moneyText": "", "startDate": "2011-09-28", "ownership": "D"}, {"maxAge": 1, "shares": 400000, "filerUrl": "", "transactionText": "", "filerName": "Colby Mall Developers Company Pvt Ltd", "filerRelation": "Institution- Corporation", "moneyText": "", "startDate": "2011-09-28", "ownership": "D"}, {"maxAge": 1, "shares": 102480, "filerUrl": "", "transactionText": "", "filerName": "Anmol Insurance Consultants Pvt Ltd", "filerRelation": "Institution- Corporation", "moneyText": "", "startDate": "2011-09-28", "ownership": "D"}], "maxAge": 1}, "quoteType": {"exchange": "BSE", "quoteType": "EQUITY", "symbol": "LADDERUP.BO", "underlyingSymbol": "LADDERUP.BO", "shortName": "LADDERUP FINANCE LTD.", "longName": "Ladderup Finance Limited", "firstTradeDateEpochUtc": "2002-01-02 09:15:00", "timeZoneFullName": "Asia/Kolkata", "timeZoneShortName": "IST", "uuid": "e787e113-6364-3c4c-bf58-07e94ce6759d", "messageBoardId": null, "gmtOffSetMilliseconds": 19800000, "maxAge": 1}, "incomeStatementHistory": {"incomeStatementHistory": [{"maxAge": 1, "endDate": "2020-03-31", "totalRevenue": 338483086, "costOfRevenue": 206099558, "grossProfit": 132383528, "researchDevelopment": {}, "sellingGeneralAdministrative": 4041098, "nonRecurring": {}, "otherOperatingExpenses": 57794495, "totalOperatingExpenses": 273138330, "operatingIncome": 65344756, "totalOtherIncomeExpenseNet": -36571558, "ebit": 65344756, "interestExpense": -34449566, "incomeBeforeTax": 28773198, "incomeTaxExpense": 12765471, "minorityInterest": 69301061, "netIncomeFromContinuingOps": 16007727, "discontinuedOperations": {}, "extraordinaryItems": {}, "effectOfAccountingCharges": {}, "otherItems": {}, "netIncome": 1631783, "netIncomeApplicableToCommonShares": 1631783}, {"maxAge": 1, "endDate": "2019-03-31", "totalRevenue": 154799833, "costOfRevenue": 81131896, "grossProfit": 73667937, "researchDevelopment": {}, "sellingGeneralAdministrative": 6944214, "nonRecurring": {}, "otherOperatingExpenses": 26998039, "totalOperatingExpenses": 116176680, "operatingIncome": 38623153, "totalOtherIncomeExpenseNet": -21403885, "ebit": 38623153, "interestExpense": -988309, "incomeBeforeTax": 17219268, "incomeTaxExpense": 4321921, "minorityInterest": 56513894, "netIncomeFromContinuingOps": 12897347, "discontinuedOperations": {}, "extraordinaryItems": {}, "effectOfAccountingCharges": {}, "otherItems": {}, "netIncome": 5065626, "netIncomeApplicableToCommonShares": 5065626}, {"maxAge": 1, "endDate": "2018-03-31", "totalRevenue": 158167643, "costOfRevenue": 36638835, "grossProfit": 121528808, "researchDevelopment": {}, "sellingGeneralAdministrative": 5292871, "nonRecurring": {}, "otherOperatingExpenses": 20107294, "totalOperatingExpenses": 62582698, "operatingIncome": 95584945, "totalOtherIncomeExpenseNet": -16265448, "ebit": 95584945, "interestExpense": -13565083, "incomeBeforeTax": 79319497, "incomeTaxExpense": 4645430, "minorityInterest": 9783373, "netIncomeFromContinuingOps": 74674067, "discontinuedOperations": {}, "extraordinaryItems": {}, "effectOfAccountingCharges": {}, "otherItems": {}, "netIncome": 70182041, "netIncomeApplicableToCommonShares": 70182041}, {"maxAge": 1, "endDate": "2017-03-31", "totalRevenue": 183682342, "costOfRevenue": 28323918, "grossProfit": 155358424, "researchDevelopment": {}, "sellingGeneralAdministrative": 2592905, "nonRecurring": {}, "otherOperatingExpenses": 11691835, "totalOperatingExpenses": 42887702, "operatingIncome": 140794640, "totalOtherIncomeExpenseNet": -7238504, "ebit": 140794640, "interestExpense": -8656609, "incomeBeforeTax": 133556136, "incomeTaxExpense": 1062730, "minorityInterest": 2809305, "netIncomeFromContinuingOps": 132493406, "discontinuedOperations": {}, "extraordinaryItems": {}, "effectOfAccountingCharges": {}, "otherItems": {}, "netIncome": 131009662, "netIncomeApplicableToCommonShares": 131009662}], "maxAge": 86400}, "fundOwnership": {"maxAge": 1, "ownershipList": []}, "summaryDetail": {"maxAge": 1, "priceHint": 2, "previousClose": 13.98, "open": 14.28, "dayLow": 12.62, "dayHigh": 14.28, "regularMarketPreviousClose": 13.98, "regularMarketOpen": 14.28, "regularMarketDayLow": 12.62, "regularMarketDayHigh": 14.28, "volume": 1638, "regularMarketVolume": 1638, "averageVolume": 4562, "averageVolume10days": 7329, "averageDailyVolume10Day": 7329, "bid": 13.0, "ask": 13.8, "bidSize": 0, "askSize": 0, "marketCap": 170811056, "fiftyTwoWeekLow": 12.6, "fiftyTwoWeekHigh": 30.45, "fiftyDayAverage": 15.266, "twoHundredDayAverage": 20.497883, "currency": "INR", "fromCurrency": null, "toCurrency": null, "lastMarket": null, "algorithm": null, "tradeable": false}, "incomeStatementHistoryQuarterly": {"incomeStatementHistory": [{"maxAge": 1, "endDate": "2020-06-30", "totalRevenue": 30310000, "costOfRevenue": 21785000, "grossProfit": 8525000, "researchDevelopment": {}, "sellingGeneralAdministrative": {}, "nonRecurring": {}, "otherOperatingExpenses": 6614000, "totalOperatingExpenses": 29621000, "operatingIncome": 689000, "totalOtherIncomeExpenseNet": -13218000, "ebit": 689000, "interestExpense": -3057000, "incomeBeforeTax": -12529000, "incomeTaxExpense": 840000, "minorityInterest": {}, "netIncomeFromContinuingOps": -13369000, "discontinuedOperations": {}, "extraordinaryItems": {}, "effectOfAccountingCharges": {}, "otherItems": {}, "netIncome": -11838000, "netIncomeApplicableToCommonShares": -11838000}, {"maxAge": 1, "endDate": "2020-03-31", "totalRevenue": 70487086, "costOfRevenue": 51283558, "grossProfit": 19203528, "researchDevelopment": {}, "sellingGeneralAdministrative": 4041098, "nonRecurring": {}, "otherOperatingExpenses": 7711495, "totalOperatingExpenses": 67038330, "operatingIncome": 3448756, "totalOtherIncomeExpenseNet": -13119558, "ebit": 3448756, "interestExpense": -3057000, "incomeBeforeTax": -9670802, "incomeTaxExpense": 1832471, "minorityInterest": 69301061, "netIncomeFromContinuingOps": -11503273, "discontinuedOperations": {}, "extraordinaryItems": {}, "effectOfAccountingCharges": {}, "otherItems": {}, "netIncome": -11248217, "netIncomeApplicableToCommonShares": -11248217}, {"maxAge": 1, "endDate": "2019-12-31", "totalRevenue": 84958000, "costOfRevenue": 48103000, "grossProfit": 36855000, "researchDevelopment": {}, "sellingGeneralAdministrative": 4041098, "nonRecurring": {}, "otherOperatingExpenses": 16595000, "totalOperatingExpenses": 65076000, "operatingIncome": 19882000, "totalOtherIncomeExpenseNet": -6666000, "ebit": 19882000, "interestExpense": -14322000, "incomeBeforeTax": 13216000, "incomeTaxExpense": 4984000, "minorityInterest": 69301061, "netIncomeFromContinuingOps": 8232000, "discontinuedOperations": {}, "extraordinaryItems": {}, "effectOfAccountingCharges": {}, "otherItems": {}, "netIncome": 3021000, "netIncomeApplicableToCommonShares": 3021000}, {"maxAge": 1, "endDate": "2019-09-30", "totalRevenue": 92176000, "costOfRevenue": 53776000, "grossProfit": 38400000, "researchDevelopment": {}, "sellingGeneralAdministrative": 4041098, "nonRecurring": {}, "otherOperatingExpenses": 17260000, "totalOperatingExpenses": 71432000, "operatingIncome": 20744000, "totalOtherIncomeExpenseNet": -7216000, "ebit": 20744000, "interestExpense": -14561000, "incomeBeforeTax": 13528000, "incomeTaxExpense": 3038000, "minorityInterest": 52007000, "netIncomeFromContinuingOps": 10490000, "discontinuedOperations": {}, "extraordinaryItems": {}, "effectOfAccountingCharges": {}, "otherItems": {}, "netIncome": 6472000, "netIncomeApplicableToCommonShares": 6472000}], "maxAge": 86400}, "cashflowStatementHistoryQuarterly": {"cashflowStatements": [{"maxAge": 1, "endDate": "2020-06-30", "netIncome": -11838000, "changeToLiabilities": 0}, {"maxAge": 1, "endDate": "2020-03-31", "netIncome": -11248217, "changeToLiabilities": 0}, {"maxAge": 1, "endDate": "2019-12-31", "netIncome": 3021000, "changeToLiabilities": 0}, {"maxAge": 1, "endDate": "2019-09-30", "netIncome": 6472000, "changeToLiabilities": 0}], "maxAge": 86400}, "insiderHolders": {"holders": [{"maxAge": 1, "name": "Anmol Insurance Consultants Pvt Ltd", "relation": "Institution- Corporation", "url": "", "transactionDescription": "Sale", "latestTransDate": "2011-09-28", "positionDirect": 297520, "positionDirectDate": "2011-09-28"}, {"maxAge": 1, "name": "Colby Mall Developers Company Pvt Ltd", "relation": "Institution- Corporation", "url": "", "transactionDescription": "Sale", "latestTransDate": "2011-09-28", "positionDirect": 0, "positionDirectDate": "2011-09-28"}, {"maxAge": 1, "name": "Ladderup Securities Pvt Ltd", "relation": "Promoter", "url": "", "transactionDescription": "Sale", "latestTransDate": "2015-03-31", "positionDirect": 700, "positionDirectDate": "2015-03-31"}, {"maxAge": 1, "name": "Ladha (Deepak Ghanshyam)", "relation": "Director (Executive)", "url": "", "transactionDescription": "Acquisition", "latestTransDate": "2011-09-28", "positionDirect": 642880, "positionDirectDate": "2011-09-28"}, {"maxAge": 1, "name": "Nabhshika Financial Advisory Pvt Ltd", "relation": "Institution- Corporation", "url": "", "transactionDescription": "Acquisition", "latestTransDate": "2014-03-05", "positionDirect": 650114, "positionDirectDate": "2014-03-05"}, {"maxAge": 1, "name": "Quiet Investment Pvt Ltd", "relation": "Promoter", "url": "", "transactionDescription": "Purchase", "latestTransDate": "2015-09-24", "positionDirect": 3840199, "positionDirectDate": "2015-09-24"}, {"maxAge": 1, "name": "Saksena (Harsha)", "relation": "Director (Non-Executive)", "url": "", "transactionDescription": "Sale", "latestTransDate": "2015-09-24", "positionDirect": 0, "positionDirectDate": "2015-09-24"}, {"maxAge": 1, "name": "Sheth (Parimal)", "relation": "Divisional Officer", "url": "", "transactionDescription": "Acquisition", "latestTransDate": "2012-10-22", "positionDirect": 23547, "positionDirectDate": "2012-10-22"}], "maxAge": 1}, "calendarEvents": {"maxAge": 1, "earnings": {"earningsDate": []}}, "price": {"maxAge": 1, "regularMarketChangePercent": -0.0493562, "regularMarketChange": -0.6899996, "regularMarketTime": "2021-04-30 15:27:08", "priceHint": 2, "regularMarketPrice": 13.29, "regularMarketDayHigh": 14.28, "regularMarketDayLow": 12.62, "regularMarketVolume": 1638, "averageDailyVolume10Day": 7329, "averageDailyVolume3Month": 4562, "regularMarketPreviousClose": 13.98, "regularMarketSource": "FREE_REALTIME", "regularMarketOpen": 14.28, "exchange": "BSE", "exchangeName": "BSE", "exchangeDataDelayedBy": 0, "marketState": "CLOSED", "quoteType": "EQUITY", "symbol": "LADDERUP.BO", "underlyingSymbol": null, "shortName": "LADDERUP FINANCE LTD.", "longName": "Ladderup Finance Limited", "currency": "INR", "quoteSourceName": "Delayed Quote", "currencySymbol": "\u20b9", "fromCurrency": null, "toCurrency": null, "lastMarket": null, "marketCap": 170811056}, "balanceSheetHistory": {"balanceSheetStatements": [{"maxAge": 1, "endDate": "2020-03-31", "cash": 26182960, "shortTermInvestments": 757679, "netReceivables": 128430199, "inventory": 21245535, "otherCurrentAssets": 10090173, "totalCurrentAssets": 188851754, "longTermInvestments": 300602760, "propertyPlantEquipment": 293554457, "goodWill": 24596682, "otherAssets": 89358532, "deferredLongTermAssetCharges": 29578033, "totalAssets": 896964185, "accountsPayable": 10226142, "shortLongTermDebt": 92518, "otherCurrentLiab": 1144992, "longTermDebt": 194824443, "otherLiab": 8111062, "minorityInterest": 69301061, "totalCurrentLiabilities": 36196916, "totalLiab": 239132421, "commonStock": 128526000, "retainedEarnings": 427829621, "treasuryStock": -130788985, "capitalSurplus": 138500000, "otherStockholderEquity": -130788985, "totalStockholderEquity": 564066636, "netTangibleAssets": 539469954}, {"maxAge": 1, "endDate": "2019-03-31", "cash": 40855721, "shortTermInvestments": 50000, "netReceivables": 194740199, "inventory": 19033886, "otherCurrentAssets": 4240506, "totalCurrentAssets": 262292065, "longTermInvestments": 508430954, "propertyPlantEquipment": 289784662, "goodWill": 24454430, "otherAssets": 68967764, "deferredLongTermAssetCharges": 9187268, "totalAssets": 1153929875, "accountsPayable": 8922835, "shortLongTermDebt": 27905598, "otherCurrentLiab": 10492468, "longTermDebt": 331027646, "otherLiab": 4751035, "minorityInterest": 56513894, "totalCurrentLiabilities": 57947130, "totalLiab": 393725811, "commonStock": 128526000, "retainedEarnings": 427435178, "treasuryStock": -15235075, "capitalSurplus": 138500000, "otherStockholderEquity": -15235075, "totalStockholderEquity": 679226103, "netTangibleAssets": 654771673}, {"maxAge": 1, "endDate": "2018-03-31", "cash": 47387851, "shortTermInvestments": 19536963, "netReceivables": 156720900, "otherCurrentAssets": 573998, "totalCurrentAssets": 224277570, "longTermInvestments": 383025059, "propertyPlantEquipment": 4322624, "intangibleAssets": 79341, "otherAssets": 99996871, "deferredLongTermAssetCharges": 573293, "totalAssets": 711701465, "accountsPayable": 1428898, "shortLongTermDebt": 13007975, "otherCurrentLiab": 4531182, "longTermDebt": 31472118, "otherLiab": 1837281, "minorityInterest": 9783373, "totalCurrentLiabilities": 96763689, "totalLiab": 130073088, "commonStock": 128526000, "retainedEarnings": 303655885, "treasuryStock": 1163119, "capitalSurplus": 138500000, "otherStockholderEquity": 1163119, "totalStockholderEquity": 571845004, "netTangibleAssets": 571765663}, {"maxAge": 1, "endDate": "2017-03-31", "cash": 2986081, "shortTermInvestments": 11161597, "netReceivables": 222693387, "otherCurrentAssets": 7042473, "totalCurrentAssets": 244050534, "longTermInvestments": 327589386, "propertyPlantEquipment": 2430035, "intangibleAssets": 93512, "otherAssets": 41836265, "deferredLongTermAssetCharges": 471920, "totalAssets": 615999732, "accountsPayable": 2636305, "shortLongTermDebt": 3941665, "otherCurrentLiab": 9890380, "longTermDebt": 43358335, "otherLiab": 1233909, "minorityInterest": 2809305, "totalCurrentLiabilities": 66913275, "totalLiab": 111505519, "commonStock": 128526000, "retainedEarnings": 233473844, "treasuryStock": 1185064, "capitalSurplus": 138500000, "otherStockholderEquity": 1185064, "totalStockholderEquity": 501684908, "netTangibleAssets": 501591396}], "maxAge": 86400}, "financialData": {"maxAge": 86400, "currentPrice": 13.29, "recommendationKey": "none", "grossProfits": 132383528, "financialCurrency": "INR"}}}