{"LAFFANSQ.BO": {"cashflowStatementHistory": {"cashflowStatements": [{"maxAge": 1, "endDate": "2020-03-31", "netIncome": -39601392, "depreciation": 3701624, "changeToNetincome": 15306366, "changeToAccountReceivables": -26179448, "changeToLiabilities": 26862750, "changeToInventory": 8992782, "changeToOperatingActivities": 6633002, "totalCashFromOperatingActivities": -4284316, "otherCashflowsFromInvestingActivities": 2914687, "totalCashflowsFromInvestingActivities": 5314834, "netBorrowings": -37173, "otherCashflowsFromFinancingActivities": -735804, "totalCashFromFinancingActivities": -772977, "changeInCash": 257541}, {"maxAge": 1, "endDate": "2019-03-31", "netIncome": -8535010, "depreciation": 3446786, "changeToNetincome": -24429942, "changeToAccountReceivables": 6709080, "changeToLiabilities": -4969251, "changeToInventory": -8992782, "changeToOperatingActivities": 101701808, "totalCashFromOperatingActivities": 64930689, "capitalExpenditures": -62509756, "otherCashflowsFromInvestingActivities": 3262867, "totalCashflowsFromInvestingActivities": -59246889, "netBorrowings": -4463937, "otherCashflowsFromFinancingActivities": -670617, "totalCashFromFinancingActivities": -5134554, "changeInCash": 549246}, {"maxAge": 1, "endDate": "2018-03-31", "netIncome": 6776581, "depreciation": 1889531, "changeToNetincome": -23741324, "changeToAccountReceivables": 2277707, "changeToLiabilities": 4324111, "changeToInventory": -8992782, "changeToOperatingActivities": -7535594, "totalCashFromOperatingActivities": -16008988, "capitalExpenditures": -62509756, "otherCashflowsFromInvestingActivities": 4224964, "totalCashflowsFromInvestingActivities": 11699459, "netBorrowings": 4501107, "otherCashflowsFromFinancingActivities": -337293, "totalCashFromFinancingActivities": 4163814, "changeInCash": -145716}, {"maxAge": 1, "endDate": "2017-03-31", "netIncome": 34394473, "depreciation": 1417583, "changeToNetincome": -4669584, "changeToAccountReceivables": 14371614, "changeToLiabilities": -1743037, "changeToInventory": -8992782, "changeToOperatingActivities": -70713766, "totalCashFromOperatingActivities": -26942717, "capitalExpenditures": -62509756, "otherCashflowsFromInvestingActivities": 3017360, "totalCashflowsFromInvestingActivities": 3888423, "netBorrowings": 4501107, "otherCashflowsFromFinancingActivities": -556104, "totalCashFromFinancingActivities": -556104, "changeInCash": -23610398}], "maxAge": 86400}, "institutionOwnership": {"ownershipList": [], "maxAge": 1}, "balanceSheetHistoryQuarterly": {"balanceSheetStatements": [{"maxAge": 1, "endDate": "2020-06-30", "totalStockholderEquity": 566425473, "netTangibleAssets": 566425473}, {"maxAge": 1, "endDate": "2020-03-31", "cash": 3206181, "netReceivables": 28557740, "otherCurrentAssets": 13406111, "totalCurrentAssets": 45170032, "longTermInvestments": 427167233, "propertyPlantEquipment": 77777262, "otherAssets": 57105553, "deferredLongTermAssetCharges": 8166498, "totalAssets": 607220080, "accountsPayable": 28424741, "otherCurrentLiab": 483450, "otherLiab": 343706, "totalCurrentLiabilities": 40450901, "totalLiab": 40794607, "commonStock": 80000000, "retainedEarnings": 486425473, "totalStockholderEquity": 566425473, "netTangibleAssets": 566425473}, {"maxAge": 1, "endDate": "2019-12-31", "totalStockholderEquity": 624742000, "netTangibleAssets": 624742000}, {"maxAge": 1, "endDate": "2019-09-30", "cash": 2998000, "netReceivables": 51647000, "otherCurrentAssets": 3187000, "totalCurrentAssets": 57832000, "longTermInvestments": 464683000, "propertyPlantEquipment": 78910000, "otherAssets": 72600000, "deferredLongTermAssetCharges": 2673000, "totalAssets": 674025000, "accountsPayable": 37449000, "otherCurrentLiab": 9929000, "otherLiab": 322000, "totalCurrentLiabilities": 48961000, "totalLiab": 49283000, "commonStock": 80000000, "retainedEarnings": 544742000, "totalStockholderEquity": 624742000, "netTangibleAssets": 624742000}], "maxAge": 86400}, "indexTrend": {"maxAge": 1, "symbol": "SP5", "peRatio": 19.7411, "pegRatio": 1.34172, "estimates": [{"period": "0q", "growth": 0.549}, {"period": "+1q", "growth": 0.431}, {"period": "0y", "growth": 0.305}, {"period": "+1y", "growth": 0.109}, {"period": "+5y", "growth": 0.120859005}, {"period": "-5y"}]}, "quoteType": {"exchange": "BSE", "quoteType": "EQUITY", "symbol": "LAFFANSQ.BO", "underlyingSymbol": "LAFFANSQ.BO", "shortName": "LAFFANS PETROCHEMICALS LTD.", "longName": "Laffans Petrochemicals Limited", "firstTradeDateEpochUtc": "2000-10-17 09:15:00", "timeZoneFullName": "Asia/Kolkata", "timeZoneShortName": "IST", "uuid": "f137b932-cc26-35ba-9f0d-15dbfc4d714f", "gmtOffSetMilliseconds": 19800000, "maxAge": 1}, "incomeStatementHistory": {"incomeStatementHistory": [{"maxAge": 1, "endDate": "2020-03-31", "totalRevenue": 121835809, "costOfRevenue": 117199965, "grossProfit": 4635844, "researchDevelopment": {}, "sellingGeneralAdministrative": 7748017, "nonRecurring": {}, "otherOperatingExpenses": 10753646, "totalOperatingExpenses": 139403252, "operatingIncome": -17567443, "totalOtherIncomeExpenseNet": -21950980, "ebit": -17567443, "interestExpense": -344020, "incomeBeforeTax": -39518423, "incomeTaxExpense": 82969, "minorityInterest": {}, "netIncomeFromContinuingOps": -39601392, "discontinuedOperations": {}, "extraordinaryItems": {}, "effectOfAccountingCharges": {}, "otherItems": {}, "netIncome": -39601392, "netIncomeApplicableToCommonShares": -39601392}, {"maxAge": 1, "endDate": "2019-03-31", "totalRevenue": 37727845, "costOfRevenue": 41109169, "grossProfit": -3381324, "researchDevelopment": {}, "sellingGeneralAdministrative": 7754840, "nonRecurring": {}, "otherOperatingExpenses": 10367708, "totalOperatingExpenses": 62678503, "operatingIncome": -24950658, "totalOtherIncomeExpenseNet": 14007206, "ebit": -24950658, "interestExpense": -286388, "incomeBeforeTax": -10943452, "incomeTaxExpense": -2408442, "minorityInterest": {}, "netIncomeFromContinuingOps": -8535010, "discontinuedOperations": {}, "extraordinaryItems": {}, "effectOfAccountingCharges": {}, "otherItems": {}, "netIncome": -8535010, "netIncomeApplicableToCommonShares": -8535010}, {"maxAge": 1, "endDate": "2018-03-31", "totalRevenue": 15660292, "costOfRevenue": 15016257, "grossProfit": 644035, "researchDevelopment": {}, "sellingGeneralAdministrative": 7045523, "nonRecurring": {}, "otherOperatingExpenses": 18728299, "totalOperatingExpenses": 42679610, "operatingIncome": -27019318, "totalOtherIncomeExpenseNet": 31998789, "ebit": -27019318, "interestExpense": -231478, "incomeBeforeTax": 4979471, "incomeTaxExpense": -1797110, "minorityInterest": {}, "netIncomeFromContinuingOps": 6776581, "discontinuedOperations": {}, "extraordinaryItems": {}, "effectOfAccountingCharges": {}, "otherItems": {}, "netIncome": 6776581, "netIncomeApplicableToCommonShares": 6776581}, {"maxAge": 1, "endDate": "2017-03-31", "totalRevenue": 19794472, "costOfRevenue": 19688421, "grossProfit": 106051, "researchDevelopment": {}, "sellingGeneralAdministrative": 7535268, "nonRecurring": {}, "otherOperatingExpenses": 21517132, "totalOperatingExpenses": 50158404, "operatingIncome": -30363932, "totalOtherIncomeExpenseNet": 64287473, "ebit": -30363932, "interestExpense": -373368, "incomeBeforeTax": 33923541, "incomeTaxExpense": -470932, "minorityInterest": {}, "netIncomeFromContinuingOps": 34394473, "discontinuedOperations": {}, "extraordinaryItems": {}, "effectOfAccountingCharges": {}, "otherItems": {}, "netIncome": 34394473, "netIncomeApplicableToCommonShares": 34394473}], "maxAge": 86400}, "fundOwnership": {"ownershipList": [], "maxAge": 1}, "summaryDetail": {"maxAge": 1, "priceHint": 2, "previousClose": 19.7, "open": 20.2, "dayLow": 18.9, "dayHigh": 20.5, "regularMarketPreviousClose": 19.7, "regularMarketOpen": 20.2, "regularMarketDayLow": 18.9, "regularMarketDayHigh": 20.5, "volume": 3389, "regularMarketVolume": 3389, "averageVolume": 2623, "averageVolume10days": 926, "averageDailyVolume10Day": 926, "bid": 18.9, "ask": 19.15, "bidSize": 0, "askSize": 0, "marketCap": 153600000, "fiftyTwoWeekLow": 9.5, "fiftyTwoWeekHigh": 20.5, "fiftyDayAverage": 15.228787, "twoHundredDayAverage": 15.014412, "currency": "INR", "fromCurrency": null, "lastMarket": null, "algorithm": null, "tradeable": false}, "incomeStatementHistoryQuarterly": {"incomeStatementHistory": [{"maxAge": 1, "endDate": "2020-06-30", "totalRevenue": 36149000, "costOfRevenue": 35271000, "grossProfit": 878000, "researchDevelopment": {}, "sellingGeneralAdministrative": 1764000, "nonRecurring": {}, "otherOperatingExpenses": 1903000, "totalOperatingExpenses": 40114000, "operatingIncome": -3965000, "totalOtherIncomeExpenseNet": 29937000, "ebit": -3965000, "interestExpense": -143000, "incomeBeforeTax": 25972000, "incomeTaxExpense": 1389000, "minorityInterest": {}, "netIncomeFromContinuingOps": 24583000, "discontinuedOperations": {}, "extraordinaryItems": {}, "effectOfAccountingCharges": {}, "otherItems": {}, "netIncome": 24583000, "netIncomeApplicableToCommonShares": 24583000}, {"maxAge": 1, "endDate": "2020-03-31", "totalRevenue": 28599809, "costOfRevenue": 28555965, "grossProfit": 43844, "researchDevelopment": {}, "sellingGeneralAdministrative": 6466017, "nonRecurring": {}, "otherOperatingExpenses": -1774354, "totalOperatingExpenses": 34198252, "operatingIncome": -5598443, "totalOtherIncomeExpenseNet": -40578980, "ebit": -5598443, "interestExpense": -143000, "incomeBeforeTax": -46177423, "incomeTaxExpense": -3766031, "minorityInterest": {}, "netIncomeFromContinuingOps": -42411392, "discontinuedOperations": {}, "extraordinaryItems": {}, "effectOfAccountingCharges": {}, "otherItems": {}, "netIncome": -42411392, "netIncomeApplicableToCommonShares": -42411392}, {"maxAge": 1, "endDate": "2019-12-31", "totalRevenue": 25658000, "costOfRevenue": 39264000, "grossProfit": -13606000, "researchDevelopment": {}, "sellingGeneralAdministrative": 517000, "nonRecurring": {}, "otherOperatingExpenses": 4119000, "totalOperatingExpenses": 44823000, "operatingIncome": -19165000, "totalOtherIncomeExpenseNet": 3827000, "ebit": -19165000, "interestExpense": -155000, "incomeBeforeTax": -15338000, "incomeTaxExpense": -1470000, "minorityInterest": {}, "netIncomeFromContinuingOps": -13868000, "discontinuedOperations": {}, "extraordinaryItems": {}, "effectOfAccountingCharges": {}, "otherItems": {}, "netIncome": -13868000, "netIncomeApplicableToCommonShares": -13868000}, {"maxAge": 1, "endDate": "2019-09-30", "totalRevenue": 40564000, "costOfRevenue": 24877000, "grossProfit": 15687000, "researchDevelopment": {}, "sellingGeneralAdministrative": 374000, "nonRecurring": {}, "otherOperatingExpenses": 4790000, "totalOperatingExpenses": 30960000, "operatingIncome": 9604000, "totalOtherIncomeExpenseNet": 8819000, "ebit": 9604000, "interestExpense": -175000, "incomeBeforeTax": 18423000, "incomeTaxExpense": 5576000, "minorityInterest": {}, "netIncomeFromContinuingOps": 12847000, "discontinuedOperations": {}, "extraordinaryItems": {}, "effectOfAccountingCharges": {}, "otherItems": {}, "netIncome": 12847000, "netIncomeApplicableToCommonShares": 12847000}], "maxAge": 86400}, "cashflowStatementHistoryQuarterly": {"cashflowStatements": [{"maxAge": 1, "endDate": "2020-06-30", "netIncome": 24583000, "changeToLiabilities": 0}, {"maxAge": 1, "endDate": "2020-03-31", "netIncome": -42411392, "changeToLiabilities": 0}, {"maxAge": 1, "endDate": "2019-12-31", "netIncome": -13868000, "changeToLiabilities": 0}, {"maxAge": 1, "endDate": "2019-09-30", "netIncome": 12847000, "changeToLiabilities": 0}], "maxAge": 86400}, "insiderHolders": {"holders": [], "maxAge": 1}, "calendarEvents": {"maxAge": 1, "earnings": {"earningsDate": []}}, "upgradeDowngradeHistory": {"history": [], "maxAge": 86400}, "price": {"maxAge": 1, "regularMarketChangePercent": -0.025380708, "regularMarketChange": -0.5, "regularMarketTime": "2021-04-30 15:29:59", "priceHint": 2, "regularMarketPrice": 19.2, "regularMarketDayHigh": 20.5, "regularMarketDayLow": 18.9, "regularMarketVolume": 3389, "averageDailyVolume10Day": 926, "averageDailyVolume3Month": 2623, "regularMarketPreviousClose": 19.7, "regularMarketSource": "FREE_REALTIME", "regularMarketOpen": 20.2, "exchange": "BSE", "exchangeName": "BSE", "exchangeDataDelayedBy": 0, "marketState": "CLOSED", "quoteType": "EQUITY", "symbol": "LAFFANSQ.BO", "underlyingSymbol": null, "shortName": "LAFFANS PETROCHEMICALS LTD.", "longName": "Laffans Petrochemicals Limited", "currency": "INR", "quoteSourceName": "Delayed Quote", "currencySymbol": "\u20b9", "fromCurrency": null, "lastMarket": null, "marketCap": 153600000}, "balanceSheetHistory": {"balanceSheetStatements": [{"maxAge": 1, "endDate": "2020-03-31", "cash": 3206181, "netReceivables": 28557740, "otherCurrentAssets": 13406111, "totalCurrentAssets": 45170032, "longTermInvestments": 427167233, "propertyPlantEquipment": 77777262, "otherAssets": 57105553, "deferredLongTermAssetCharges": 8166498, "totalAssets": 607220080, "accountsPayable": 28424741, "otherCurrentLiab": 483450, "otherLiab": 343706, "totalCurrentLiabilities": 40450901, "totalLiab": 40794607, "commonStock": 80000000, "retainedEarnings": 486425473, "totalStockholderEquity": 566425473, "netTangibleAssets": 566425473}, {"maxAge": 1, "endDate": "2019-03-31", "cash": 2948640, "netReceivables": 2378292, "inventory": 8992782, "otherCurrentAssets": 5416815, "totalCurrentAssets": 19736529, "longTermInvestments": 442235474, "propertyPlantEquipment": 80177409, "otherAssets": 78176248, "deferredLongTermAssetCharges": 4502017, "totalAssets": 620325660, "otherCurrentLiab": 1731663, "otherLiab": 321956, "totalCurrentLiabilities": 13960526, "totalLiab": 14282482, "commonStock": 80000000, "retainedEarnings": 526043178, "treasuryStock": 516830000, "otherStockholderEquity": 516830000, "totalStockholderEquity": 606043178, "netTangibleAssets": 606043178}, {"maxAge": 1, "endDate": "2018-03-31", "cash": 2399394, "netReceivables": 9087372, "otherCurrentAssets": 18696179, "totalCurrentAssets": 30182945, "longTermInvestments": 516323702, "propertyPlantEquipment": 17667653, "otherAssets": 72729480, "deferredLongTermAssetCharges": 2093575, "totalAssets": 636903780, "accountsPayable": 5505332, "otherCurrentLiab": 851935, "otherLiab": 304533, "totalCurrentLiabilities": 22008122, "totalLiab": 22312655, "commonStock": 80000000, "retainedEarnings": 534591125, "totalStockholderEquity": 614591125, "netTangibleAssets": 614591125}, {"maxAge": 1, "endDate": "2017-03-31", "cash": 2545110, "netReceivables": 11365079, "otherCurrentAssets": 202108, "totalCurrentAssets": 14112297, "longTermInvestments": 530620306, "propertyPlantEquipment": 12082689, "otherAssets": 66443609, "totalAssets": 623258901, "accountsPayable": 1218447, "otherLiab": 2691511, "totalCurrentLiabilities": 12740552, "totalLiab": 15432063, "commonStock": 80000000, "retainedEarnings": 527826838, "totalStockholderEquity": 607826838, "netTangibleAssets": 607826838}], "maxAge": 86400}, "financialData": {"maxAge": 86400, "currentPrice": 19.2, "recommendationKey": "none", "grossProfits": 4635844, "financialCurrency": "INR"}}}