{"LAHOTIOV.BO": {"cashflowStatementHistory": {"cashflowStatements": [{"maxAge": 1, "endDate": "2020-03-31", "netIncome": 54028000, "depreciation": 32586000, "changeToNetincome": 3671000, "changeToAccountReceivables": -287464000, "changeToLiabilities": 59583000, "changeToInventory": 37987000, "changeToOperatingActivities": -36806000, "totalCashFromOperatingActivities": -136415000, "capitalExpenditures": -6481000, "investments": 28836000, "otherCashflowsFromInvestingActivities": 22066000, "totalCashflowsFromInvestingActivities": 112142000, "dividendsPaid": -21066000, "netBorrowings": 91761000, "otherCashflowsFromFinancingActivities": -21282000, "totalCashFromFinancingActivities": 49413000, "changeInCash": 25140000}, {"maxAge": 1, "endDate": "2019-03-31", "netIncome": 161386000, "depreciation": 35279000, "changeToNetincome": -12358000, "changeToAccountReceivables": -68283000, "changeToLiabilities": -3860000, "changeToInventory": 59752000, "changeToOperatingActivities": 30540000, "totalCashFromOperatingActivities": 202456000, "capitalExpenditures": -1225000, "investments": 64446000, "otherCashflowsFromInvestingActivities": 22600000, "totalCashflowsFromInvestingActivities": 148883000, "dividendsPaid": -5834000, "netBorrowings": -300607000, "otherCashflowsFromFinancingActivities": -37476000, "totalCashFromFinancingActivities": -343917000, "changeInCash": 7422000}, {"maxAge": 1, "endDate": "2018-03-31", "netIncome": 37600000, "depreciation": 38882000, "changeToNetincome": 13508000, "changeToAccountReceivables": 73371000, "changeToLiabilities": -40802000, "changeToInventory": -74354000, "changeToOperatingActivities": -85899000, "totalCashFromOperatingActivities": -37694000, "capitalExpenditures": -3537000, "investments": 9595000, "otherCashflowsFromInvestingActivities": 4931000, "totalCashflowsFromInvestingActivities": 10989000, "dividendsPaid": -14044000, "netBorrowings": 50370000, "otherCashflowsFromFinancingActivities": -23996000, "totalCashFromFinancingActivities": 12330000, "changeInCash": -14372000}, {"maxAge": 1, "endDate": "2017-03-31", "netIncome": 117695000, "depreciation": 30365000, "changeToNetincome": -23544000, "changeToAccountReceivables": -101240000, "changeToLiabilities": -23648000, "changeToInventory": 39911000, "changeToOperatingActivities": -46259000, "totalCashFromOperatingActivities": -6720000, "capitalExpenditures": -368000, "investments": 42921000, "otherCashflowsFromInvestingActivities": 5884000, "totalCashflowsFromInvestingActivities": 51837000, "dividendsPaid": -14044000, "netBorrowings": 13242000, "otherCashflowsFromFinancingActivities": -31261000, "totalCashFromFinancingActivities": -18019000, "changeInCash": 27100000}], "maxAge": 86400}, "institutionOwnership": {"maxAge": 1, "ownershipList": []}, "balanceSheetHistoryQuarterly": {"balanceSheetStatements": [{"maxAge": 1, "endDate": "2020-06-30", "totalStockholderEquity": 1287534000, "netTangibleAssets": 1283274000}, {"maxAge": 1, "endDate": "2020-03-31", "cash": 87515000, "shortTermInvestments": 1280000, "netReceivables": 975114000, "inventory": 28463000, "otherCurrentAssets": 65647000, "totalCurrentAssets": 1158019000, "longTermInvestments": 111670000, "propertyPlantEquipment": 157990000, "goodWill": 4260000, "otherAssets": 371764000, "deferredLongTermAssetCharges": 2922000, "totalAssets": 1803703000, "accountsPayable": 36504000, "otherCurrentLiab": 97851000, "longTermDebt": 994000, "otherLiab": 20855000, "totalCurrentLiabilities": 494320000, "totalLiab": 516169000, "commonStock": 58459000, "treasuryStock": 1229075000, "otherStockholderEquity": 1229075000, "totalStockholderEquity": 1287534000, "netTangibleAssets": 1283274000}, {"maxAge": 1, "endDate": "2019-12-31", "totalStockholderEquity": 1305589000, "netTangibleAssets": 1305589000}, {"maxAge": 1, "endDate": "2019-09-30", "cash": 77648000, "netReceivables": 676365000, "inventory": 76742000, "otherCurrentAssets": 98657000, "totalCurrentAssets": 929412000, "longTermInvestments": 152072000, "propertyPlantEquipment": 250458000, "otherAssets": 257675000, "totalAssets": 1589617000, "accountsPayable": 31601000, "otherCurrentLiab": 34369000, "otherLiab": 27152000, "totalCurrentLiabilities": 256876000, "totalLiab": 284028000, "commonStock": 58459000, "treasuryStock": 1247130000, "otherStockholderEquity": 1247130000, "totalStockholderEquity": 1305589000, "netTangibleAssets": 1305589000}], "maxAge": 86400}, "indexTrend": {"maxAge": 1, "symbol": "SP5", "peRatio": 19.7411, "pegRatio": 1.34172, "estimates": [{"period": "0q", "growth": 0.549}, {"period": "+1q", "growth": 0.431}, {"period": "0y", "growth": 0.305}, {"period": "+1y", "growth": 0.109}, {"period": "+5y", "growth": 0.120859005}, {"period": "-5y"}]}, "quoteType": {"exchange": "BSE", "quoteType": "EQUITY", "symbol": "LAHOTIOV.BO", "underlyingSymbol": "LAHOTIOV.BO", "shortName": "LAHOTI OVERSEAS LTD.", "longName": "Lahoti Overseas Limited", "firstTradeDateEpochUtc": "2002-07-01 09:15:00", "timeZoneFullName": "Asia/Kolkata", "timeZoneShortName": "IST", "uuid": "c69e1b9e-d324-3dbb-895c-a52c206382f1", "messageBoardId": null, "gmtOffSetMilliseconds": 19800000, "maxAge": 1}, "incomeStatementHistory": {"incomeStatementHistory": [{"maxAge": 1, "endDate": "2020-03-31", "totalRevenue": 3958134000, "costOfRevenue": 3631339000, "grossProfit": 326795000, "researchDevelopment": {}, "sellingGeneralAdministrative": 157789000, "nonRecurring": {}, "otherOperatingExpenses": 67277000, "totalOperatingExpenses": 3888991000, "operatingIncome": 69143000, "totalOtherIncomeExpenseNet": 13056000, "ebit": 69143000, "interestExpense": -31851000, "incomeBeforeTax": 82199000, "incomeTaxExpense": 28171000, "minorityInterest": {}, "netIncomeFromContinuingOps": 54028000, "discontinuedOperations": {}, "extraordinaryItems": {}, "effectOfAccountingCharges": {}, "otherItems": {}, "netIncome": 54028000, "netIncomeApplicableToCommonShares": 54028000}, {"maxAge": 1, "endDate": "2019-03-31", "totalRevenue": 6429071000, "costOfRevenue": 5820657000, "grossProfit": 608414000, "researchDevelopment": {}, "sellingGeneralAdministrative": 27401000, "nonRecurring": {}, "otherOperatingExpenses": 278128000, "totalOperatingExpenses": 6161464000, "operatingIncome": 267607000, "totalOtherIncomeExpenseNet": -52490000, "ebit": 267607000, "interestExpense": -37519000, "incomeBeforeTax": 215117000, "incomeTaxExpense": 53731000, "minorityInterest": {}, "netIncomeFromContinuingOps": 161386000, "discontinuedOperations": {}, "extraordinaryItems": {}, "effectOfAccountingCharges": {}, "otherItems": {}, "netIncome": 161386000, "netIncomeApplicableToCommonShares": 161386000}, {"maxAge": 1, "endDate": "2018-03-31", "totalRevenue": 4594052000, "costOfRevenue": 4258731000, "grossProfit": 335321000, "researchDevelopment": {}, "sellingGeneralAdministrative": 22210000, "nonRecurring": {}, "otherOperatingExpenses": 205741000, "totalOperatingExpenses": 4513185000, "operatingIncome": 80867000, "totalOtherIncomeExpenseNet": -15268000, "ebit": 80867000, "interestExpense": -24068000, "incomeBeforeTax": 65599000, "incomeTaxExpense": 27999000, "minorityInterest": {}, "netIncomeFromContinuingOps": 37600000, "discontinuedOperations": {}, "extraordinaryItems": {}, "effectOfAccountingCharges": {}, "otherItems": {}, "netIncome": 37600000, "netIncomeApplicableToCommonShares": 37600000}, {"maxAge": 1, "endDate": "2017-03-31", "totalRevenue": 5659598000, "costOfRevenue": 5252149000, "grossProfit": 407449000, "researchDevelopment": {}, "sellingGeneralAdministrative": 22814000, "nonRecurring": {}, "otherOperatingExpenses": 216043000, "totalOperatingExpenses": 5521371000, "operatingIncome": 138227000, "totalOtherIncomeExpenseNet": 10664000, "ebit": 138227000, "interestExpense": -31311000, "incomeBeforeTax": 148891000, "incomeTaxExpense": 31196000, "minorityInterest": {}, "netIncomeFromContinuingOps": 117695000, "discontinuedOperations": {}, "extraordinaryItems": {}, "effectOfAccountingCharges": {}, "otherItems": {}, "netIncome": 117695000, "netIncomeApplicableToCommonShares": 117695000}], "maxAge": 86400}, "fundOwnership": {"maxAge": 1, "ownershipList": []}, "summaryDetail": {"maxAge": 1, "priceHint": 2, "previousClose": 13.95, "open": 14.0, "dayLow": 13.15, "dayHigh": 14.29, "regularMarketPreviousClose": 13.95, "regularMarketOpen": 14.0, "regularMarketDayLow": 13.15, "regularMarketDayHigh": 14.29, "trailingPE": 6.0522695, "volume": 14700, "regularMarketVolume": 14700, "averageVolume": 21921, "averageVolume10days": 20471, "averageDailyVolume10Day": 20471, "bid": 0.0, "ask": 13.2, "bidSize": 0, "askSize": 0, "marketCap": 385063808, "fiftyTwoWeekLow": 6.77, "fiftyTwoWeekHigh": 20.45, "fiftyDayAverage": 16.29857, "twoHundredDayAverage": 12.481314, "trailingAnnualDividendRate": 0.3, "trailingAnnualDividendYield": 0.021505378, "currency": "INR", "fromCurrency": null, "toCurrency": null, "lastMarket": null, "algorithm": null, "tradeable": false}, "incomeStatementHistoryQuarterly": {"incomeStatementHistory": [{"maxAge": 1, "endDate": "2020-06-30", "totalRevenue": 662596000, "costOfRevenue": 566849000, "grossProfit": 95747000, "researchDevelopment": {}, "sellingGeneralAdministrative": 31345000, "nonRecurring": {}, "otherOperatingExpenses": 18415000, "totalOperatingExpenses": 624031000, "operatingIncome": 38565000, "totalOtherIncomeExpenseNet": 4154000, "ebit": 38565000, "interestExpense": -5323000, "incomeBeforeTax": 42719000, "incomeTaxExpense": 8207000, "minorityInterest": {}, "netIncomeFromContinuingOps": 34512000, "discontinuedOperations": {}, "extraordinaryItems": {}, "effectOfAccountingCharges": {}, "otherItems": {}, "netIncome": 34512000, "netIncomeApplicableToCommonShares": 34512000}, {"maxAge": 1, "endDate": "2020-03-31", "totalRevenue": 967114000, "costOfRevenue": 897669000, "grossProfit": 69445000, "researchDevelopment": {}, "sellingGeneralAdministrative": 38788000, "nonRecurring": {}, "otherOperatingExpenses": 24591000, "totalOperatingExpenses": 969193000, "operatingIncome": -2079000, "totalOtherIncomeExpenseNet": 5421000, "ebit": -2079000, "interestExpense": -6287000, "incomeBeforeTax": 3342000, "incomeTaxExpense": 6616000, "minorityInterest": {}, "netIncomeFromContinuingOps": -3274000, "discontinuedOperations": {}, "extraordinaryItems": {}, "effectOfAccountingCharges": {}, "otherItems": {}, "netIncome": -3274000, "netIncomeApplicableToCommonShares": -3274000}, {"maxAge": 1, "endDate": "2019-12-31", "totalRevenue": 1176044000, "costOfRevenue": 1083602000, "grossProfit": 92442000, "researchDevelopment": {}, "sellingGeneralAdministrative": 47659000, "nonRecurring": {}, "otherOperatingExpenses": 20498000, "totalOperatingExpenses": 1159918000, "operatingIncome": 16126000, "totalOtherIncomeExpenseNet": 1334000, "ebit": 16126000, "interestExpense": -8437000, "incomeBeforeTax": 17460000, "incomeTaxExpense": 4665000, "minorityInterest": {}, "netIncomeFromContinuingOps": 12795000, "discontinuedOperations": {}, "extraordinaryItems": {}, "effectOfAccountingCharges": {}, "otherItems": {}, "netIncome": 12795000, "netIncomeApplicableToCommonShares": 12795000}, {"maxAge": 1, "endDate": "2019-09-30", "totalRevenue": 771101000, "costOfRevenue": 694209000, "grossProfit": 76892000, "researchDevelopment": {}, "sellingGeneralAdministrative": 34211000, "nonRecurring": {}, "otherOperatingExpenses": 11183000, "totalOperatingExpenses": 748038000, "operatingIncome": 23063000, "totalOtherIncomeExpenseNet": 5852000, "ebit": 23063000, "interestExpense": -7380000, "incomeBeforeTax": 28915000, "incomeTaxExpense": 9214000, "minorityInterest": {}, "netIncomeFromContinuingOps": 19701000, "discontinuedOperations": {}, "extraordinaryItems": {}, "effectOfAccountingCharges": {}, "otherItems": {}, "netIncome": 19701000, "netIncomeApplicableToCommonShares": 19701000}], "maxAge": 86400}, "cashflowStatementHistoryQuarterly": {"cashflowStatements": [{"maxAge": 1, "endDate": "2020-06-30", "netIncome": 34512000, "changeToLiabilities": 0}, {"maxAge": 1, "endDate": "2020-03-31", "netIncome": -3274000, "changeToLiabilities": 0}, {"maxAge": 1, "endDate": "2019-12-31", "netIncome": 12795000, "changeToLiabilities": 0}, {"maxAge": 1, "endDate": "2019-09-30", "netIncome": 19701000, "changeToLiabilities": 0}], "maxAge": 86400}, "insiderHolders": {"holders": [], "maxAge": 1}, "calendarEvents": {"maxAge": 1, "earnings": {"earningsDate": []}}, "price": {"maxAge": 1, "regularMarketChangePercent": -0.05376344, "regularMarketChange": -0.75, "regularMarketTime": "2021-04-30 15:40:15", "priceHint": 2, "regularMarketPrice": 13.2, "regularMarketDayHigh": 14.29, "regularMarketDayLow": 13.15, "regularMarketVolume": 14700, "averageDailyVolume10Day": 20471, "averageDailyVolume3Month": 21921, "regularMarketPreviousClose": 13.95, "regularMarketSource": "FREE_REALTIME", "regularMarketOpen": 14.0, "exchange": "BSE", "exchangeName": "BSE", "exchangeDataDelayedBy": 0, "marketState": "CLOSED", "quoteType": "EQUITY", "symbol": "LAHOTIOV.BO", "underlyingSymbol": null, "shortName": "LAHOTI OVERSEAS LTD.", "longName": "Lahoti Overseas Limited", "currency": "INR", "quoteSourceName": "Delayed Quote", "currencySymbol": "\u20b9", "fromCurrency": null, "toCurrency": null, "lastMarket": null, "marketCap": 385063808}, "balanceSheetHistory": {"balanceSheetStatements": [{"maxAge": 1, "endDate": "2020-03-31", "cash": 87515000, "shortTermInvestments": 1280000, "netReceivables": 975114000, "inventory": 28463000, "otherCurrentAssets": 65647000, "totalCurrentAssets": 1158019000, "longTermInvestments": 111670000, "propertyPlantEquipment": 157990000, "goodWill": 4260000, "otherAssets": 371764000, "deferredLongTermAssetCharges": 2922000, "totalAssets": 1803703000, "accountsPayable": 36504000, "otherCurrentLiab": 97851000, "longTermDebt": 994000, "otherLiab": 20855000, "totalCurrentLiabilities": 494320000, "totalLiab": 516169000, "commonStock": 58459000, "treasuryStock": 1229075000, "otherStockholderEquity": 1229075000, "totalStockholderEquity": 1287534000, "netTangibleAssets": 1283274000}, {"maxAge": 1, "endDate": "2019-03-31", "cash": 62375000, "shortTermInvestments": 610000, "netReceivables": 746229000, "inventory": 66450000, "otherCurrentAssets": 83782000, "totalCurrentAssets": 959446000, "longTermInvestments": 149630000, "propertyPlantEquipment": 173003000, "otherAssets": 468291000, "deferredLongTermAssetCharges": 26000, "totalAssets": 1750370000, "accountsPayable": 1438000, "otherCurrentLiab": 59697000, "longTermDebt": 174000, "otherLiab": 28223000, "totalCurrentLiabilities": 448786000, "totalLiab": 477183000, "commonStock": 58343000, "retainedEarnings": 1123276000, "treasuryStock": 115000, "capitalSurplus": 91453000, "otherStockholderEquity": 115000, "totalStockholderEquity": 1273187000, "netTangibleAssets": 1273187000}, {"maxAge": 1, "endDate": "2018-03-31", "cash": 69131000, "shortTermInvestments": 559000, "netReceivables": 678128000, "inventory": 126202000, "otherCurrentAssets": 114578000, "totalCurrentAssets": 988598000, "longTermInvestments": 159745000, "propertyPlantEquipment": 196245000, "intangibleAssets": 4260000, "otherAssets": 512225000, "totalAssets": 1856813000, "accountsPayable": 4574000, "otherCurrentLiab": 28628000, "longTermDebt": 650059000, "otherLiab": 28892000, "totalCurrentLiabilities": 711429000, "totalLiab": 740321000, "commonStock": 58343000, "retainedEarnings": 966581000, "treasuryStock": 115000, "capitalSurplus": 91453000, "otherStockholderEquity": 115000, "totalStockholderEquity": 1116492000, "netTangibleAssets": 1116492000}, {"maxAge": 1, "endDate": "2017-03-31", "cash": 83503000, "shortTermInvestments": 2150000, "netReceivables": 760928000, "inventory": 51848000, "otherCurrentAssets": 53444000, "totalCurrentAssets": 957638000, "longTermInvestments": 158516000, "propertyPlantEquipment": 219206000, "intangibleAssets": 4260000, "otherAssets": 457606000, "deferredLongTermAssetCharges": 18142000, "totalAssets": 1797226000, "accountsPayable": 405000, "otherCurrentLiab": 56376000, "longTermDebt": 599463000, "otherLiab": 4439000, "deferredLongTermLiab": 97000, "totalCurrentLiabilities": 82362000, "totalLiab": 686264000, "commonStock": 58343000, "retainedEarnings": 961051000, "treasuryStock": 115000, "capitalSurplus": 91453000, "otherStockholderEquity": 115000, "totalStockholderEquity": 1110962000, "netTangibleAssets": 1106702000}], "maxAge": 86400}, "financialData": {"maxAge": 86400, "currentPrice": 13.2, "recommendationKey": "none", "grossProfits": 326795000, "financialCurrency": "INR"}}}