{"LAKSHMIMIL.BO": {"cashflowStatementHistory": {"cashflowStatements": [{"maxAge": 1, "endDate": "2020-03-31", "netIncome": -15192000, "depreciation": 82573000, "changeToNetincome": 169040000, "changeToAccountReceivables": 74213000, "changeToLiabilities": -27480000, "changeToInventory": -11086000, "changeToOperatingActivities": 13392000, "totalCashFromOperatingActivities": 285579000, "capitalExpenditures": -215379000, "otherCashflowsFromInvestingActivities": 12084000, "totalCashflowsFromInvestingActivities": -203295000, "dividendsPaid": -3495000, "netBorrowings": 8061000, "otherCashflowsFromFinancingActivities": -100718000, "totalCashFromFinancingActivities": -96152000, "changeInCash": -13869000}, {"maxAge": 1, "endDate": "2019-03-31", "netIncome": -79312000, "depreciation": 113796000, "changeToNetincome": 107103000, "changeToAccountReceivables": 14549000, "changeToLiabilities": -117230000, "changeToInventory": -11558000, "changeToOperatingActivities": 1590000, "totalCashFromOperatingActivities": 29130000, "capitalExpenditures": -43931000, "otherCashflowsFromInvestingActivities": 39803000, "totalCashflowsFromInvestingActivities": -2628000, "dividendsPaid": -7424000, "netBorrowings": 87766000, "otherCashflowsFromFinancingActivities": -101319000, "totalCashFromFinancingActivities": -20977000, "changeInCash": 5525000}, {"maxAge": 1, "endDate": "2018-03-31", "netIncome": 14229000, "depreciation": 90399000, "changeToNetincome": 60124000, "changeToAccountReceivables": -129248000, "changeToLiabilities": 52175000, "changeToInventory": 50755000, "changeToOperatingActivities": -13196000, "totalCashFromOperatingActivities": 125594000, "capitalExpenditures": -168230000, "otherCashflowsFromInvestingActivities": 15358000, "totalCashflowsFromInvestingActivities": -151038000, "dividendsPaid": -6250000, "netBorrowings": 128733000, "otherCashflowsFromFinancingActivities": -86756000, "totalCashFromFinancingActivities": 35727000, "changeInCash": 10273000}, {"maxAge": 1, "endDate": "2017-03-31", "netIncome": 10657000, "depreciation": 69226000, "changeToNetincome": 66727000, "changeToAccountReceivables": -18688000, "changeToLiabilities": 19832000, "changeToInventory": -2621000, "changeToOperatingActivities": 19629000, "totalCashFromOperatingActivities": 164969000, "capitalExpenditures": -101869000, "otherCashflowsFromInvestingActivities": 9008000, "totalCashflowsFromInvestingActivities": -91045000, "dividendsPaid": -7433000, "netBorrowings": 15414000, "otherCashflowsFromFinancingActivities": -82488000, "totalCashFromFinancingActivities": -74507000, "changeInCash": -583000}], "maxAge": 86400}, "institutionOwnership": {"maxAge": 1, "ownershipList": []}, "balanceSheetHistoryQuarterly": {"balanceSheetStatements": [{"maxAge": 1, "endDate": "2020-06-30", "totalStockholderEquity": 2430549000, "netTangibleAssets": 2430153000}, {"maxAge": 1, "endDate": "2020-03-31", "cash": 5299000, "netReceivables": 282853000, "inventory": 337955000, "otherCurrentAssets": 25671000, "totalCurrentAssets": 652533000, "longTermInvestments": 1216982000, "propertyPlantEquipment": 1445587000, "intangibleAssets": 396000, "otherAssets": 327432000, "deferredLongTermAssetCharges": 156351000, "totalAssets": 3642930000, "accountsPayable": 147027000, "shortLongTermDebt": 73324000, "otherCurrentLiab": 83060000, "longTermDebt": 172143000, "otherLiab": 70811000, "totalCurrentLiabilities": 969427000, "totalLiab": 1212381000, "commonStock": 69555000, "retainedEarnings": 1152563000, "treasuryStock": 1198242000, "capitalSurplus": 10189000, "otherStockholderEquity": 1198242000, "totalStockholderEquity": 2430549000, "netTangibleAssets": 2430153000}, {"maxAge": 1, "endDate": "2019-12-31", "totalStockholderEquity": 3183067000, "netTangibleAssets": 3182578000}, {"maxAge": 1, "endDate": "2019-09-30", "cash": 15802000, "shortTermInvestments": 3432000, "netReceivables": 289629000, "inventory": 384093000, "otherCurrentAssets": 24650000, "totalCurrentAssets": 714174000, "longTermInvestments": 1948473000, "propertyPlantEquipment": 1521377000, "intangibleAssets": 489000, "otherAssets": 191896000, "deferredLongTermAssetCharges": 167788000, "totalAssets": 4376409000, "accountsPayable": 281525000, "otherCurrentLiab": 237873000, "longTermDebt": 157040000, "otherLiab": 68252000, "totalCurrentLiabilities": 968050000, "totalLiab": 1193342000, "commonStock": 69555000, "treasuryStock": 3113512000, "otherStockholderEquity": 3113512000, "totalStockholderEquity": 3183067000, "netTangibleAssets": 3182578000}], "maxAge": 86400}, "indexTrend": {"maxAge": 1, "symbol": "SP5", "peRatio": 19.7411, "pegRatio": 1.34172, "estimates": [{"period": "0q", "growth": 0.549}, {"period": "+1q", "growth": 0.431}, {"period": "0y", "growth": 0.305}, {"period": "+1y", "growth": 0.109}, {"period": "+5y", "growth": 0.120859005}, {"period": "-5y"}]}, "insiderTransactions": {"transactions": [{"maxAge": 1, "shares": 989, "filerUrl": "", "transactionText": "", "filerName": "Pathy (Aditya Krishna)", "filerRelation": "Wholetime Director", "moneyText": "", "startDate": "2020-03-31", "ownership": "D"}, {"maxAge": 1, "shares": 246, "filerUrl": "", "transactionText": "", "filerName": "Pathy (Aditya Krishna)", "filerRelation": "Wholetime Director", "moneyText": "", "startDate": "2020-03-17", "ownership": "D"}, {"maxAge": 1, "shares": 394, "filerUrl": "", "transactionText": "", "filerName": "Pathy (Aditya Krishna)", "filerRelation": "Wholetime Director", "moneyText": "", "startDate": "2020-03-09", "ownership": "D"}, {"maxAge": 1, "shares": 689, "filerUrl": "", "transactionText": "", "filerName": "Pathy (Aditya Krishna)", "filerRelation": "Wholetime Director", "moneyText": "", "startDate": "2020-02-28", "ownership": "D"}, {"maxAge": 1, "shares": 110, "filerUrl": "", "transactionText": "", "filerName": "Pathy (Aditya Krishna)", "filerRelation": "Wholetime Director", "moneyText": "", "startDate": "2019-12-31", "ownership": "D"}, {"maxAge": 1, "shares": 74, "filerUrl": "", "transactionText": "", "filerName": "Pathy (Aditya Krishna)", "filerRelation": "Wholetime Director", "moneyText": "", "startDate": "2019-12-30", "ownership": "D"}, {"maxAge": 1, "shares": 665, "filerUrl": "", "transactionText": "", "filerName": "Pathy (Aditya Krishna)", "filerRelation": "Wholetime Director", "moneyText": "", "startDate": "2019-12-24", "ownership": "D"}, {"maxAge": 1, "shares": 21, "filerUrl": "", "transactionText": "", "filerName": "Pathy (Aditya Krishna)", "filerRelation": "Wholetime Director", "moneyText": "", "startDate": "2019-12-19", "ownership": "D"}, {"maxAge": 1, "shares": 199, "filerUrl": "", "transactionText": "", "filerName": "Pathy (Aditya Krishna)", "filerRelation": "Wholetime Director", "moneyText": "", "startDate": "2019-12-17", "ownership": "D"}, {"maxAge": 1, "shares": 342, "filerUrl": "", "transactionText": "", "filerName": "Pathy (Aditya Krishna)", "filerRelation": "Wholetime Director", "moneyText": "", "startDate": "2019-12-11", "ownership": "D"}, {"maxAge": 1, "shares": 124, "filerUrl": "", "transactionText": "", "filerName": "Pathy (Aditya Krishna)", "filerRelation": "Wholetime Director", "moneyText": "", "startDate": "2019-12-04", "ownership": "D"}, {"maxAge": 1, "shares": 126, "filerUrl": "", "transactionText": "", "filerName": "Pathy (Aditya Krishna)", "filerRelation": "Wholetime Director", "moneyText": "", "startDate": "2019-11-29", "ownership": "D"}, {"maxAge": 1, "shares": 13, "filerUrl": "", "transactionText": "", "filerName": "Pathy (Aditya Krishna)", "filerRelation": "Wholetime Director", "moneyText": "", "startDate": "2019-11-28", "ownership": "D"}, {"maxAge": 1, "shares": 1728, "filerUrl": "", "transactionText": "", "filerName": "Pathy (Aditya Krishna)", "filerRelation": "Wholetime Director", "moneyText": "", "startDate": "2019-11-26", "ownership": "D"}, {"maxAge": 1, "shares": 576, "filerUrl": "", "transactionText": "", "filerName": "Pathy (Aditya Krishna)", "filerRelation": "Wholetime Director", "moneyText": "", "startDate": "2019-11-21", "ownership": "D"}, {"maxAge": 1, "shares": 235, "filerUrl": "", "transactionText": "", "filerName": "Pathy (Aditya Krishna)", "filerRelation": "Wholetime Director", "moneyText": "", "startDate": "2019-11-18", "ownership": "D"}, {"maxAge": 1, "shares": 1551, "filerUrl": "", "transactionText": "", "filerName": "Pathy (Aditya Krishna)", "filerRelation": "Wholetime Director", "moneyText": "", "startDate": "2019-11-15", "ownership": "D"}, {"maxAge": 1, "shares": 624, "filerUrl": "", "transactionText": "", "filerName": "Pathy (Aditya Krishna)", "filerRelation": "Wholetime Director", "moneyText": "", "startDate": "2019-11-13", "ownership": "D"}, {"maxAge": 1, "shares": 235, "filerUrl": "", "transactionText": "", "filerName": "Pathy (Aditya Krishna)", "filerRelation": "Wholetime Director", "moneyText": "", "startDate": "2019-09-30", "ownership": "D"}, {"maxAge": 1, "shares": 718, "filerUrl": "", "transactionText": "", "filerName": "Pathy (Aditya Krishna)", "filerRelation": "Wholetime Director", "moneyText": "", "startDate": "2019-09-26", "ownership": "D"}, {"maxAge": 1, "shares": 19, "filerUrl": "", "transactionText": "", "filerName": "Pathy (Aditya Krishna)", "filerRelation": "Wholetime Director", "moneyText": "", "startDate": "2019-09-23", "ownership": "D"}, {"maxAge": 1, "shares": 45, "filerUrl": "", "transactionText": "", "filerName": "Pathy (Aditya Krishna)", "filerRelation": "Wholetime Director", "moneyText": "", "startDate": "2019-09-20", "ownership": "D"}, {"maxAge": 1, "shares": 165, "filerUrl": "", "transactionText": "", "filerName": "Pathy (Aditya Krishna)", "filerRelation": "Wholetime Director", "moneyText": "", "startDate": "2019-09-18", "ownership": "D"}, {"maxAge": 1, "shares": 38, "filerUrl": "", "transactionText": "", "filerName": "Pathy (Aditya Krishna)", "filerRelation": "Director", "moneyText": "", "startDate": "2019-09-13", "ownership": "D"}, {"maxAge": 1, "shares": 554, "filerUrl": "", "transactionText": "", "filerName": "Pathy (Aditya Krishna)", "filerRelation": "Wholetime Director", "moneyText": "", "startDate": "2019-09-06", "ownership": "D"}, {"maxAge": 1, "shares": 778, "filerUrl": "", "transactionText": "", "filerName": "Pathy (Aditya Krishna)", "filerRelation": "Wholetime Director", "moneyText": "", "startDate": "2019-06-19", "ownership": "D"}, {"maxAge": 1, "shares": 90, "filerUrl": "", "transactionText": "", "filerName": "Thayarammal (D)", "filerRelation": "Promoter", "moneyText": "", "startDate": "2019-03-07", "ownership": "D"}, {"maxAge": 1, "shares": 90, "filerUrl": "", "transactionText": "", "filerName": "Jayavarthanavelu (Shivali)", "filerRelation": "Promoter", "moneyText": "", "startDate": "2019-03-07", "ownership": "D"}, {"maxAge": 1, "shares": 1481, "filerUrl": "", "transactionText": "", "filerName": "Pathy (Aditya Krishna)", "filerRelation": "Wholetime Director", "moneyText": "", "startDate": "2018-12-19", "ownership": "D"}], "maxAge": 1}, "quoteType": {"exchange": "BSE", "quoteType": "EQUITY", "symbol": "LAKSHMIMIL.BO", "underlyingSymbol": "LAKSHMIMIL.BO", "shortName": "LAKSHMI MILLS COMPANY LTD.", "longName": "The Lakshmi Mills Company Limited", "firstTradeDateEpochUtc": "2002-01-07 09:15:00", "timeZoneFullName": "Asia/Kolkata", "timeZoneShortName": "IST", "uuid": "fdcee276-afe4-3855-b858-e2ba2c3474ca", "messageBoardId": null, "gmtOffSetMilliseconds": 19800000, "maxAge": 1}, "incomeStatementHistory": {"incomeStatementHistory": [{"maxAge": 1, "endDate": "2020-03-31", "totalRevenue": 2184505000, "costOfRevenue": 1550057000, "grossProfit": 634448000, "researchDevelopment": {}, "sellingGeneralAdministrative": 369457000, "nonRecurring": {}, "otherOperatingExpenses": 198522000, "totalOperatingExpenses": 2200728000, "operatingIncome": -16223000, "totalOtherIncomeExpenseNet": 20483000, "ebit": -16223000, "interestExpense": -101644000, "incomeBeforeTax": 4260000, "incomeTaxExpense": 19452000, "minorityInterest": {}, "netIncomeFromContinuingOps": -15192000, "discontinuedOperations": {}, "extraordinaryItems": {}, "effectOfAccountingCharges": {}, "otherItems": {}, "netIncome": -15192000, "netIncomeApplicableToCommonShares": -15192000}, {"maxAge": 1, "endDate": "2019-03-31", "totalRevenue": 2477032000, "costOfRevenue": 1750090000, "grossProfit": 726942000, "researchDevelopment": {}, "sellingGeneralAdministrative": 361516000, "nonRecurring": {}, "otherOperatingExpenses": 227941000, "totalOperatingExpenses": 2453535000, "operatingIncome": 23497000, "totalOtherIncomeExpenseNet": -64987000, "ebit": 23497000, "interestExpense": -100296000, "incomeBeforeTax": -41490000, "incomeTaxExpense": 37822000, "minorityInterest": {}, "netIncomeFromContinuingOps": -79312000, "discontinuedOperations": {}, "extraordinaryItems": {}, "effectOfAccountingCharges": {}, "otherItems": {}, "netIncome": -79312000, "netIncomeApplicableToCommonShares": -79312000}, {"maxAge": 1, "endDate": "2018-03-31", "totalRevenue": 2393633000, "costOfRevenue": 1675316000, "grossProfit": 718317000, "researchDevelopment": {}, "sellingGeneralAdministrative": 346210000, "nonRecurring": {}, "otherOperatingExpenses": 186646000, "totalOperatingExpenses": 2298927000, "operatingIncome": 94706000, "totalOtherIncomeExpenseNet": -67406000, "ebit": 94706000, "interestExpense": -86505000, "incomeBeforeTax": 27300000, "incomeTaxExpense": 13071000, "minorityInterest": {}, "netIncomeFromContinuingOps": 14229000, "discontinuedOperations": {}, "extraordinaryItems": {}, "effectOfAccountingCharges": {}, "otherItems": {}, "netIncome": 14229000, "netIncomeApplicableToCommonShares": 14229000}, {"maxAge": 1, "endDate": "2017-03-31", "totalRevenue": 2272273000, "costOfRevenue": 1611668000, "grossProfit": 660605000, "researchDevelopment": {}, "sellingGeneralAdministrative": 342889000, "nonRecurring": {}, "otherOperatingExpenses": 173240000, "totalOperatingExpenses": 2197230000, "operatingIncome": 75043000, "totalOtherIncomeExpenseNet": -30747000, "ebit": 75043000, "interestExpense": -82920000, "incomeBeforeTax": 44296000, "incomeTaxExpense": 33639000, "minorityInterest": {}, "netIncomeFromContinuingOps": 10657000, "discontinuedOperations": {}, "extraordinaryItems": {}, "effectOfAccountingCharges": {}, "otherItems": {}, "netIncome": 10657000, "netIncomeApplicableToCommonShares": 10657000}], "maxAge": 86400}, "fundOwnership": {"maxAge": 1, "ownershipList": []}, "summaryDetail": {"maxAge": 1, "priceHint": 2, "previousClose": 2348.0, "open": 2240.05, "dayLow": 2235.0, "dayHigh": 2388.0, "regularMarketPreviousClose": 2348.0, "regularMarketOpen": 2240.05, "regularMarketDayLow": 2235.0, "regularMarketDayHigh": 2388.0, "volume": 175, "regularMarketVolume": 175, "averageVolume": 213, "averageVolume10days": 309, "averageDailyVolume10Day": 309, "bid": 2280.0, "ask": 2380.0, "bidSize": 0, "askSize": 0, "marketCap": 1584671616, "fiftyTwoWeekLow": 1100.0, "fiftyTwoWeekHigh": 2388.0, "fiftyDayAverage": 1863.9028, "twoHundredDayAverage": 1682.139, "trailingAnnualDividendRate": 5.0, "trailingAnnualDividendYield": 0.0021294719, "currency": "INR", "fromCurrency": null, "toCurrency": null, "lastMarket": null, "algorithm": null, "tradeable": false}, "incomeStatementHistoryQuarterly": {"incomeStatementHistory": [{"maxAge": 1, "endDate": "2020-06-30", "totalRevenue": 81050000, "costOfRevenue": 41727000, "grossProfit": 39323000, "researchDevelopment": {}, "sellingGeneralAdministrative": 49869000, "nonRecurring": {}, "otherOperatingExpenses": 15141000, "totalOperatingExpenses": 118168000, "operatingIncome": -37118000, "totalOtherIncomeExpenseNet": -15733000, "ebit": -37118000, "interestExpense": -26248000, "incomeBeforeTax": -52851000, "incomeTaxExpense": -12129000, "minorityInterest": {}, "netIncomeFromContinuingOps": -40722000, "discontinuedOperations": {}, "extraordinaryItems": {}, "effectOfAccountingCharges": {}, "otherItems": {}, "netIncome": -40722000, "netIncomeApplicableToCommonShares": -40722000}, {"maxAge": 1, "endDate": "2020-03-31", "totalRevenue": 509341000, "costOfRevenue": 356406000, "grossProfit": 152935000, "researchDevelopment": {}, "sellingGeneralAdministrative": 93311000, "nonRecurring": {}, "otherOperatingExpenses": 20565000, "totalOperatingExpenses": 492870000, "operatingIncome": 16471000, "totalOtherIncomeExpenseNet": -22566000, "ebit": 16471000, "interestExpense": -27580000, "incomeBeforeTax": -6095000, "incomeTaxExpense": -1733000, "minorityInterest": {}, "netIncomeFromContinuingOps": -4362000, "discontinuedOperations": {}, "extraordinaryItems": {}, "effectOfAccountingCharges": {}, "otherItems": {}, "netIncome": -4362000, "netIncomeApplicableToCommonShares": -4362000}, {"maxAge": 1, "endDate": "2019-12-31", "totalRevenue": 573981000, "costOfRevenue": 413974000, "grossProfit": 160007000, "researchDevelopment": {}, "sellingGeneralAdministrative": 87576000, "nonRecurring": {}, "otherOperatingExpenses": 59648000, "totalOperatingExpenses": 581384000, "operatingIncome": -7403000, "totalOtherIncomeExpenseNet": -21594000, "ebit": -7403000, "interestExpense": -23275000, "incomeBeforeTax": -28997000, "incomeTaxExpense": 1843000, "minorityInterest": {}, "netIncomeFromContinuingOps": -30840000, "discontinuedOperations": {}, "extraordinaryItems": {}, "effectOfAccountingCharges": {}, "otherItems": {}, "netIncome": -30840000, "netIncomeApplicableToCommonShares": -30840000}, {"maxAge": 1, "endDate": "2019-09-30", "totalRevenue": 564247000, "costOfRevenue": 410624000, "grossProfit": 153623000, "researchDevelopment": {}, "sellingGeneralAdministrative": 95485000, "nonRecurring": {}, "otherOperatingExpenses": 59261000, "totalOperatingExpenses": 585401000, "operatingIncome": -21154000, "totalOtherIncomeExpenseNet": 527000, "ebit": -21154000, "interestExpense": -25257000, "incomeBeforeTax": -20627000, "incomeTaxExpense": 7254000, "minorityInterest": {}, "netIncomeFromContinuingOps": -27881000, "discontinuedOperations": {}, "extraordinaryItems": {}, "effectOfAccountingCharges": {}, "otherItems": {}, "netIncome": -27881000, "netIncomeApplicableToCommonShares": -27881000}], "maxAge": 86400}, "cashflowStatementHistoryQuarterly": {"cashflowStatements": [{"maxAge": 1, "endDate": "2020-06-30", "netIncome": -40722000, "changeToLiabilities": 0}, {"maxAge": 1, "endDate": "2020-03-31", "netIncome": -4362000, "changeToLiabilities": 0}, {"maxAge": 1, "endDate": "2019-12-31", "netIncome": -30840000, "changeToLiabilities": 0}, {"maxAge": 1, "endDate": "2019-09-30", "netIncome": -27881000, "changeToLiabilities": 0}], "maxAge": 86400}, "insiderHolders": {"holders": [{"maxAge": 1, "name": "Jayavarthanavelu (Shivali)", "relation": "Promoter", "url": "", "transactionDescription": "Gift", "latestTransDate": "2019-03-07", "positionDirect": 90, "positionDirectDate": "2019-03-07"}, {"maxAge": 1, "name": "Pathy (Aditya Krishna)", "relation": "Wholetime Director", "url": "", "transactionDescription": "Acquisition", "latestTransDate": "2020-03-31", "positionDirect": 78568, "positionDirectDate": "2020-03-31"}, {"maxAge": 1, "name": "Thayarammal (D)", "relation": "Promoter", "url": "", "transactionDescription": "Gift", "latestTransDate": "2019-03-07", "positionDirect": 0, "positionDirectDate": "2019-03-07"}], "maxAge": 1}, "calendarEvents": {"maxAge": 1, "earnings": {"earningsDate": []}}, "price": {"maxAge": 1, "regularMarketChangePercent": -0.029684817, "regularMarketChange": -69.69995, "regularMarketTime": "2021-04-30 15:11:46", "priceHint": 2, "regularMarketPrice": 2278.3, "regularMarketDayHigh": 2388.0, "regularMarketDayLow": 2235.0, "regularMarketVolume": 175, "averageDailyVolume10Day": 309, "averageDailyVolume3Month": 213, "regularMarketPreviousClose": 2348.0, "regularMarketSource": "FREE_REALTIME", "regularMarketOpen": 2240.05, "exchange": "BSE", "exchangeName": "BSE", "exchangeDataDelayedBy": 0, "marketState": "CLOSED", "quoteType": "EQUITY", "symbol": "LAKSHMIMIL.BO", "underlyingSymbol": null, "shortName": "LAKSHMI MILLS COMPANY LTD.", "longName": "The Lakshmi Mills Company Limited", "currency": "INR", "quoteSourceName": "Delayed Quote", "currencySymbol": "\u20b9", "fromCurrency": null, "toCurrency": null, "lastMarket": null, "marketCap": 1584671616}, "balanceSheetHistory": {"balanceSheetStatements": [{"maxAge": 1, "endDate": "2020-03-31", "cash": 5299000, "netReceivables": 282853000, "inventory": 337955000, "otherCurrentAssets": 25671000, "totalCurrentAssets": 652533000, "longTermInvestments": 1216982000, "propertyPlantEquipment": 1445587000, "intangibleAssets": 396000, "otherAssets": 327432000, "deferredLongTermAssetCharges": 156351000, "totalAssets": 3642930000, "accountsPayable": 147027000, "shortLongTermDebt": 73324000, "otherCurrentLiab": 83060000, "longTermDebt": 172143000, "otherLiab": 70811000, "totalCurrentLiabilities": 969427000, "totalLiab": 1212381000, "commonStock": 69555000, "retainedEarnings": 1152563000, "treasuryStock": 1198242000, "capitalSurplus": 10189000, "otherStockholderEquity": 1198242000, "totalStockholderEquity": 2430549000, "netTangibleAssets": 2430153000}, {"maxAge": 1, "endDate": "2019-03-31", "cash": 19168000, "netReceivables": 343550000, "inventory": 326869000, "otherCurrentAssets": 13867000, "totalCurrentAssets": 708978000, "longTermInvestments": 3197080000, "propertyPlantEquipment": 1527620000, "intangibleAssets": 515000, "otherAssets": 225052000, "deferredLongTermAssetCharges": 183206000, "totalAssets": 5659245000, "accountsPayable": 174507000, "shortLongTermDebt": 64142000, "otherCurrentLiab": 97815000, "longTermDebt": 169987000, "otherLiab": 54762000, "totalCurrentLiabilities": 998728000, "totalLiab": 1223477000, "commonStock": 69555000, "retainedEarnings": 1170714000, "treasuryStock": 3185310000, "capitalSurplus": 10189000, "otherStockholderEquity": 3185310000, "totalStockholderEquity": 4435768000, "netTangibleAssets": 4435253000}, {"maxAge": 1, "endDate": "2018-03-31", "cash": 13643000, "netReceivables": 352932000, "inventory": 315311000, "otherCurrentAssets": 32084000, "totalCurrentAssets": 715621000, "longTermInvestments": 3627762000, "propertyPlantEquipment": 1597426000, "intangibleAssets": 707000, "otherAssets": 216820000, "deferredLongTermAssetCharges": 171163000, "totalAssets": 6158336000, "accountsPayable": 291737000, "shortLongTermDebt": 85182000, "otherCurrentLiab": 95341000, "longTermDebt": 246792000, "otherLiab": 61867000, "totalCurrentLiabilities": 936411000, "totalLiab": 1245070000, "commonStock": 69555000, "retainedEarnings": 1287269000, "treasuryStock": 3546253000, "capitalSurplus": 10189000, "otherStockholderEquity": 3546253000, "totalStockholderEquity": 4913266000, "netTangibleAssets": 4912559000}, {"maxAge": 1, "endDate": "2017-03-31", "cash": 3370000, "shortTermInvestments": 5000, "netReceivables": 215274000, "inventory": 366066000, "otherCurrentAssets": 28931000, "totalCurrentAssets": 616658000, "longTermInvestments": 2236630000, "propertyPlantEquipment": 1527566000, "intangibleAssets": 1063000, "otherAssets": 258398000, "deferredLongTermAssetCharges": 229864000, "totalAssets": 4640315000, "accountsPayable": 239562000, "shortLongTermDebt": 57115000, "otherCurrentLiab": 84621000, "longTermDebt": 149069000, "otherLiab": 64564000, "totalCurrentLiabilities": 850646000, "totalLiab": 1064279000, "commonStock": 69555000, "retainedEarnings": 1280574000, "treasuryStock": 2215718000, "capitalSurplus": 10189000, "otherStockholderEquity": 2215718000, "totalStockholderEquity": 3576036000, "netTangibleAssets": 3574973000}], "maxAge": 86400}, "financialData": {"maxAge": 86400, "currentPrice": 2278.3, "recommendationKey": "none", "grossProfits": 634448000, "financialCurrency": "INR"}}}