{"LAKSELEC.BO": {"cashflowStatementHistory": {"cashflowStatements": [{"maxAge": 1, "endDate": "2020-03-31", "netIncome": 4288000, "depreciation": 22312000, "changeToNetincome": -28829000, "changeToAccountReceivables": 99391000, "changeToLiabilities": -2964000, "changeToInventory": 5801000, "changeToOperatingActivities": -15392000, "totalCashFromOperatingActivities": 84607000, "capitalExpenditures": -111011000, "investments": 97920000, "otherCashflowsFromInvestingActivities": 3487000, "totalCashflowsFromInvestingActivities": -9005000, "dividendsPaid": -22044000, "netBorrowings": -48671000, "otherCashflowsFromFinancingActivities": -4840000, "totalCashFromFinancingActivities": -75555000, "changeInCash": 47000}, {"maxAge": 1, "endDate": "2019-03-31", "netIncome": 102060000, "depreciation": 21182000, "changeToNetincome": -48248000, "changeToAccountReceivables": 93931000, "changeToLiabilities": -57242000, "changeToInventory": -34359000, "changeToOperatingActivities": -9597000, "totalCashFromOperatingActivities": 67727000, "capitalExpenditures": -16229000, "investments": -33563000, "otherCashflowsFromInvestingActivities": 10971000, "totalCashflowsFromInvestingActivities": -38821000, "dividendsPaid": -24580000, "netBorrowings": 821000, "otherCashflowsFromFinancingActivities": -5189000, "totalCashFromFinancingActivities": -28948000, "changeInCash": -42000}, {"maxAge": 1, "endDate": "2018-03-31", "netIncome": 117408000, "depreciation": 20786000, "changeToNetincome": -24121000, "changeToAccountReceivables": -112141000, "changeToLiabilities": 25912000, "changeToInventory": -25456000, "changeToOperatingActivities": 148967000, "totalCashFromOperatingActivities": 151355000, "capitalExpenditures": -30748000, "investments": 59650000, "otherCashflowsFromInvestingActivities": 9985000, "totalCashflowsFromInvestingActivities": 39077000, "dividendsPaid": -19314000, "netBorrowings": -167656000, "otherCashflowsFromFinancingActivities": -4550000, "totalCashFromFinancingActivities": -191520000, "changeInCash": -1088000}, {"maxAge": 1, "endDate": "2017-03-31", "netIncome": 88007000, "depreciation": 20193000, "changeToNetincome": -33058000, "changeToAccountReceivables": -32068000, "changeToLiabilities": 16517000, "changeToInventory": 14250000, "changeToOperatingActivities": -60251000, "totalCashFromOperatingActivities": 13590000, "capitalExpenditures": -6352000, "investments": -210083000, "otherCashflowsFromInvestingActivities": 36533000, "totalCashflowsFromInvestingActivities": -179839000, "dividendsPaid": -19324000, "netBorrowings": 191781000, "otherCashflowsFromFinancingActivities": -4053000, "totalCashFromFinancingActivities": 168404000, "changeInCash": 2155000}], "maxAge": 86400}, "institutionOwnership": {"maxAge": 1, "ownershipList": []}, "balanceSheetHistoryQuarterly": {"balanceSheetStatements": [{"maxAge": 1, "endDate": "2020-06-30", "totalStockholderEquity": 1340392000, "netTangibleAssets": 1340392000}, {"maxAge": 1, "endDate": "2020-03-31", "cash": 572000, "netReceivables": 312621000, "inventory": 196269000, "otherCurrentAssets": 8210000, "totalCurrentAssets": 521572000, "longTermInvestments": 696783000, "propertyPlantEquipment": 337551000, "otherAssets": 20681000, "totalAssets": 1576587000, "accountsPayable": 169368000, "otherCurrentLiab": 7182000, "otherLiab": 37083000, "totalCurrentLiabilities": 199112000, "totalLiab": 236195000, "commonStock": 24580000, "retainedEarnings": 1067908000, "treasuryStock": 197584000, "capitalSurplus": 50320000, "otherStockholderEquity": 197584000, "totalStockholderEquity": 1340392000, "netTangibleAssets": 1340392000}, {"maxAge": 1, "endDate": "2019-12-31", "totalStockholderEquity": 1474609000, "netTangibleAssets": 1474609000}, {"maxAge": 1, "endDate": "2019-09-30", "cash": 3675000, "shortTermInvestments": 2972000, "netReceivables": 352158000, "inventory": 184155000, "otherCurrentAssets": 18223000, "totalCurrentAssets": 561183000, "longTermInvestments": 807676000, "propertyPlantEquipment": 348614000, "otherAssets": 20070000, "totalAssets": 1737543000, "accountsPayable": 141873000, "otherCurrentLiab": 31236000, "otherLiab": 39505000, "totalCurrentLiabilities": 223429000, "totalLiab": 262934000, "commonStock": 24580000, "treasuryStock": 1450029000, "otherStockholderEquity": 1450029000, "totalStockholderEquity": 1474609000, "netTangibleAssets": 1474609000}], "maxAge": 86400}, "indexTrend": {"maxAge": 1, "symbol": "SP5", "peRatio": 19.7411, "pegRatio": 1.34172, "estimates": [{"period": "0q", "growth": 0.549}, {"period": "+1q", "growth": 0.431}, {"period": "0y", "growth": 0.305}, {"period": "+1y", "growth": 0.109}, {"period": "+5y", "growth": 0.120859005}, {"period": "-5y"}]}, "insiderTransactions": {"transactions": [{"maxAge": 1, "shares": 90610, "value": 312432, "filerUrl": "", "transactionText": "Acquisition at price 3.45 per share.", "filerName": "Kumar (Nethra J S)", "filerRelation": "Promoter", "moneyText": "", "startDate": "2020-09-10", "ownership": "D"}, {"maxAge": 1, "shares": 7788, "filerUrl": "", "transactionText": "", "filerName": "Kumar (Vedhanth S)", "filerRelation": "Promoter", "moneyText": "", "startDate": "2019-12-13", "ownership": "D"}, {"maxAge": 1, "shares": 100, "filerUrl": "", "transactionText": "", "filerName": "Thayarammal (D)", "filerRelation": "Promoter", "moneyText": "", "startDate": "2019-03-11", "ownership": "D"}, {"maxAge": 1, "shares": 100, "filerUrl": "", "transactionText": "", "filerName": "Kumar (Nethra J S)", "filerRelation": "Promoter", "moneyText": "", "startDate": "2019-03-11", "ownership": "D"}, {"maxAge": 1, "shares": 101000, "filerUrl": "", "transactionText": "", "filerName": "Lakshmi Electrical Drives Ltd", "filerRelation": "Promoter", "moneyText": "", "startDate": "2018-12-11", "ownership": "D"}, {"maxAge": 1, "shares": 2377, "filerUrl": "", "transactionText": "", "filerName": "Kumar (Vedhanth S)", "filerRelation": "UNREPORTED", "moneyText": "", "startDate": "2018-12-05", "ownership": "D"}, {"maxAge": 1, "shares": 389, "filerUrl": "", "transactionText": "", "filerName": "Kumar (Vedhanth S)", "filerRelation": "UNREPORTED", "moneyText": "", "startDate": "2018-11-09", "ownership": "D"}, {"maxAge": 1, "shares": 82, "filerUrl": "", "transactionText": "", "filerName": "Kumar (Vedhanth S)", "filerRelation": "UNREPORTED", "moneyText": "", "startDate": "2018-11-02", "ownership": "D"}, {"maxAge": 1, "shares": 909, "filerUrl": "", "transactionText": "", "filerName": "Kumar (Vedhanth S)", "filerRelation": "UNREPORTED", "moneyText": "", "startDate": "2018-10-31", "ownership": "D"}], "maxAge": 1}, "quoteType": {"exchange": "BSE", "quoteType": "EQUITY", "symbol": "LAKSELEC.BO", "underlyingSymbol": "LAKSELEC.BO", "shortName": "LAKSHMI ELECTRICAL CONTROL SYS", "longName": "Lakshmi Electrical Control Systems Limited", "firstTradeDateEpochUtc": "2000-11-14 09:15:00", "timeZoneFullName": "Asia/Kolkata", "timeZoneShortName": "IST", "uuid": "d8c4af34-6ff0-31df-a414-ce6a8950b4ab", "messageBoardId": null, "gmtOffSetMilliseconds": 19800000, "maxAge": 1}, "incomeStatementHistory": {"incomeStatementHistory": [{"maxAge": 1, "endDate": "2020-03-31", "totalRevenue": 1132230000, "costOfRevenue": 912708000, "grossProfit": 219522000, "researchDevelopment": {}, "sellingGeneralAdministrative": 155891000, "nonRecurring": {}, "otherOperatingExpenses": 64827000, "totalOperatingExpenses": 1155738000, "operatingIncome": -23508000, "totalOtherIncomeExpenseNet": 32684000, "ebit": -23508000, "interestExpense": -293000, "incomeBeforeTax": 9176000, "incomeTaxExpense": 4888000, "minorityInterest": {}, "netIncomeFromContinuingOps": 4288000, "discontinuedOperations": {}, "extraordinaryItems": {}, "effectOfAccountingCharges": {}, "otherItems": {}, "netIncome": 4288000, "netIncomeApplicableToCommonShares": 4288000}, {"maxAge": 1, "endDate": "2019-03-31", "totalRevenue": 1908227000, "costOfRevenue": 1540870000, "grossProfit": 367357000, "researchDevelopment": {}, "sellingGeneralAdministrative": 174125000, "nonRecurring": {}, "otherOperatingExpenses": 82708000, "totalOperatingExpenses": 1818885000, "operatingIncome": 89342000, "totalOtherIncomeExpenseNet": 41119000, "ebit": 89342000, "interestExpense": -137000, "incomeBeforeTax": 130461000, "incomeTaxExpense": 28401000, "minorityInterest": {}, "netIncomeFromContinuingOps": 102060000, "discontinuedOperations": {}, "extraordinaryItems": {}, "effectOfAccountingCharges": {}, "otherItems": {}, "netIncome": 102060000, "netIncomeApplicableToCommonShares": 102060000}, {"maxAge": 1, "endDate": "2018-03-31", "totalRevenue": 1884984000, "costOfRevenue": 1496569000, "grossProfit": 388415000, "researchDevelopment": {}, "sellingGeneralAdministrative": 161643000, "nonRecurring": {}, "otherOperatingExpenses": 71398000, "totalOperatingExpenses": 1750396000, "operatingIncome": 134588000, "totalOtherIncomeExpenseNet": 30912000, "ebit": 134588000, "interestExpense": -547000, "incomeBeforeTax": 165500000, "incomeTaxExpense": 48092000, "minorityInterest": {}, "netIncomeFromContinuingOps": 117408000, "discontinuedOperations": {}, "extraordinaryItems": {}, "effectOfAccountingCharges": {}, "otherItems": {}, "netIncome": 117408000, "netIncomeApplicableToCommonShares": 117408000}, {"maxAge": 1, "endDate": "2017-03-31", "totalRevenue": 1603920000, "costOfRevenue": 1277582000, "grossProfit": 326338000, "researchDevelopment": {}, "sellingGeneralAdministrative": 148461000, "nonRecurring": {}, "otherOperatingExpenses": 59523000, "totalOperatingExpenses": 1505759000, "operatingIncome": 98161000, "totalOtherIncomeExpenseNet": 28649000, "ebit": 98161000, "interestExpense": -50000, "incomeBeforeTax": 126810000, "incomeTaxExpense": 38803000, "minorityInterest": {}, "netIncomeFromContinuingOps": 88007000, "discontinuedOperations": {}, "extraordinaryItems": {}, "effectOfAccountingCharges": {}, "otherItems": {}, "netIncome": 88007000, "netIncomeApplicableToCommonShares": 88007000}], "maxAge": 86400}, "fundOwnership": {"maxAge": 1, "ownershipList": []}, "summaryDetail": {"maxAge": 1, "priceHint": 2, "previousClose": 315.65, "open": 314.95, "dayLow": 306.0, "dayHigh": 314.95, "regularMarketPreviousClose": 315.65, "regularMarketOpen": 314.95, "regularMarketDayLow": 306.0, "regularMarketDayHigh": 314.95, "volume": 329, "regularMarketVolume": 329, "averageVolume": 2172, "averageVolume10days": 948, "averageDailyVolume10Day": 948, "bid": 306.1, "ask": 312.0, "bidSize": 0, "askSize": 0, "marketCap": 752762496, "fiftyTwoWeekLow": 185.15, "fiftyTwoWeekHigh": 341.0, "fiftyDayAverage": 305.3043, "twoHundredDayAverage": 268.3708, "trailingAnnualDividendRate": 0.5, "trailingAnnualDividendYield": 0.001584033, "currency": "INR", "fromCurrency": null, "toCurrency": null, "lastMarket": null, "algorithm": null, "tradeable": false}, "incomeStatementHistoryQuarterly": {"incomeStatementHistory": [{"maxAge": 1, "endDate": "2020-06-30", "totalRevenue": 99019000, "costOfRevenue": 76085000, "grossProfit": 22934000, "researchDevelopment": {}, "sellingGeneralAdministrative": 32077000, "nonRecurring": {}, "otherOperatingExpenses": 10165000, "totalOperatingExpenses": 123798000, "operatingIncome": -24779000, "totalOtherIncomeExpenseNet": 11773000, "ebit": -24779000, "interestExpense": -1000, "incomeBeforeTax": -13006000, "incomeTaxExpense": -628000, "minorityInterest": {}, "netIncomeFromContinuingOps": -12378000, "discontinuedOperations": {}, "extraordinaryItems": {}, "effectOfAccountingCharges": {}, "otherItems": {}, "netIncome": -12378000, "netIncomeApplicableToCommonShares": -12378000}, {"maxAge": 1, "endDate": "2020-03-31", "totalRevenue": 279878000, "costOfRevenue": 247794000, "grossProfit": 32084000, "researchDevelopment": {}, "sellingGeneralAdministrative": 39042000, "nonRecurring": {}, "otherOperatingExpenses": -3784000, "totalOperatingExpenses": 288613000, "operatingIncome": -8735000, "totalOtherIncomeExpenseNet": 3380000, "ebit": -8735000, "interestExpense": -1000, "incomeBeforeTax": -5355000, "incomeTaxExpense": -453000, "minorityInterest": {}, "netIncomeFromContinuingOps": -4902000, "discontinuedOperations": {}, "extraordinaryItems": {}, "effectOfAccountingCharges": {}, "otherItems": {}, "netIncome": -4902000, "netIncomeApplicableToCommonShares": -4902000}, {"maxAge": 1, "endDate": "2019-12-31", "totalRevenue": 220583000, "costOfRevenue": 173479000, "grossProfit": 47104000, "researchDevelopment": {}, "sellingGeneralAdministrative": 37114000, "nonRecurring": {}, "otherOperatingExpenses": 21027000, "totalOperatingExpenses": 237279000, "operatingIncome": -16696000, "totalOtherIncomeExpenseNet": 7990000, "ebit": -16696000, "interestExpense": -266000, "incomeBeforeTax": -8706000, "incomeTaxExpense": 1906000, "minorityInterest": {}, "netIncomeFromContinuingOps": -10612000, "discontinuedOperations": {}, "extraordinaryItems": {}, "effectOfAccountingCharges": {}, "otherItems": {}, "netIncome": -10612000, "netIncomeApplicableToCommonShares": -10612000}, {"maxAge": 1, "endDate": "2019-09-30", "totalRevenue": 304530000, "costOfRevenue": 233068000, "grossProfit": 71462000, "researchDevelopment": {}, "sellingGeneralAdministrative": 38350000, "nonRecurring": {}, "otherOperatingExpenses": 25575000, "totalOperatingExpenses": 302587000, "operatingIncome": 1943000, "totalOtherIncomeExpenseNet": 12475000, "ebit": 1943000, "interestExpense": -15000, "incomeBeforeTax": 14418000, "incomeTaxExpense": 1829000, "minorityInterest": {}, "netIncomeFromContinuingOps": 12589000, "discontinuedOperations": {}, "extraordinaryItems": {}, "effectOfAccountingCharges": {}, "otherItems": {}, "netIncome": 12589000, "netIncomeApplicableToCommonShares": 12589000}], "maxAge": 86400}, "cashflowStatementHistoryQuarterly": {"cashflowStatements": [{"maxAge": 1, "endDate": "2020-06-30", "netIncome": -12378000, "changeToLiabilities": 0}, {"maxAge": 1, "endDate": "2020-03-31", "netIncome": -4902000, "changeToLiabilities": 0}, {"maxAge": 1, "endDate": "2019-12-31", "netIncome": -10612000, "changeToLiabilities": 0}, {"maxAge": 1, "endDate": "2019-09-30", "netIncome": 12589000, "changeToLiabilities": 0}], "maxAge": 86400}, "insiderHolders": {"holders": [{"maxAge": 1, "name": "Kumar (Nethra J S)", "relation": "Promoter", "url": "", "transactionDescription": "Acquisition", "latestTransDate": "2020-09-10", "positionDirect": 760803, "positionDirectDate": "2020-09-10"}, {"maxAge": 1, "name": "Kumar (Vedhanth S)", "relation": "Promoter", "url": "", "transactionDescription": "Acquisition", "latestTransDate": "2019-12-13", "positionDirect": 26195, "positionDirectDate": "2019-12-13"}, {"maxAge": 1, "name": "Lakshmi Electrical Drives Ltd", "relation": "Promoter", "url": "", "transactionDescription": "Acquisition", "latestTransDate": "2018-12-11", "positionDirect": 101000, "positionDirectDate": "2018-12-11"}, {"maxAge": 1, "name": "Thayarammal (D)", "relation": "Promoter", "url": "", "transactionDescription": "Gift", "latestTransDate": "2019-03-11", "positionDirect": 0, "positionDirectDate": "2019-03-11"}], "maxAge": 1}, "calendarEvents": {"maxAge": 1, "earnings": {"earningsDate": []}}, "price": {"maxAge": 1, "regularMarketChangePercent": -0.029779801, "regularMarketChange": -9.399994, "regularMarketTime": "2021-04-30 15:29:51", "priceHint": 2, "regularMarketPrice": 306.25, "regularMarketDayHigh": 314.95, "regularMarketDayLow": 306.0, "regularMarketVolume": 329, "averageDailyVolume10Day": 948, "averageDailyVolume3Month": 2172, "regularMarketPreviousClose": 315.65, "regularMarketSource": "FREE_REALTIME", "regularMarketOpen": 314.95, "exchange": "BSE", "exchangeName": "BSE", "exchangeDataDelayedBy": 0, "marketState": "CLOSED", "quoteType": "EQUITY", "symbol": "LAKSELEC.BO", "underlyingSymbol": null, "shortName": "LAKSHMI ELECTRICAL CONTROL SYS", "longName": "Lakshmi Electrical Control Systems Limited", "currency": "INR", "quoteSourceName": "Delayed Quote", "currencySymbol": "\u20b9", "fromCurrency": null, "toCurrency": null, "lastMarket": null, "marketCap": 752762496}, "balanceSheetHistory": {"balanceSheetStatements": [{"maxAge": 1, "endDate": "2020-03-31", "cash": 572000, "netReceivables": 312621000, "inventory": 196269000, "otherCurrentAssets": 8210000, "totalCurrentAssets": 521572000, "longTermInvestments": 696783000, "propertyPlantEquipment": 337551000, "otherAssets": 20681000, "totalAssets": 1576587000, "accountsPayable": 169368000, "otherCurrentLiab": 7182000, "otherLiab": 37083000, "totalCurrentLiabilities": 199112000, "totalLiab": 236195000, "commonStock": 24580000, "retainedEarnings": 1067908000, "treasuryStock": 197584000, "capitalSurplus": 50320000, "otherStockholderEquity": 197584000, "totalStockholderEquity": 1340392000, "netTangibleAssets": 1340392000}, {"maxAge": 1, "endDate": "2019-03-31", "cash": 525000, "shortTermInvestments": 108000000, "netReceivables": 413998000, "inventory": 202069000, "otherCurrentAssets": 7021000, "totalCurrentAssets": 735519000, "longTermInvestments": 996068000, "propertyPlantEquipment": 249351000, "otherAssets": 20571000, "totalAssets": 2001509000, "accountsPayable": 172332000, "otherCurrentLiab": 10623000, "otherLiab": 31275000, "totalCurrentLiabilities": 262719000, "totalLiab": 293994000, "commonStock": 24580000, "retainedEarnings": 1089038000, "treasuryStock": 543577000, "capitalSurplus": 50320000, "otherStockholderEquity": 543577000, "totalStockholderEquity": 1707515000, "netTangibleAssets": 1707515000}, {"maxAge": 1, "endDate": "2018-03-31", "cash": 567000, "shortTermInvestments": 78500000, "netReceivables": 509773000, "inventory": 167710000, "otherCurrentAssets": 6374000, "totalCurrentAssets": 765834000, "longTermInvestments": 1033102000, "propertyPlantEquipment": 254305000, "otherAssets": 15380000, "totalAssets": 2068621000, "accountsPayable": 229575000, "otherCurrentLiab": 21279000, "otherLiab": 40506000, "totalCurrentLiabilities": 336068000, "totalLiab": 376574000, "commonStock": 24580000, "retainedEarnings": 1020841000, "treasuryStock": 596306000, "capitalSurplus": 50320000, "otherStockholderEquity": 596306000, "totalStockholderEquity": 1692047000, "netTangibleAssets": 1692047000}, {"maxAge": 1, "endDate": "2017-03-31", "cash": 1655000, "shortTermInvestments": 328500000, "netReceivables": 445875000, "inventory": 142255000, "otherCurrentAssets": 95292000, "totalCurrentAssets": 1017153000, "longTermInvestments": 586506000, "propertyPlantEquipment": 245462000, "otherAssets": 15099000, "totalAssets": 1864220000, "accountsPayable": 203663000, "otherCurrentLiab": 12911000, "otherLiab": 29587000, "totalCurrentLiabilities": 458798000, "totalLiab": 488385000, "commonStock": 24580000, "retainedEarnings": 931470000, "treasuryStock": 369465000, "capitalSurplus": 50320000, "otherStockholderEquity": 369465000, "totalStockholderEquity": 1375835000, "netTangibleAssets": 1375835000}], "maxAge": 86400}, "financialData": {"maxAge": 86400, "currentPrice": 306.25, "recommendationKey": "none", "grossProfits": 219522000, "financialCurrency": "INR"}}}