{"LAMBODHARA.BO": {"recommendationTrend": {"trend": [{"period": "0m", "strongBuy": 0, "buy": 0, "hold": 0, "sell": 0, "strongSell": 0}, {"period": "-1m", "strongBuy": 0, "buy": 0, "hold": 0, "sell": 0, "strongSell": 0}, {"period": "-2m", "strongBuy": 0, "buy": 0, "hold": 0, "sell": 0, "strongSell": 0}, {"period": "-3m", "strongBuy": 0, "buy": 0, "hold": 0, "sell": 0, "strongSell": 0}], "maxAge": 86400}, "cashflowStatementHistory": {"cashflowStatements": [{"maxAge": 1, "endDate": "2020-03-31", "netIncome": 68605000, "depreciation": 72746000, "changeToNetincome": 35872000, "changeToAccountReceivables": 76204000, "changeToLiabilities": 9647000, "changeToInventory": 77451000, "changeToOperatingActivities": 2059000, "totalCashFromOperatingActivities": 342584000, "capitalExpenditures": -180745000, "investments": -18650000, "otherCashflowsFromInvestingActivities": 5257000, "totalCashflowsFromInvestingActivities": -191591000, "dividendsPaid": -9596000, "netBorrowings": -6598000, "otherCashflowsFromFinancingActivities": -47095000, "totalCashFromFinancingActivities": -63289000, "changeInCash": 87705000}, {"maxAge": 1, "endDate": "2019-03-31", "netIncome": 75726000, "depreciation": 61908000, "changeToNetincome": 21005000, "changeToAccountReceivables": -17373000, "changeToLiabilities": 40036000, "changeToInventory": -38692000, "changeToOperatingActivities": 1848000, "totalCashFromOperatingActivities": 144458000, "capitalExpenditures": -125846000, "investments": -2579000, "otherCashflowsFromInvestingActivities": 3483000, "totalCashflowsFromInvestingActivities": -122995000, "dividendsPaid": -9627000, "netBorrowings": -29761000, "otherCashflowsFromFinancingActivities": -25597000, "totalCashFromFinancingActivities": -64985000, "changeInCash": -43522000}, {"maxAge": 1, "endDate": "2018-03-31", "netIncome": 59511000, "depreciation": 60170000, "changeToNetincome": 67698000, "changeToAccountReceivables": -20157000, "changeToLiabilities": 71528000, "changeToInventory": -12194000, "changeToOperatingActivities": 1670000, "totalCashFromOperatingActivities": 228226000, "capitalExpenditures": -47745000, "investments": 335000, "otherCashflowsFromInvestingActivities": 3888000, "totalCashflowsFromInvestingActivities": -43272000, "dividendsPaid": -8899000, "netBorrowings": -100819000, "otherCashflowsFromFinancingActivities": -68194000, "totalCashFromFinancingActivities": -137912000, "changeInCash": 47042000, "issuanceOfStock": 40000000}, {"maxAge": 1, "endDate": "2017-03-31", "netIncome": 69964000, "depreciation": 60808000, "changeToNetincome": 29257000, "changeToAccountReceivables": -53909000, "changeToLiabilities": 11742000, "changeToInventory": -89044000, "changeToOperatingActivities": 1093000, "totalCashFromOperatingActivities": 29911000, "capitalExpenditures": -42271000, "investments": 1335000, "otherCashflowsFromInvestingActivities": 1938000, "totalCashflowsFromInvestingActivities": -35554000, "dividendsPaid": -6677000, "netBorrowings": 38684000, "otherCashflowsFromFinancingActivities": -29092000, "totalCashFromFinancingActivities": 2915000, "changeInCash": -2729000, "issuanceOfStock": 40000000}], "maxAge": 86400}, "institutionOwnership": {"ownershipList": [], "maxAge": 1}, "balanceSheetHistoryQuarterly": {"balanceSheetStatements": [{"maxAge": 1, "endDate": "2020-06-30", "totalStockholderEquity": 623294000, "netTangibleAssets": 623294000}, {"maxAge": 1, "endDate": "2020-03-31", "cash": 93418000, "shortTermInvestments": 20000000, "netReceivables": 136807000, "inventory": 149322000, "otherCurrentAssets": 33797000, "totalCurrentAssets": 436794000, "longTermInvestments": 1596000, "propertyPlantEquipment": 674710000, "otherAssets": 167649000, "totalAssets": 1280749000, "accountsPayable": 52595000, "shortLongTermDebt": 58454000, "otherCurrentLiab": 34977000, "longTermDebt": 359423000, "otherLiab": 80114000, "totalCurrentLiabilities": 209122000, "totalLiab": 657455000, "commonStock": 47888000, "retainedEarnings": 438745000, "treasuryStock": 76901000, "capitalSurplus": 59760000, "otherStockholderEquity": 76901000, "totalStockholderEquity": 623294000, "netTangibleAssets": 623294000}, {"maxAge": 1, "endDate": "2019-12-31", "totalStockholderEquity": 589627000, "netTangibleAssets": 589627000}, {"maxAge": 1, "endDate": "2019-09-30", "cash": 16462000, "netReceivables": 118592000, "inventory": 215164000, "otherCurrentAssets": 69774000, "totalCurrentAssets": 419992000, "longTermInvestments": 1596000, "propertyPlantEquipment": 541022000, "otherAssets": 174625000, "totalAssets": 1137235000, "accountsPayable": 28342000, "shortLongTermDebt": 104344000, "otherCurrentLiab": 33106000, "longTermDebt": 265478000, "otherLiab": 72013000, "totalCurrentLiabilities": 210117000, "totalLiab": 547608000, "commonStock": 47888000, "treasuryStock": 541739000, "otherStockholderEquity": 541739000, "totalStockholderEquity": 589627000, "netTangibleAssets": 589627000}], "maxAge": 86400}, "earningsHistory": {"history": [{"maxAge": 1, "epsActual": {}, "epsEstimate": {}, "epsDifference": {}, "surprisePercent": {}, "quarter": {}, "period": "-4q"}, {"maxAge": 1, "epsActual": {}, "epsEstimate": {}, "epsDifference": {}, "surprisePercent": {}, "quarter": {}, "period": "-3q"}, {"maxAge": 1, "epsActual": {}, "epsEstimate": {}, "epsDifference": {}, "surprisePercent": {}, "quarter": {}, "period": "-2q"}, {"maxAge": 1, "epsActual": 1.51, "epsEstimate": 2.26, "epsDifference": -0.75, "surprisePercent": -0.33200002, "quarter": "2018-06-30", "period": "-1q"}], "maxAge": 86400}, "indexTrend": {"maxAge": 1, "symbol": "SP5", "peRatio": 19.7411, "pegRatio": 1.34172, "estimates": [{"period": "0q", "growth": 0.549}, {"period": "+1q", "growth": 0.431}, {"period": "0y", "growth": 0.305}, {"period": "+1y", "growth": 0.109}, {"period": "+5y", "growth": 0.120865}, {"period": "-5y"}]}, "industryTrend": {"maxAge": 1, "symbol": null, "estimates": []}, "insiderTransactions": {"transactions": [{"maxAge": 1, "shares": 1658506, "filerUrl": "", "transactionText": "", "filerName": "Santosh (R)", "filerRelation": "Promoter", "moneyText": "", "startDate": "2020-02-17", "ownership": "D"}, {"maxAge": 1, "shares": 1658506, "filerUrl": "", "transactionText": "", "filerName": "Bosco (Guilia)", "filerRelation": "Wholetime Director", "moneyText": "", "startDate": "2020-02-17", "ownership": "D"}, {"maxAge": 1, "shares": 674000, "filerUrl": "", "transactionText": "", "filerName": "Santosh (R)", "filerRelation": "Promoter", "moneyText": "", "startDate": "2019-12-17", "ownership": "D"}, {"maxAge": 1, "shares": 674000, "filerUrl": "", "transactionText": "", "filerName": "Bosco (Guilia)", "filerRelation": "Wholetime Director", "moneyText": "", "startDate": "2019-12-17", "ownership": "D"}, {"maxAge": 1, "shares": 942253, "filerUrl": "", "transactionText": "", "filerName": "Santosh (R)", "filerRelation": "Promoter", "moneyText": "", "startDate": "2019-09-30", "ownership": "D"}, {"maxAge": 1, "shares": 450000, "filerUrl": "", "transactionText": "", "filerName": "Bosco (Guilia)", "filerRelation": "Wholetime Director", "moneyText": "", "startDate": "2019-09-30", "ownership": "D"}, {"maxAge": 1, "shares": 20000, "filerUrl": "", "transactionText": "", "filerName": "Bosco (Guilia)", "filerRelation": "Wholetime Director", "moneyText": "", "startDate": "2019-02-14", "ownership": "D"}, {"maxAge": 1, "shares": 3778, "filerUrl": "", "transactionText": "", "filerName": "Bosco (Guilia)", "filerRelation": "Wholetime Director", "moneyText": "", "startDate": "2018-12-14", "ownership": "D"}, {"maxAge": 1, "shares": 280000, "filerUrl": "", "transactionText": "", "filerName": "Bosco (Guilia)", "filerRelation": "Wholetime Director", "moneyText": "", "startDate": "2018-10-23", "ownership": "D"}, {"maxAge": 1, "shares": 48000, "filerUrl": "", "transactionText": "", "filerName": "Radhakrishnan (Vimala)", "filerRelation": "Promoter", "moneyText": "", "startDate": "2018-10-23", "ownership": "D"}, {"maxAge": 1, "shares": 20000, "filerUrl": "", "transactionText": "", "filerName": "Santosh (R)", "filerRelation": "Managing Director", "moneyText": "", "startDate": "2015-05-05", "ownership": "D"}, {"maxAge": 1, "shares": 2000, "filerUrl": "", "transactionText": "", "filerName": "Srivani (B)", "filerRelation": "UNREPORTED", "moneyText": "", "startDate": "2015-05-05", "ownership": "D"}, {"maxAge": 1, "shares": 32000, "filerUrl": "", "transactionText": "", "filerName": "Bosco (Guilia)", "filerRelation": "Wholetime Director", "moneyText": "", "startDate": "2014-04-28", "ownership": "D"}, {"maxAge": 1, "shares": 127000, "filerUrl": "", "transactionText": "", "filerName": "Santosh (R)", "filerRelation": "Managing Director", "moneyText": "", "startDate": "2014-04-28", "ownership": "D"}, {"maxAge": 1, "shares": 10000, "filerUrl": "", "transactionText": "", "filerName": "Santosh (R)", "filerRelation": "Managing Director", "moneyText": "", "startDate": "2013-07-02", "ownership": "D"}, {"maxAge": 1, "shares": 15000, "filerUrl": "", "transactionText": "", "filerName": "Santosh (R)", "filerRelation": "Managing Director", "moneyText": "", "startDate": "2013-07-01", "ownership": "D"}, {"maxAge": 1, "shares": 6500, "filerUrl": "", "transactionText": "", "filerName": "Santosh (R)", "filerRelation": "Managing Director", "moneyText": "", "startDate": "2013-04-22", "ownership": "D"}, {"maxAge": 1, "shares": 23247, "filerUrl": "", "transactionText": "", "filerName": "Santosh (R)", "filerRelation": "Managing Director", "moneyText": "", "startDate": "2012-12-03", "ownership": "D"}, {"maxAge": 1, "shares": 200000, "filerUrl": "", "transactionText": "", "filerName": "Bosco (Guilia)", "filerRelation": "Wholetime Director", "moneyText": "", "startDate": "2012-09-25", "ownership": "D"}, {"maxAge": 1, "shares": 165000, "filerUrl": "", "transactionText": "", "filerName": "Santosh (R)", "filerRelation": "Managing Director", "moneyText": "", "startDate": "2012-09-24", "ownership": "D"}, {"maxAge": 1, "shares": 35000, "filerUrl": "", "transactionText": "", "filerName": "Santosh (R)", "filerRelation": "Managing Director", "moneyText": "", "startDate": "2012-09-21", "ownership": "D"}, {"maxAge": 1, "shares": 15000, "filerUrl": "", "transactionText": "", "filerName": "Santosh (R)", "filerRelation": "Managing Director", "moneyText": "", "startDate": "2012-05-09", "ownership": "D"}, {"maxAge": 1, "shares": 20000, "filerUrl": "", "transactionText": "", "filerName": "Santosh (R)", "filerRelation": "Managing Director", "moneyText": "", "startDate": "2012-05-08", "ownership": "D"}, {"maxAge": 1, "shares": 60000, "filerUrl": "", "transactionText": "", "filerName": "Santosh (R)", "filerRelation": "Managing Director", "moneyText": "", "startDate": "2012-05-07", "ownership": "D"}, {"maxAge": 1, "shares": 12277, "filerUrl": "", "transactionText": "", "filerName": "Bosco (Guilia)", "filerRelation": "Wholetime Director", "moneyText": "", "startDate": "2012-03-16", "ownership": "D"}, {"maxAge": 1, "shares": 15000, "filerUrl": "", "transactionText": "", "filerName": "Bosco (Guilia)", "filerRelation": "Wholetime Director", "moneyText": "", "startDate": "2012-03-15", "ownership": "D"}, {"maxAge": 1, "shares": 60000, "filerUrl": "", "transactionText": "", "filerName": "Bosco (Guilia)", "filerRelation": "Wholetime Director", "moneyText": "", "startDate": "2012-02-23", "ownership": "D"}], "maxAge": 1}, "quoteType": {"exchange": "BSE", "quoteType": "EQUITY", "symbol": "LAMBODHARA.BO", "underlyingSymbol": "LAMBODHARA.BO", "shortName": "LAMBODHARA TEXTILES LTD.", "longName": "Lambodhara Textiles Limited", "firstTradeDateEpochUtc": "2007-05-16 09:15:00", "timeZoneFullName": "Asia/Kolkata", "timeZoneShortName": "IST", "uuid": "b2293df6-c93b-3aa8-bc0e-949fdbb9747f", "gmtOffSetMilliseconds": 19800000, "maxAge": 1}, "incomeStatementHistory": {"incomeStatementHistory": [{"maxAge": 1, "endDate": "2020-03-31", "totalRevenue": 1748910000, "costOfRevenue": 1085373000, "grossProfit": 663537000, "researchDevelopment": {}, "sellingGeneralAdministrative": 109924000, "nonRecurring": {}, "otherOperatingExpenses": 356739000, "totalOperatingExpenses": 1627049000, "operatingIncome": 121861000, "totalOtherIncomeExpenseNet": -33837000, "ebit": 121861000, "interestExpense": -23591000, "incomeBeforeTax": 88024000, "incomeTaxExpense": 19419000, "minorityInterest": {}, "netIncomeFromContinuingOps": 68605000, "discontinuedOperations": {}, "extraordinaryItems": {}, "effectOfAccountingCharges": {}, "otherItems": {}, "netIncome": 68605000, "netIncomeApplicableToCommonShares": 68605000}, {"maxAge": 1, "endDate": "2019-03-31", "totalRevenue": 1749553000, "costOfRevenue": 1129329000, "grossProfit": 620224000, "researchDevelopment": {}, "sellingGeneralAdministrative": 110158000, "nonRecurring": {}, "otherOperatingExpenses": 339632000, "totalOperatingExpenses": 1645458000, "operatingIncome": 104095000, "totalOtherIncomeExpenseNet": -8171000, "ebit": 104095000, "interestExpense": -21568000, "incomeBeforeTax": 95924000, "incomeTaxExpense": 20198000, "minorityInterest": {}, "netIncomeFromContinuingOps": 75726000, "discontinuedOperations": {}, "extraordinaryItems": {}, "effectOfAccountingCharges": {}, "otherItems": {}, "netIncome": 75726000, "netIncomeApplicableToCommonShares": 75726000}, {"maxAge": 1, "endDate": "2018-03-31", "totalRevenue": 1668346000, "costOfRevenue": 1038727000, "grossProfit": 629619000, "researchDevelopment": {}, "sellingGeneralAdministrative": 104536000, "nonRecurring": {}, "otherOperatingExpenses": 321516000, "totalOperatingExpenses": 1524949000, "operatingIncome": 143397000, "totalOtherIncomeExpenseNet": -59563000, "ebit": 143397000, "interestExpense": -23601000, "incomeBeforeTax": 83834000, "incomeTaxExpense": 24323000, "minorityInterest": {}, "netIncomeFromContinuingOps": 59511000, "discontinuedOperations": {}, "extraordinaryItems": {}, "effectOfAccountingCharges": {}, "otherItems": {}, "netIncome": 59511000, "netIncomeApplicableToCommonShares": 59511000}, {"maxAge": 1, "endDate": "2017-03-31", "totalRevenue": 1308134000, "costOfRevenue": 802284000, "grossProfit": 505850000, "researchDevelopment": {}, "sellingGeneralAdministrative": 81916000, "nonRecurring": {}, "otherOperatingExpenses": 244421000, "totalOperatingExpenses": 1189429000, "operatingIncome": 118705000, "totalOtherIncomeExpenseNet": -26244000, "ebit": 118705000, "interestExpense": -34127000, "incomeBeforeTax": 92461000, "incomeTaxExpense": 22497000, "minorityInterest": {}, "netIncomeFromContinuingOps": 69964000, "discontinuedOperations": {}, "extraordinaryItems": {}, "effectOfAccountingCharges": {}, "otherItems": {}, "netIncome": 69964000, "netIncomeApplicableToCommonShares": 69964000}], "maxAge": 86400}, "fundOwnership": {"ownershipList": [], "maxAge": 1}, "summaryDetail": {"maxAge": 1, "priceHint": 2, "previousClose": 56.7, "open": 58.6, "dayLow": 54.95, "dayHigh": 58.6, "regularMarketPreviousClose": 56.7, "regularMarketOpen": 58.6, "regularMarketDayLow": 54.95, "regularMarketDayHigh": 58.6, "trailingPE": 11.270035, "forwardPE": 4.660235, "volume": 14031, "regularMarketVolume": 14031, "averageVolume": 10157, "averageVolume10days": 2330, "averageDailyVolume10Day": 2330, "bid": 55.1, "ask": 55.95, "bidSize": 0, "askSize": 0, "marketCap": 532035680, "fiftyTwoWeekLow": 17.5, "fiftyTwoWeekHigh": 58.6, "fiftyDayAverage": 47.31515, "twoHundredDayAverage": 33.952206, "trailingAnnualDividendRate": 0.5, "trailingAnnualDividendYield": 0.008818342, "currency": "INR", "fromCurrency": null, "lastMarket": null, "algorithm": null, "tradeable": false}, "sectorTrend": {"maxAge": 1, "symbol": null, "estimates": []}, "incomeStatementHistoryQuarterly": {"incomeStatementHistory": [{"maxAge": 1, "endDate": "2020-06-30", "totalRevenue": 41280000, "costOfRevenue": 6788000, "grossProfit": 34492000, "researchDevelopment": {}, "sellingGeneralAdministrative": 8913000, "nonRecurring": {}, "otherOperatingExpenses": 6423000, "totalOperatingExpenses": 40888000, "operatingIncome": 392000, "totalOtherIncomeExpenseNet": -9361000, "ebit": 392000, "interestExpense": -11708000, "incomeBeforeTax": -8969000, "incomeTaxExpense": -1147000, "minorityInterest": {}, "netIncomeFromContinuingOps": -7822000, "discontinuedOperations": {}, "extraordinaryItems": {}, "effectOfAccountingCharges": {}, "otherItems": {}, "netIncome": -7822000, "netIncomeApplicableToCommonShares": -7822000}, {"maxAge": 1, "endDate": "2020-03-31", "totalRevenue": 412414000, "costOfRevenue": 264896000, "grossProfit": 147518000, "researchDevelopment": {}, "sellingGeneralAdministrative": 29303000, "nonRecurring": {}, "otherOperatingExpenses": 66856000, "totalOperatingExpenses": 383503000, "operatingIncome": 28911000, "totalOtherIncomeExpenseNet": -16240000, "ebit": 28911000, "interestExpense": -11708000, "incomeBeforeTax": 12671000, "incomeTaxExpense": 6934000, "minorityInterest": {}, "netIncomeFromContinuingOps": 5737000, "discontinuedOperations": {}, "extraordinaryItems": {}, "effectOfAccountingCharges": {}, "otherItems": {}, "netIncome": 5737000, "netIncomeApplicableToCommonShares": 5737000}, {"maxAge": 1, "endDate": "2019-12-31", "totalRevenue": 477506000, "costOfRevenue": 291022000, "grossProfit": 186484000, "researchDevelopment": {}, "sellingGeneralAdministrative": 25105000, "nonRecurring": {}, "otherOperatingExpenses": 99268000, "totalOperatingExpenses": 433000000, "operatingIncome": 44506000, "totalOtherIncomeExpenseNet": -10073000, "ebit": 44506000, "interestExpense": -12900000, "incomeBeforeTax": 34433000, "incomeTaxExpense": 6234000, "minorityInterest": {}, "netIncomeFromContinuingOps": 28199000, "discontinuedOperations": {}, "extraordinaryItems": {}, "effectOfAccountingCharges": {}, "otherItems": {}, "netIncome": 28199000, "netIncomeApplicableToCommonShares": 28199000}, {"maxAge": 1, "endDate": "2019-09-30", "totalRevenue": 411233000, "costOfRevenue": 245814000, "grossProfit": 165419000, "researchDevelopment": {}, "sellingGeneralAdministrative": 30925000, "nonRecurring": {}, "otherOperatingExpenses": 89211000, "totalOperatingExpenses": 383448000, "operatingIncome": 27785000, "totalOtherIncomeExpenseNet": -2577000, "ebit": 27785000, "interestExpense": -4583000, "incomeBeforeTax": 25208000, "incomeTaxExpense": 4133000, "minorityInterest": {}, "netIncomeFromContinuingOps": 21075000, "discontinuedOperations": {}, "extraordinaryItems": {}, "effectOfAccountingCharges": {}, "otherItems": {}, "netIncome": 21075000, "netIncomeApplicableToCommonShares": 21075000}], "maxAge": 86400}, "cashflowStatementHistoryQuarterly": {"cashflowStatements": [{"maxAge": 1, "endDate": "2020-06-30", "netIncome": -7822000, "changeToLiabilities": 0}, {"maxAge": 1, "endDate": "2020-03-31", "netIncome": 5737000, "changeToLiabilities": 0}, {"maxAge": 1, "endDate": "2019-12-31", "netIncome": 28199000, "changeToLiabilities": 0}, {"maxAge": 1, "endDate": "2019-09-30", "netIncome": 21075000, "changeToLiabilities": 0}], "maxAge": 86400}, "insiderHolders": {"holders": [{"maxAge": 1, "name": "Bosco (Guilia)", "relation": "Wholetime Director", "url": "", "transactionDescription": "Gift", "latestTransDate": "2020-02-17", "positionDirect": 3318284, "positionDirectDate": "2020-02-17"}, {"maxAge": 1, "name": "Radhakrishnan (Vimala)", "relation": "Promoter", "url": "", "transactionDescription": "Gift", "latestTransDate": "2018-10-23", "positionDirect": 0, "positionDirectDate": "2018-10-23"}, {"maxAge": 1, "name": "Santosh (R)", "relation": "Promoter", "url": "", "transactionDescription": "Gift", "latestTransDate": "2020-02-17", "positionDirect": 0, "positionDirectDate": "2020-02-17"}, {"maxAge": 1, "name": "Srivani (B)", "relation": "UNREPORTED", "url": "", "transactionDescription": "Sale", "latestTransDate": "2015-05-05", "positionDirect": 2545, "positionDirectDate": "2015-05-05"}], "maxAge": 1}, "earnings": {"maxAge": 86400, "earningsChart": {"quarterly": [{"date": "2Q2018", "actual": 1.51, "estimate": 2.26}], "currentQuarterEstimateDate": "3Q", "currentQuarterEstimateYear": 2018, "earningsDate": []}, "financialsChart": {"yearly": [{"date": 2017, "revenue": 1308134000, "earnings": 69964000}, {"date": 2018, "revenue": 1668346000, "earnings": 59511000}, {"date": 2019, "revenue": 1749553000, "earnings": 75726000}, {"date": 2020, "revenue": 1748910000, "earnings": 68605000}], "quarterly": [{"date": "3Q2019", "revenue": 411233000, "earnings": 21075000}, {"date": "4Q2019", "revenue": 477506000, "earnings": 28199000}, {"date": "1Q2020", "revenue": 412414000, "earnings": 5737000}, {"date": "2Q2020", "revenue": 41280000, "earnings": -7822000}]}, "financialCurrency": "INR"}, "calendarEvents": {"maxAge": 1, "earnings": {"earningsDate": [], "revenueAverage": 928534000}}, "upgradeDowngradeHistory": {"history": [], "maxAge": 86400}, "price": {"maxAge": 1, "regularMarketChangePercent": -0.020282215, "regularMarketChange": -1.1500015, "regularMarketTime": "2021-04-30 15:29:51", "priceHint": 2, "regularMarketPrice": 55.55, "regularMarketDayHigh": 58.6, "regularMarketDayLow": 54.95, "regularMarketVolume": 14031, "averageDailyVolume10Day": 2330, "averageDailyVolume3Month": 10157, "regularMarketPreviousClose": 56.7, "regularMarketSource": "FREE_REALTIME", "regularMarketOpen": 58.6, "exchange": "BSE", "exchangeName": "BSE", "exchangeDataDelayedBy": 0, "marketState": "CLOSED", "quoteType": "EQUITY", "symbol": "LAMBODHARA.BO", "underlyingSymbol": null, "shortName": "LAMBODHARA TEXTILES LTD.", "longName": "Lambodhara Textiles Limited", "currency": "INR", "quoteSourceName": "Delayed Quote", "currencySymbol": "\u20b9", "fromCurrency": null, "lastMarket": null, "marketCap": 532035680}, "balanceSheetHistory": {"balanceSheetStatements": [{"maxAge": 1, "endDate": "2020-03-31", "cash": 93418000, "shortTermInvestments": 20000000, "netReceivables": 136807000, "inventory": 149322000, "otherCurrentAssets": 33797000, "totalCurrentAssets": 436794000, "longTermInvestments": 1596000, "propertyPlantEquipment": 674710000, "otherAssets": 167649000, "totalAssets": 1280749000, "accountsPayable": 52595000, "shortLongTermDebt": 58454000, "otherCurrentLiab": 34977000, "longTermDebt": 359423000, "otherLiab": 80114000, "totalCurrentLiabilities": 209122000, "totalLiab": 657455000, "commonStock": 47888000, "retainedEarnings": 438745000, "treasuryStock": 76901000, "capitalSurplus": 59760000, "otherStockholderEquity": 76901000, "totalStockholderEquity": 623294000, "netTangibleAssets": 623294000}, {"maxAge": 1, "endDate": "2019-03-31", "cash": 5713000, "shortTermInvestments": 3503000, "netReceivables": 191260000, "inventory": 226774000, "otherCurrentAssets": 49799000, "totalCurrentAssets": 480710000, "longTermInvestments": 2946000, "propertyPlantEquipment": 568572000, "otherAssets": 170317000, "totalAssets": 1222545000, "accountsPayable": 49336000, "shortLongTermDebt": 86716000, "otherCurrentLiab": 38187000, "longTermDebt": 259300000, "otherLiab": 75413000, "totalCurrentLiabilities": 315120000, "totalLiab": 656041000, "commonStock": 47888000, "retainedEarnings": 381955000, "treasuryStock": 76901000, "capitalSurplus": 59760000, "otherStockholderEquity": 76901000, "totalStockholderEquity": 566504000, "netTangibleAssets": 566504000}, {"maxAge": 1, "endDate": "2018-03-31", "cash": 49235000, "shortTermInvestments": 1565000, "netReceivables": 200887000, "inventory": 188081000, "otherCurrentAssets": 28579000, "totalCurrentAssets": 476218000, "longTermInvestments": 351000, "propertyPlantEquipment": 505386000, "otherAssets": 164001000, "totalAssets": 1145956000, "accountsPayable": 79357000, "shortLongTermDebt": 59041000, "otherCurrentLiab": 33751000, "longTermDebt": 263788000, "otherLiab": 72913000, "totalCurrentLiabilities": 304341000, "totalLiab": 644664000, "commonStock": 47888000, "retainedEarnings": 316743000, "treasuryStock": 76901000, "capitalSurplus": 59760000, "otherStockholderEquity": 76901000, "totalStockholderEquity": 501292000, "netTangibleAssets": 501292000}, {"maxAge": 1, "endDate": "2017-03-31", "cash": 2193000, "shortTermInvestments": 9499000, "netReceivables": 128767000, "inventory": 175887000, "otherCurrentAssets": 69479000, "totalCurrentAssets": 391737000, "longTermInvestments": 686000, "propertyPlantEquipment": 517356000, "otherAssets": 170070000, "totalAssets": 1079849000, "accountsPayable": 30060000, "shortLongTermDebt": 48108000, "otherCurrentLiab": 30700000, "longTermDebt": 319342000, "otherLiab": 63556000, "totalCurrentLiabilities": 279144000, "totalLiab": 666710000, "commonStock": 45388000, "retainedEarnings": 268590000, "treasuryStock": 76901000, "capitalSurplus": 22260000, "otherStockholderEquity": 76901000, "totalStockholderEquity": 413139000, "netTangibleAssets": 413139000}], "maxAge": 86400}, "earningsTrend": {"trend": [{"maxAge": 1, "period": "0q", "endDate": "2018-09-30", "growth": {}, "earningsEstimate": {"avg": 0.0, "low": 0.0, "high": 0.0, "yearAgoEps": {}, "numberOfAnalysts": 0, "growth": {}}, "revenueEstimate": {"avg": 928534000, "low": 0, "high": 0, "numberOfAnalysts": 0, "yearAgoRevenue": 367818000, "growth": 1.5239999}, "epsTrend": {"current": 0.0, "7daysAgo": 0.0, "30daysAgo": 0.0, "60daysAgo": 0.0, "90daysAgo": 0.0}, "epsRevisions": {"upLast7days": 0, "upLast30days": 0, "downLast30days": 0, "downLast90days": {}}}, {"maxAge": 1, "period": "+1q", "endDate": "2018-12-31", "growth": {}, "earningsEstimate": {"avg": 0.0, "low": 0.0, "high": 0.0, "yearAgoEps": {}, "numberOfAnalysts": 0, "growth": {}}, "revenueEstimate": {"avg": 0, "low": 0, "high": 0, "numberOfAnalysts": 0, "yearAgoRevenue": {}, "growth": {}}, "epsTrend": {"current": 0.0, "7daysAgo": 0.0, "30daysAgo": 0.0, "60daysAgo": 0.0, "90daysAgo": 0.0}, "epsRevisions": {"upLast7days": 0, "upLast30days": 0, "downLast30days": 0, "downLast90days": {}}}, {"maxAge": 1, "period": "0y", "endDate": "2019-03-31", "growth": {}, "earningsEstimate": {"avg": 0.0, "low": 0.0, "high": 0.0, "yearAgoEps": {}, "numberOfAnalysts": 0, "growth": {}}, "revenueEstimate": {"avg": 1917430000, "low": 1917430000, "high": 1917430000, "numberOfAnalysts": 1, "yearAgoRevenue": 1667330000, "growth": 0.15}, "epsTrend": {"current": 0.0, "7daysAgo": 9.71, "30daysAgo": 9.71, "60daysAgo": 9.71, "90daysAgo": 9.71}, "epsRevisions": {"upLast7days": 0, "upLast30days": 0, "downLast30days": 0, "downLast90days": {}}}, {"maxAge": 1, "period": "+1y", "endDate": "2020-03-31", "growth": {}, "earningsEstimate": {"avg": 0.0, "low": 0.0, "high": 0.0, "yearAgoEps": {}, "numberOfAnalysts": 0, "growth": {}}, "revenueEstimate": {"avg": 2166700000, "low": 2166700000, "high": 2166700000, "numberOfAnalysts": 1, "yearAgoRevenue": 1917430000, "growth": 0.13}, "epsTrend": {"current": 0.0, "7daysAgo": 11.92, "30daysAgo": 11.92, "60daysAgo": 11.92, "90daysAgo": 11.92}, "epsRevisions": {"upLast7days": 0, "upLast30days": 0, "downLast30days": 0, "downLast90days": {}}}, {"maxAge": 1, "period": "+5y", "endDate": null, "growth": {}, "earningsEstimate": {"avg": {}, "low": {}, "high": {}, "yearAgoEps": {}, "numberOfAnalysts": {}, "growth": {}}, "revenueEstimate": {"avg": {}, "low": {}, "high": {}, "numberOfAnalysts": {}, "yearAgoRevenue": {}, "growth": {}}, "epsTrend": {"current": {}, "7daysAgo": {}, "30daysAgo": {}, "60daysAgo": {}, "90daysAgo": {}}, "epsRevisions": {"upLast7days": {}, "upLast30days": {}, "downLast30days": {}, "downLast90days": {}}}, {"maxAge": 1, "period": "-5y", "endDate": null, "growth": {}, "earningsEstimate": {"avg": {}, "low": {}, "high": {}, "yearAgoEps": {}, "numberOfAnalysts": {}, "growth": {}}, "revenueEstimate": {"avg": {}, "low": {}, "high": {}, "numberOfAnalysts": {}, "yearAgoRevenue": {}, "growth": {}}, "epsTrend": {"current": {}, "7daysAgo": {}, "30daysAgo": {}, "60daysAgo": {}, "90daysAgo": {}}, "epsRevisions": {"upLast7days": {}, "upLast30days": {}, "downLast30days": {}, "downLast90days": {}}}], "maxAge": 1}, "financialData": {"maxAge": 86400, "currentPrice": 55.55, "targetHighPrice": 395.0, "targetLowPrice": 395.0, "targetMeanPrice": 395.0, "targetMedianPrice": 395.0, "recommendationKey": "none", "numberOfAnalystOpinions": 1, "grossProfits": 663537000, "financialCurrency": "INR"}}}