{"LANCER.BO": {"cashflowStatementHistory": {"cashflowStatements": [{"maxAge": 1, "endDate": "2020-03-31", "netIncome": 80124000, "depreciation": 92381000, "changeToNetincome": 37840000, "changeToAccountReceivables": -67783000, "changeToLiabilities": 95104000, "changeToInventory": -9351000, "changeToOperatingActivities": -63018000, "totalCashFromOperatingActivities": 165389000, "capitalExpenditures": -55667000, "investments": -9899000, "otherCashflowsFromInvestingActivities": 1233000, "totalCashflowsFromInvestingActivities": -63227000, "netBorrowings": -54854000, "otherCashflowsFromFinancingActivities": -30375000, "totalCashFromFinancingActivities": -85229000, "changeInCash": 16933000}, {"maxAge": 1, "endDate": "2019-03-31", "netIncome": 82223000, "depreciation": 69876000, "changeToNetincome": 37466000, "changeToAccountReceivables": -39946000, "changeToLiabilities": 45064000, "changeToInventory": -9351000, "changeToOperatingActivities": 16447000, "totalCashFromOperatingActivities": 211222000, "capitalExpenditures": -322806000, "investments": -18520000, "otherCashflowsFromInvestingActivities": 2594000, "totalCashflowsFromInvestingActivities": -338732000, "netBorrowings": 142652000, "otherCashflowsFromFinancingActivities": -23771000, "totalCashFromFinancingActivities": 118881000, "changeInCash": -8729000}, {"maxAge": 1, "endDate": "2018-03-31", "netIncome": 68502000, "depreciation": 45596000, "changeToNetincome": 28060000, "changeToAccountReceivables": -14167000, "changeToLiabilities": 39567000, "changeToInventory": 9140000, "changeToOperatingActivities": -21925000, "totalCashFromOperatingActivities": 154865000, "capitalExpenditures": -148303000, "investments": -5532000, "otherCashflowsFromInvestingActivities": 3639000, "totalCashflowsFromInvestingActivities": -150196000, "netBorrowings": -2801000, "otherCashflowsFromFinancingActivities": -14233000, "totalCashFromFinancingActivities": -3728000, "changeInCash": 941000, "issuanceOfStock": 13306000}, {"maxAge": 1, "endDate": "2017-03-31", "netIncome": 16770506, "depreciation": 41467746, "changeToNetincome": 3570455, "changeToAccountReceivables": -29051447, "changeToLiabilities": 25105281, "changeToInventory": 5236162, "changeToOperatingActivities": -1029583, "totalCashFromOperatingActivities": 62069120, "capitalExpenditures": -79132808, "investments": -5532000, "otherCashflowsFromInvestingActivities": 3639000, "totalCashflowsFromInvestingActivities": -59876956, "netBorrowings": -10780288, "otherCashflowsFromFinancingActivities": -14233000, "totalCashFromFinancingActivities": 16310337, "changeInCash": 18502501, "issuanceOfStock": 27090625}], "maxAge": 86400}, "institutionOwnership": {"ownershipList": [], "maxAge": 1}, "balanceSheetHistoryQuarterly": {"balanceSheetStatements": [{"maxAge": 1, "endDate": "2020-03-31", "cash": 54068000, "netReceivables": 188411000, "inventory": 9351000, "otherCurrentAssets": 6628000, "totalCurrentAssets": 293078000, "longTermInvestments": 1000, "propertyPlantEquipment": 659736000, "otherAssets": 10526000, "totalAssets": 963341000, "accountsPayable": 226393000, "shortLongTermDebt": 57858000, "otherCurrentLiab": 12413000, "longTermDebt": 241954000, "otherLiab": 8151000, "deferredLongTermLiab": 184000, "totalCurrentLiabilities": 325169000, "totalLiab": 614900000, "commonStock": 100470000, "retainedEarnings": 247676000, "treasuryStock": 295000, "otherStockholderEquity": 295000, "totalStockholderEquity": 348441000, "netTangibleAssets": 348441000}, {"maxAge": 1, "endDate": "2019-12-31", "totalStockholderEquity": 309290000, "netTangibleAssets": 309290000}, {"maxAge": 1, "endDate": "2019-09-30", "cash": 37384000, "shortTermInvestments": 8471000, "netReceivables": 216642000, "inventory": 7572000, "otherCurrentAssets": 22485000, "totalCurrentAssets": 292554000, "longTermInvestments": 1000, "propertyPlantEquipment": 632861000, "otherAssets": 11349000, "totalAssets": 936765000, "accountsPayable": 238860000, "shortLongTermDebt": 2489000, "otherCurrentLiab": 33796000, "longTermDebt": 341255000, "otherLiab": 11075000, "deferredLongTermLiab": 1009000, "totalCurrentLiabilities": 275145000, "totalLiab": 627475000, "commonStock": 100470000, "treasuryStock": 208820000, "otherStockholderEquity": 208820000, "totalStockholderEquity": 309290000, "netTangibleAssets": 309290000}, {"maxAge": 1, "endDate": "2019-06-30", "totalStockholderEquity": 271393165, "netTangibleAssets": 271393165}], "maxAge": 86400}, "indexTrend": {"maxAge": 1, "symbol": "SP5", "peRatio": 19.7411, "pegRatio": 1.34172, "estimates": [{"period": "0q", "growth": 0.549}, {"period": "+1q", "growth": 0.431}, {"period": "0y", "growth": 0.305}, {"period": "+1y", "growth": 0.109}, {"period": "+5y", "growth": 0.120859005}, {"period": "-5y"}]}, "insiderTransactions": {"transactions": [{"maxAge": 1, "shares": 651272, "filerUrl": "", "transactionText": "", "filerName": "Chataiwala (Abdul Khalik)", "filerRelation": "Chairman of the Board", "moneyText": "", "startDate": "2020-07-02", "ownership": "D"}, {"maxAge": 1, "shares": 651272, "value": 200396, "filerUrl": "", "transactionText": "Other at price 0.31 per share.", "filerName": "Rajani (Deepak Lachamandas)", "filerRelation": "UNREPORTED", "moneyText": "", "startDate": "2020-07-02", "ownership": "D"}, {"maxAge": 1, "shares": 1234128, "value": 375915, "filerUrl": "", "transactionText": "Other at price 0.30 per share.", "filerName": "Ashwamedh Enterprice Pvt. Ltd.", "filerRelation": "Promoter", "moneyText": "", "startDate": "2020-06-29", "ownership": "D"}, {"maxAge": 1, "shares": 4853248, "value": 1478299, "filerUrl": "", "transactionText": "Other at price 0.30 per share.", "filerName": "Chataiwala (Abdul Khalik)", "filerRelation": "Chairman of the Board", "moneyText": "", "startDate": "2020-06-29", "ownership": "D"}, {"maxAge": 1, "shares": 4000, "filerUrl": "", "transactionText": "", "filerName": "Manesh (Smith)", "filerRelation": "UNREPORTED", "moneyText": "", "startDate": "2018-02-02", "ownership": "D"}, {"maxAge": 1, "shares": 4000, "filerUrl": "", "transactionText": "", "filerName": "Manesh (Smith)", "filerRelation": "UNREPORTED", "moneyText": "", "startDate": "2018-02-01", "ownership": "D"}, {"maxAge": 1, "shares": 4000, "filerUrl": "", "transactionText": "", "filerName": "Manesh (Smith)", "filerRelation": "UNREPORTED", "moneyText": "", "startDate": "2018-01-31", "ownership": "D"}, {"maxAge": 1, "shares": 305000, "filerUrl": "", "transactionText": "", "filerName": "Chataiwala (Abdul Khalik)", "filerRelation": "Chairman of the Board", "moneyText": "", "startDate": "2017-10-30", "ownership": "D"}], "maxAge": 1}, "quoteType": {"exchange": "BSE", "quoteType": "EQUITY", "symbol": "LANCER.BO", "underlyingSymbol": "LANCER.BO", "shortName": "Lancer Container Lines Limited", "longName": "Lancer Container Lines Limited", "firstTradeDateEpochUtc": "2016-04-13 09:15:00", "timeZoneFullName": "Asia/Kolkata", "timeZoneShortName": "IST", "uuid": "459f856c-9605-3564-93b4-70132a8650fb", "gmtOffSetMilliseconds": 19800000, "maxAge": 1}, "incomeStatementHistory": {"incomeStatementHistory": [{"maxAge": 1, "endDate": "2020-03-31", "totalRevenue": 2652606000, "costOfRevenue": 2374170000, "grossProfit": 278436000, "researchDevelopment": {}, "sellingGeneralAdministrative": 8349000, "nonRecurring": {}, "otherOperatingExpenses": 39825000, "totalOperatingExpenses": 2514725000, "operatingIncome": 137881000, "totalOtherIncomeExpenseNet": -29380000, "ebit": 137881000, "interestExpense": -30375000, "incomeBeforeTax": 108501000, "incomeTaxExpense": 28377000, "minorityInterest": {}, "netIncomeFromContinuingOps": 80124000, "discontinuedOperations": {}, "extraordinaryItems": {}, "effectOfAccountingCharges": {}, "otherItems": {}, "netIncome": 80124000, "netIncomeApplicableToCommonShares": 80124000}, {"maxAge": 1, "endDate": "2019-03-31", "totalRevenue": 1974094000, "costOfRevenue": 1725663000, "grossProfit": 248431000, "researchDevelopment": {}, "sellingGeneralAdministrative": 1254000, "nonRecurring": {}, "otherOperatingExpenses": 27514000, "totalOperatingExpenses": 1824307000, "operatingIncome": 149787000, "totalOtherIncomeExpenseNet": -32820000, "ebit": 149787000, "interestExpense": -23771000, "incomeBeforeTax": 116967000, "incomeTaxExpense": 34744000, "minorityInterest": {}, "netIncomeFromContinuingOps": 82223000, "discontinuedOperations": {}, "extraordinaryItems": {}, "effectOfAccountingCharges": {}, "otherItems": {}, "netIncome": 82223000, "netIncomeApplicableToCommonShares": 82223000}, {"maxAge": 1, "endDate": "2018-03-31", "totalRevenue": 1094436000, "costOfRevenue": 921656000, "grossProfit": 172780000, "researchDevelopment": {}, "sellingGeneralAdministrative": 3599000, "nonRecurring": {}, "otherOperatingExpenses": 17186000, "totalOperatingExpenses": 988037000, "operatingIncome": 106399000, "totalOtherIncomeExpenseNet": -13774000, "ebit": 106399000, "interestExpense": -14233000, "incomeBeforeTax": 92625000, "incomeTaxExpense": 24123000, "minorityInterest": {}, "netIncomeFromContinuingOps": 68502000, "discontinuedOperations": {}, "extraordinaryItems": {}, "effectOfAccountingCharges": {}, "otherItems": {}, "netIncome": 68502000, "netIncomeApplicableToCommonShares": 68502000}, {"maxAge": 1, "endDate": "2017-03-31", "totalRevenue": 775958008, "costOfRevenue": 684420217, "grossProfit": 91537791, "researchDevelopment": {}, "sellingGeneralAdministrative": 3431883, "nonRecurring": {}, "otherOperatingExpenses": 24584647, "totalOperatingExpenses": 753904493, "operatingIncome": 22053515, "totalOtherIncomeExpenseNet": -1519509, "ebit": 22053515, "interestExpense": -16499136, "incomeBeforeTax": 20534006, "incomeTaxExpense": 3763500, "minorityInterest": {}, "netIncomeFromContinuingOps": 16770506, "discontinuedOperations": {}, "extraordinaryItems": {}, "effectOfAccountingCharges": {}, "otherItems": {}, "netIncome": 16770506, "netIncomeApplicableToCommonShares": 16770506}], "maxAge": 86400}, "fundOwnership": {"ownershipList": [], "maxAge": 1}, "summaryDetail": {"maxAge": 1, "priceHint": 2, "previousClose": 71.65, "open": 72.0, "dayLow": 70.15, "dayHigh": 72.5, "regularMarketPreviousClose": 71.65, "regularMarketOpen": 72.0, "regularMarketDayLow": 70.15, "regularMarketDayHigh": 72.5, "trailingPE": 8.958595, "volume": 6150, "regularMarketVolume": 6150, "averageVolume": 38119, "averageVolume10days": 12615, "averageDailyVolume10Day": 12615, "bid": 72.0, "ask": 72.1, "bidSize": 0, "askSize": 0, "marketCap": 717355840, "fiftyTwoWeekLow": 23.15, "fiftyTwoWeekHigh": 104.4, "fiftyDayAverage": 79.84697, "twoHundredDayAverage": 59.51691, "currency": "INR", "fromCurrency": null, "lastMarket": null, "algorithm": null, "tradeable": false}, "incomeStatementHistoryQuarterly": {"incomeStatementHistory": [{"maxAge": 1, "endDate": "2020-03-31", "totalRevenue": 789951000, "costOfRevenue": 732291000, "grossProfit": 57660000, "researchDevelopment": {}, "sellingGeneralAdministrative": 8349000, "nonRecurring": {}, "otherOperatingExpenses": -12357000, "totalOperatingExpenses": 760331000, "operatingIncome": 29620000, "totalOtherIncomeExpenseNet": -10109000, "ebit": 29620000, "interestExpense": -6796000, "incomeBeforeTax": 19511000, "incomeTaxExpense": -5734000, "minorityInterest": {}, "netIncomeFromContinuingOps": 25245000, "discontinuedOperations": {}, "extraordinaryItems": {}, "effectOfAccountingCharges": {}, "otherItems": {}, "netIncome": 25245000, "netIncomeApplicableToCommonShares": 25245000}, {"maxAge": 1, "endDate": "2019-12-31", "totalRevenue": 687368000, "costOfRevenue": 613149000, "grossProfit": 74219000, "researchDevelopment": {}, "sellingGeneralAdministrative": 8349000, "nonRecurring": {}, "otherOperatingExpenses": 19574000, "totalOperatingExpenses": 652667000, "operatingIncome": 34701000, "totalOtherIncomeExpenseNet": -5772000, "ebit": 34701000, "interestExpense": -7026000, "incomeBeforeTax": 28929000, "incomeTaxExpense": 10950000, "minorityInterest": {}, "netIncomeFromContinuingOps": 17979000, "discontinuedOperations": {}, "extraordinaryItems": {}, "effectOfAccountingCharges": {}, "otherItems": {}, "netIncome": 17979000, "netIncomeApplicableToCommonShares": 17979000}, {"maxAge": 1, "endDate": "2019-09-30", "totalRevenue": 646921000, "costOfRevenue": 567460000, "grossProfit": 79461000, "researchDevelopment": {}, "sellingGeneralAdministrative": 8349000, "nonRecurring": {}, "otherOperatingExpenses": 20072000, "totalOperatingExpenses": 608016000, "operatingIncome": 38905000, "totalOtherIncomeExpenseNet": -6391000, "ebit": 38905000, "interestExpense": -7818000, "incomeBeforeTax": 32514000, "incomeTaxExpense": 15140000, "minorityInterest": {}, "netIncomeFromContinuingOps": 17374000, "discontinuedOperations": {}, "extraordinaryItems": {}, "effectOfAccountingCharges": {}, "otherItems": {}, "netIncome": 17374000, "netIncomeApplicableToCommonShares": 17374000}, {"maxAge": 1, "endDate": "2019-06-30", "totalRevenue": 528366000, "costOfRevenue": 461270000, "grossProfit": 67096000, "researchDevelopment": {}, "sellingGeneralAdministrative": 8349000, "nonRecurring": {}, "otherOperatingExpenses": 12536000, "totalOperatingExpenses": 493711000, "operatingIncome": 34655000, "totalOtherIncomeExpenseNet": -7108000, "ebit": 34655000, "interestExpense": -8735000, "incomeBeforeTax": 27547000, "incomeTaxExpense": 8021000, "minorityInterest": {}, "netIncomeFromContinuingOps": 19526000, "discontinuedOperations": {}, "extraordinaryItems": {}, "effectOfAccountingCharges": {}, "otherItems": {}, "netIncome": 19526000, "netIncomeApplicableToCommonShares": 19526000}], "maxAge": 86400}, "cashflowStatementHistoryQuarterly": {"cashflowStatements": [{"maxAge": 1, "endDate": "2020-03-31", "netIncome": 25245000, "changeToLiabilities": 0}, {"maxAge": 1, "endDate": "2019-12-31", "netIncome": 17979000, "changeToLiabilities": 0}, {"maxAge": 1, "endDate": "2019-09-30", "netIncome": 17374000, "changeToLiabilities": 0}, {"maxAge": 1, "endDate": "2019-06-30", "netIncome": 19526000, "changeToLiabilities": 0}], "maxAge": 86400}, "insiderHolders": {"holders": [{"maxAge": 1, "name": "Ashwamedh Enterprice Pvt. Ltd.", "relation": "Promoter", "url": "", "transactionDescription": "Other", "latestTransDate": "2020-06-29", "positionDirect": 0, "positionDirectDate": "2020-06-29"}, {"maxAge": 1, "name": "Chataiwala (Abdul Khalik)", "relation": "Chairman of the Board", "url": "", "transactionDescription": "Other", "latestTransDate": "2020-07-02", "positionDirect": 5809520, "positionDirectDate": "2020-07-02"}, {"maxAge": 1, "name": "Manesh (Smith)", "relation": "UNREPORTED", "url": "", "transactionDescription": "Acquisition", "latestTransDate": "2018-02-02", "positionDirect": 12000, "positionDirectDate": "2018-02-02"}, {"maxAge": 1, "name": "Rajani (Deepak Lachamandas)", "relation": "UNREPORTED", "url": "", "transactionDescription": "Other", "latestTransDate": "2020-07-02", "positionDirect": 0, "positionDirectDate": "2020-07-02"}], "maxAge": 1}, "calendarEvents": {"maxAge": 1, "earnings": {"earningsDate": ["2020-09-04 05:30:S"]}}, "upgradeDowngradeHistory": {"history": [], "maxAge": 86400}, "price": {"maxAge": 1, "regularMarketChangePercent": -0.0034891835, "regularMarketChange": -0.25, "regularMarketTime": "2021-04-30 15:29:10", "priceHint": 2, "regularMarketPrice": 71.4, "regularMarketDayHigh": 72.5, "regularMarketDayLow": 70.15, "regularMarketVolume": 6150, "averageDailyVolume10Day": 12615, "averageDailyVolume3Month": 38119, "regularMarketPreviousClose": 71.65, "regularMarketSource": "FREE_REALTIME", "regularMarketOpen": 72.0, "exchange": "BSE", "exchangeName": "BSE", "exchangeDataDelayedBy": 0, "marketState": "CLOSED", "quoteType": "EQUITY", "symbol": "LANCER.BO", "underlyingSymbol": null, "shortName": "Lancer Container Lines Limited", "longName": "Lancer Container Lines Limited", "currency": "INR", "quoteSourceName": "Delayed Quote", "currencySymbol": "\u20b9", "fromCurrency": null, "lastMarket": null, "marketCap": 717355840}, "balanceSheetHistory": {"balanceSheetStatements": [{"maxAge": 1, "endDate": "2020-03-31", "cash": 54068000, "netReceivables": 188411000, "inventory": 9351000, "otherCurrentAssets": 6628000, "totalCurrentAssets": 293078000, "longTermInvestments": 1000, "propertyPlantEquipment": 659736000, "otherAssets": 10526000, "totalAssets": 963341000, "accountsPayable": 226393000, "shortLongTermDebt": 57858000, "otherCurrentLiab": 12413000, "longTermDebt": 241954000, "otherLiab": 8151000, "deferredLongTermLiab": 184000, "totalCurrentLiabilities": 325169000, "totalLiab": 614900000, "commonStock": 100470000, "retainedEarnings": 247676000, "treasuryStock": 295000, "otherStockholderEquity": 295000, "totalStockholderEquity": 348441000, "netTangibleAssets": 348441000}, {"maxAge": 1, "endDate": "2019-03-31", "cash": 37135000, "netReceivables": 119903000, "otherCurrentAssets": 11620000, "totalCurrentAssets": 193461000, "longTermInvestments": 1000, "propertyPlantEquipment": 632994000, "otherAssets": 8816000, "totalAssets": 835272000, "accountsPayable": 133893000, "shortLongTermDebt": 54146000, "otherCurrentLiab": 27105000, "longTermDebt": 291908000, "otherLiab": 7202000, "deferredLongTermLiab": 275000, "totalCurrentLiabilities": 264770000, "totalLiab": 563880000, "commonStock": 100470000, "retainedEarnings": 170633000, "treasuryStock": 289000, "otherStockholderEquity": 289000, "totalStockholderEquity": 271392000, "netTangibleAssets": 271392000}, {"maxAge": 1, "endDate": "2018-03-31", "cash": 45764000, "netReceivables": 79976000, "otherCurrentAssets": 13017000, "totalCurrentAssets": 144659000, "longTermInvestments": 1000, "propertyPlantEquipment": 380064000, "otherAssets": 367000, "totalAssets": 525091000, "accountsPayable": 90148000, "shortLongTermDebt": 65918000, "otherCurrentLiab": 33787000, "longTermDebt": 137181000, "otherLiab": 1167000, "deferredLongTermLiab": 367000, "totalCurrentLiabilities": 197899000, "totalLiab": 336247000, "commonStock": 100470000, "retainedEarnings": 88273000, "treasuryStock": 101000, "otherStockholderEquity": 101000, "totalStockholderEquity": 188844000, "netTangibleAssets": 188844000}, {"maxAge": 1, "endDate": "2017-03-31", "cash": 44822734, "netReceivables": 62365485, "inventory": 9142403, "otherCurrentAssets": 11206638, "totalCurrentAssets": 127619020, "propertyPlantEquipment": 278456516, "totalAssets": 406075536, "accountsPayable": 59107094, "shortLongTermDebt": 44765018, "otherCurrentLiab": 23935668, "longTermDebt": 160210600, "otherLiab": 1469697, "totalCurrentLiabilities": 136361519, "totalLiab": 298041816, "commonStock": 57094000, "retainedEarnings": 30871500, "treasuryStock": 8610625, "capitalSurplus": 11457595, "otherStockholderEquity": 8610625, "totalStockholderEquity": 108033720, "netTangibleAssets": 108033720}], "maxAge": 86400}, "financialData": {"maxAge": 86400, "currentPrice": 71.4, "recommendationKey": "none", "grossProfits": 278436000, "financialCurrency": "INR"}}}