{"LANCORHOL.BO": {"cashflowStatementHistory": {"cashflowStatements": [{"maxAge": 1, "endDate": "2020-03-31", "netIncome": -57634000, "depreciation": 16165000, "changeToNetincome": -529000, "changeToAccountReceivables": 79000, "changeToLiabilities": -8988000, "changeToInventory": -276596000, "changeToOperatingActivities": 223460000, "totalCashFromOperatingActivities": -104043000, "capitalExpenditures": -19517000, "investments": -45000, "otherCashflowsFromInvestingActivities": 3048000, "totalCashflowsFromInvestingActivities": -16514000, "dividendsPaid": -8043000, "netBorrowings": 320660000, "otherCashflowsFromFinancingActivities": -245198000, "totalCashFromFinancingActivities": 67419000, "changeInCash": -53138000}, {"maxAge": 1, "endDate": "2019-03-31", "netIncome": 28545000, "depreciation": 18824000, "changeToNetincome": -26216000, "changeToAccountReceivables": 21160000, "changeToLiabilities": 34278000, "changeToInventory": 168190000, "changeToOperatingActivities": -112386000, "totalCashFromOperatingActivities": 132521000, "capitalExpenditures": -2766000, "investments": 5356000, "otherCashflowsFromInvestingActivities": 1521000, "totalCashflowsFromInvestingActivities": 89218000, "dividendsPaid": -8045000, "netBorrowings": 61792000, "otherCashflowsFromFinancingActivities": -215073000, "totalCashFromFinancingActivities": -161326000, "changeInCash": 60413000}, {"maxAge": 1, "endDate": "2018-03-31", "netIncome": 57867000, "depreciation": 20548000, "changeToNetincome": -62108000, "changeToAccountReceivables": -24717000, "changeToLiabilities": -1446000, "changeToInventory": 318085000, "changeToOperatingActivities": -294415000, "totalCashFromOperatingActivities": 13867000, "capitalExpenditures": -22952000, "investments": 4540000, "otherCashflowsFromInvestingActivities": 2440000, "totalCashflowsFromInvestingActivities": 76153000, "dividendsPaid": -8088000, "netBorrowings": 110127000, "otherCashflowsFromFinancingActivities": -213572000, "totalCashFromFinancingActivities": -111533000, "changeInCash": -21512000}, {"maxAge": 1, "endDate": "2017-03-31", "netIncome": 157297000, "depreciation": 27105000, "changeToNetincome": -197558000, "changeToAccountReceivables": 100179000, "changeToLiabilities": -73842000, "changeToInventory": 194824000, "changeToOperatingActivities": -189868000, "totalCashFromOperatingActivities": 18217000, "capitalExpenditures": -3296000, "investments": -2014000, "otherCashflowsFromInvestingActivities": 5235000, "totalCashflowsFromInvestingActivities": 798544000, "dividendsPaid": -40500000, "netBorrowings": -512871000, "otherCashflowsFromFinancingActivities": -216202000, "totalCashFromFinancingActivities": -769573000, "changeInCash": 47188000}], "maxAge": 86400}, "institutionOwnership": {"maxAge": 1, "ownershipList": []}, "balanceSheetHistoryQuarterly": {"balanceSheetStatements": [{"maxAge": 1, "endDate": "2020-06-30", "totalStockholderEquity": 1594808000, "netTangibleAssets": 1594727000}, {"maxAge": 1, "endDate": "2020-03-31", "cash": 53668000, "shortTermInvestments": 21935000, "netReceivables": 39308000, "inventory": 2853075000, "otherCurrentAssets": 93313000, "totalCurrentAssets": 3061299000, "longTermInvestments": 17623000, "propertyPlantEquipment": 183550000, "intangibleAssets": 81000, "otherAssets": 504277000, "deferredLongTermAssetCharges": 101099000, "totalAssets": 3766830000, "accountsPayable": 60324000, "shortLongTermDebt": 564954000, "otherCurrentLiab": 30726000, "longTermDebt": 1031204000, "otherLiab": 63275000, "minorityInterest": 448000, "totalCurrentLiabilities": 1077095000, "totalLiab": 2171574000, "commonStock": 81000000, "treasuryStock": 1513808000, "otherStockholderEquity": 1513808000, "totalStockholderEquity": 1594808000, "netTangibleAssets": 1594727000}, {"maxAge": 1, "endDate": "2019-12-31", "totalStockholderEquity": 1618657000, "netTangibleAssets": 1618567000}, {"maxAge": 1, "endDate": "2019-09-30", "cash": 47509000, "shortTermInvestments": 32702000, "netReceivables": 23375000, "inventory": 2836070000, "otherCurrentAssets": 125505000, "totalCurrentAssets": 3065161000, "longTermInvestments": 16792000, "propertyPlantEquipment": 175996000, "intangibleAssets": 90000, "otherAssets": 461792000, "deferredLongTermAssetCharges": 98686000, "totalAssets": 3719831000, "accountsPayable": 48017000, "shortLongTermDebt": 51786000, "otherCurrentLiab": 39341000, "longTermDebt": 1383430000, "otherLiab": 57958000, "minorityInterest": 452000, "totalCurrentLiabilities": 659334000, "totalLiab": 2100722000, "commonStock": 81000000, "treasuryStock": 1537657000, "otherStockholderEquity": 1537657000, "totalStockholderEquity": 1618657000, "netTangibleAssets": 1618567000}], "maxAge": 86400}, "indexTrend": {"maxAge": 1, "symbol": "SP5", "peRatio": 19.7411, "pegRatio": 1.34172, "estimates": [{"period": "0q", "growth": 0.549}, {"period": "+1q", "growth": 0.431}, {"period": "0y", "growth": 0.305}, {"period": "+1y", "growth": 0.109}, {"period": "+5y", "growth": 0.120859005}, {"period": "-5y"}]}, "insiderTransactions": {"transactions": [{"maxAge": 1, "shares": 302000, "filerUrl": "", "transactionText": "", "filerName": "G Corp Pvt Ltd", "filerRelation": "Institution- Corporation", "moneyText": "", "startDate": "2011-06-16", "ownership": "D"}, {"maxAge": 1, "shares": 302000, "filerUrl": "", "transactionText": "", "filerName": "G Crop Projects Pvt Ltd", "filerRelation": "Institution- Corporation", "moneyText": "", "startDate": "2011-06-16", "ownership": "D"}, {"maxAge": 1, "shares": 294000, "filerUrl": "", "transactionText": "", "filerName": "G Corp Pvt Ltd", "filerRelation": "Institution- Corporation", "moneyText": "", "startDate": "2011-03-16", "ownership": "D"}, {"maxAge": 1, "shares": 294000, "filerUrl": "", "transactionText": "", "filerName": "G Crop Projects Pvt Ltd", "filerRelation": "Institution- Corporation", "moneyText": "", "startDate": "2011-03-16", "ownership": "D"}, {"maxAge": 1, "shares": 161500, "filerUrl": "", "transactionText": "", "filerName": "G Crop Projects Pvt Ltd", "filerRelation": "Institution- Corporation", "moneyText": "", "startDate": "2011-02-21", "ownership": "D"}, {"maxAge": 1, "shares": 90000, "filerUrl": "", "transactionText": "", "filerName": "Shekar (R V)", "filerRelation": "Managing Director", "moneyText": "", "startDate": "2009-11-18", "ownership": "D"}, {"maxAge": 1, "shares": 61651, "filerUrl": "", "transactionText": "", "filerName": "Shekar (R V)", "filerRelation": "Managing Director", "moneyText": "", "startDate": "2009-11-10", "ownership": "D"}, {"maxAge": 1, "shares": 70000, "filerUrl": "", "transactionText": "", "filerName": "Shekar (R V)", "filerRelation": "Managing Director", "moneyText": "", "startDate": "2009-09-29", "ownership": "D"}, {"maxAge": 1, "shares": 14562, "filerUrl": "", "transactionText": "", "filerName": "Shekar (R V)", "filerRelation": "Managing Director", "moneyText": "", "startDate": "2009-09-25", "ownership": "D"}, {"maxAge": 1, "shares": 30799, "filerUrl": "", "transactionText": "", "filerName": "Shekar (R V)", "filerRelation": "Managing Director", "moneyText": "", "startDate": "2009-09-23", "ownership": "D"}, {"maxAge": 1, "shares": 123859, "filerUrl": "", "transactionText": "", "filerName": "Shekar (R V)", "filerRelation": "Managing Director", "moneyText": "", "startDate": "2009-09-18", "ownership": "D"}, {"maxAge": 1, "shares": 110000, "filerUrl": "", "transactionText": "", "filerName": "Shekar (R V)", "filerRelation": "Managing Director", "moneyText": "", "startDate": "2009-09-17", "ownership": "D"}, {"maxAge": 1, "shares": 154700, "filerUrl": "", "transactionText": "", "filerName": "Shekar (R V)", "filerRelation": "Managing Director", "moneyText": "", "startDate": "2009-09-16", "ownership": "D"}, {"maxAge": 1, "shares": 67441, "filerUrl": "", "transactionText": "", "filerName": "Shekar (R V)", "filerRelation": "Managing Director", "moneyText": "", "startDate": "2009-09-11", "ownership": "D"}, {"maxAge": 1, "shares": 274000, "filerUrl": "", "transactionText": "", "filerName": "Shekar (R V)", "filerRelation": "Managing Director", "moneyText": "", "startDate": "2009-09-10", "ownership": "D"}, {"maxAge": 1, "shares": 161500, "filerUrl": "", "transactionText": "", "filerName": "G Corp Pvt Ltd", "filerRelation": "Institution- Corporation", "moneyText": "", "startDate": "2007-09-29", "ownership": "D"}], "maxAge": 1}, "quoteType": {"exchange": "BSE", "quoteType": "EQUITY", "symbol": "LANCORHOL.BO", "underlyingSymbol": "LANCORHOL.BO", "shortName": "LANCOR HOLDINGS LTD.", "longName": "Lancor Holdings Limited", "firstTradeDateEpochUtc": "2000-01-03 09:15:00", "timeZoneFullName": "Asia/Kolkata", "timeZoneShortName": "IST", "uuid": "1fcab90b-9c3e-33d8-9d6a-23768196ff8a", "messageBoardId": null, "gmtOffSetMilliseconds": 19800000, "maxAge": 1}, "incomeStatementHistory": {"incomeStatementHistory": [{"maxAge": 1, "endDate": "2020-03-31", "totalRevenue": 582630000, "costOfRevenue": 204602000, "grossProfit": 378028000, "researchDevelopment": {}, "sellingGeneralAdministrative": 69745000, "nonRecurring": {}, "otherOperatingExpenses": 117451000, "totalOperatingExpenses": 407963000, "operatingIncome": 174667000, "totalOtherIncomeExpenseNet": -241295000, "ebit": 174667000, "interestExpense": -272068000, "incomeBeforeTax": -66628000, "incomeTaxExpense": -8992000, "minorityInterest": 448000, "netIncomeFromContinuingOps": -57636000, "discontinuedOperations": {}, "extraordinaryItems": {}, "effectOfAccountingCharges": {}, "otherItems": {}, "netIncome": -57634000, "netIncomeApplicableToCommonShares": -57634000}, {"maxAge": 1, "endDate": "2019-03-31", "totalRevenue": 920889000, "costOfRevenue": 484798000, "grossProfit": 436091000, "researchDevelopment": {}, "sellingGeneralAdministrative": 111360000, "nonRecurring": {}, "otherOperatingExpenses": 44079000, "totalOperatingExpenses": 659187000, "operatingIncome": 261702000, "totalOtherIncomeExpenseNet": -210434000, "ebit": 261702000, "interestExpense": -213133000, "incomeBeforeTax": 51268000, "incomeTaxExpense": 22764000, "minorityInterest": 450000, "netIncomeFromContinuingOps": 28504000, "discontinuedOperations": {}, "extraordinaryItems": {}, "effectOfAccountingCharges": {}, "otherItems": {}, "netIncome": 28545000, "netIncomeApplicableToCommonShares": 28545000}, {"maxAge": 1, "endDate": "2018-03-31", "totalRevenue": 754434000, "costOfRevenue": 351669000, "grossProfit": 402765000, "researchDevelopment": {}, "sellingGeneralAdministrative": 98067000, "nonRecurring": {}, "otherOperatingExpenses": 27604000, "totalOperatingExpenses": 497941000, "operatingIncome": 256493000, "totalOtherIncomeExpenseNet": -188376000, "ebit": 256493000, "interestExpense": -193023000, "incomeBeforeTax": 68117000, "incomeTaxExpense": 10242000, "minorityInterest": 491000, "netIncomeFromContinuingOps": 57875000, "discontinuedOperations": {}, "extraordinaryItems": {}, "effectOfAccountingCharges": {}, "otherItems": {}, "netIncome": 57867000, "netIncomeApplicableToCommonShares": 57867000}, {"maxAge": 1, "endDate": "2017-03-31", "totalRevenue": 827213000, "costOfRevenue": 305313000, "grossProfit": 521900000, "researchDevelopment": {}, "sellingGeneralAdministrative": 68419835, "nonRecurring": {}, "otherOperatingExpenses": 41202165, "totalOperatingExpenses": 442120000, "operatingIncome": 385093000, "totalOtherIncomeExpenseNet": -197784000, "ebit": 385093000, "interestExpense": -205766000, "incomeBeforeTax": 187309000, "incomeTaxExpense": 30007000, "minorityInterest": 482000, "netIncomeFromContinuingOps": 157302000, "discontinuedOperations": {}, "extraordinaryItems": {}, "effectOfAccountingCharges": {}, "otherItems": {}, "netIncome": 157297000, "netIncomeApplicableToCommonShares": 157297000}], "maxAge": 86400}, "fundOwnership": {"maxAge": 1, "ownershipList": []}, "summaryDetail": {"maxAge": 1, "priceHint": 2, "previousClose": 5.9, "open": 5.95, "dayLow": 5.5, "dayHigh": 5.95, "regularMarketPreviousClose": 5.9, "regularMarketOpen": 5.95, "regularMarketDayLow": 5.5, "regularMarketDayHigh": 5.95, "volume": 6972, "regularMarketVolume": 6972, "averageVolume": 37391, "averageVolume10days": 24413, "averageDailyVolume10Day": 24413, "bid": 5.54, "ask": 5.88, "bidSize": 0, "askSize": 0, "marketCap": 224370000, "fiftyTwoWeekLow": 2.15, "fiftyTwoWeekHigh": 8.14, "fiftyDayAverage": 6.8791428, "twoHundredDayAverage": 5.0452557, "trailingAnnualDividendRate": 0.05, "trailingAnnualDividendYield": 0.008474576, "currency": "INR", "fromCurrency": null, "toCurrency": null, "lastMarket": null, "algorithm": null, "tradeable": false}, "incomeStatementHistoryQuarterly": {"incomeStatementHistory": [{"maxAge": 1, "endDate": "2020-06-30", "totalRevenue": 36128000, "costOfRevenue": -28755000, "grossProfit": 64883000, "researchDevelopment": {}, "sellingGeneralAdministrative": 11362000, "nonRecurring": {}, "otherOperatingExpenses": 9450000, "totalOperatingExpenses": -4301000, "operatingIncome": 40429000, "totalOtherIncomeExpenseNet": -64683000, "ebit": 40429000, "interestExpense": -67663000, "incomeBeforeTax": -24254000, "incomeTaxExpense": -5337000, "minorityInterest": {}, "netIncomeFromContinuingOps": -18917000, "discontinuedOperations": {}, "extraordinaryItems": {}, "effectOfAccountingCharges": {}, "otherItems": {}, "netIncome": -18916000, "netIncomeApplicableToCommonShares": -18916000}, {"maxAge": 1, "endDate": "2020-03-31", "totalRevenue": 155931000, "costOfRevenue": 44792000, "grossProfit": 111139000, "researchDevelopment": {}, "sellingGeneralAdministrative": 16639000, "nonRecurring": {}, "otherOperatingExpenses": 29279000, "totalOperatingExpenses": 94763000, "operatingIncome": 61168000, "totalOtherIncomeExpenseNet": -71620000, "ebit": 61168000, "interestExpense": -72481000, "incomeBeforeTax": -10452000, "incomeTaxExpense": 785000, "minorityInterest": 448000, "netIncomeFromContinuingOps": -11237000, "discontinuedOperations": {}, "extraordinaryItems": {}, "effectOfAccountingCharges": {}, "otherItems": {}, "netIncome": -11233000, "netIncomeApplicableToCommonShares": -11233000}, {"maxAge": 1, "endDate": "2019-12-31", "totalRevenue": 201206000, "costOfRevenue": 102261000, "grossProfit": 98945000, "researchDevelopment": {}, "sellingGeneralAdministrative": 17899000, "nonRecurring": {}, "otherOperatingExpenses": 32489000, "totalOperatingExpenses": 156693000, "operatingIncome": 44513000, "totalOtherIncomeExpenseNet": -59826000, "ebit": 44513000, "interestExpense": -68907000, "incomeBeforeTax": -15313000, "incomeTaxExpense": -3171000, "minorityInterest": 448000, "netIncomeFromContinuingOps": -12142000, "discontinuedOperations": {}, "extraordinaryItems": {}, "effectOfAccountingCharges": {}, "otherItems": {}, "netIncome": -12141000, "netIncomeApplicableToCommonShares": -12141000}, {"maxAge": 1, "endDate": "2019-09-30", "totalRevenue": 100101000, "costOfRevenue": 14637000, "grossProfit": 85464000, "researchDevelopment": {}, "sellingGeneralAdministrative": 19360000, "nonRecurring": {}, "otherOperatingExpenses": 29345000, "totalOperatingExpenses": 67400000, "operatingIncome": 32701000, "totalOtherIncomeExpenseNet": -68694000, "ebit": 32701000, "interestExpense": -70069000, "incomeBeforeTax": -35993000, "incomeTaxExpense": -7293000, "minorityInterest": 452000, "netIncomeFromContinuingOps": -28700000, "discontinuedOperations": {}, "extraordinaryItems": {}, "effectOfAccountingCharges": {}, "otherItems": {}, "netIncome": -28700000, "netIncomeApplicableToCommonShares": -28700000}], "maxAge": 86400}, "cashflowStatementHistoryQuarterly": {"cashflowStatements": [{"maxAge": 1, "endDate": "2020-06-30", "netIncome": -18916000, "changeToLiabilities": 0}, {"maxAge": 1, "endDate": "2020-03-31", "netIncome": -11233000, "changeToLiabilities": 0}, {"maxAge": 1, "endDate": "2019-12-31", "netIncome": -12141000, "changeToLiabilities": 0}, {"maxAge": 1, "endDate": "2019-09-30", "netIncome": -28700000, "changeToLiabilities": 0}], "maxAge": 86400}, "insiderHolders": {"holders": [{"maxAge": 1, "name": "G Corp Pvt Ltd", "relation": "Institution- Corporation", "url": "", "transactionDescription": "Sale", "latestTransDate": "2011-06-16", "positionDirect": 760999, "positionDirectDate": "2011-06-16"}, {"maxAge": 1, "name": "G Crop Projects Pvt Ltd", "relation": "Institution- Corporation", "url": "", "transactionDescription": "Acquisition", "latestTransDate": "2011-06-16", "positionDirect": 2900000, "positionDirectDate": "2011-06-16"}, {"maxAge": 1, "name": "Shekar (R V)", "relation": "Managing Director", "url": "", "transactionDescription": "Acquisition", "latestTransDate": "2009-11-18", "positionDirect": 5911607, "positionDirectDate": "2009-11-18"}], "maxAge": 1}, "calendarEvents": {"maxAge": 1, "earnings": {"earningsDate": []}}, "price": {"maxAge": 1, "regularMarketChangePercent": -0.06101697, "regularMarketChange": -0.36000013, "regularMarketTime": "2021-04-30 15:24:53", "priceHint": 2, "regularMarketPrice": 5.54, "regularMarketDayHigh": 5.95, "regularMarketDayLow": 5.5, "regularMarketVolume": 6972, "averageDailyVolume10Day": 24413, "averageDailyVolume3Month": 37391, "regularMarketPreviousClose": 5.9, "regularMarketSource": "FREE_REALTIME", "regularMarketOpen": 5.95, "exchange": "BSE", "exchangeName": "BSE", "exchangeDataDelayedBy": 0, "marketState": "CLOSED", "quoteType": "EQUITY", "symbol": "LANCORHOL.BO", "underlyingSymbol": null, "shortName": "LANCOR HOLDINGS LTD.", "longName": "Lancor Holdings Limited", "currency": "INR", "quoteSourceName": "Delayed Quote", "currencySymbol": "\u20b9", "fromCurrency": null, "toCurrency": null, "lastMarket": null, "marketCap": 224370000}, "balanceSheetHistory": {"balanceSheetStatements": [{"maxAge": 1, "endDate": "2020-03-31", "cash": 53668000, "shortTermInvestments": 21935000, "netReceivables": 39308000, "inventory": 2853075000, "otherCurrentAssets": 93313000, "totalCurrentAssets": 3061299000, "longTermInvestments": 17623000, "propertyPlantEquipment": 183550000, "intangibleAssets": 81000, "otherAssets": 504277000, "deferredLongTermAssetCharges": 101099000, "totalAssets": 3766830000, "accountsPayable": 60324000, "shortLongTermDebt": 564954000, "otherCurrentLiab": 30726000, "longTermDebt": 1031204000, "otherLiab": 63275000, "minorityInterest": 448000, "totalCurrentLiabilities": 1077095000, "totalLiab": 2171574000, "commonStock": 81000000, "treasuryStock": 1513808000, "otherStockholderEquity": 1513808000, "totalStockholderEquity": 1594808000, "netTangibleAssets": 1594727000}, {"maxAge": 1, "endDate": "2019-03-31", "cash": 106545000, "shortTermInvestments": 19009000, "netReceivables": 188762000, "inventory": 2328601000, "otherCurrentAssets": 219651000, "totalCurrentAssets": 2864521000, "longTermInvestments": 2716000, "propertyPlantEquipment": 170785000, "intangibleAssets": 94000, "otherAssets": 493588000, "deferredLongTermAssetCharges": 91079000, "totalAssets": 3531704000, "accountsPayable": 77528000, "shortLongTermDebt": 28265000, "otherCurrentLiab": 66493000, "longTermDebt": 1109717000, "otherLiab": 65975000, "minorityInterest": 450000, "totalCurrentLiabilities": 692902000, "totalLiab": 1868594000, "commonStock": 81000000, "retainedEarnings": 1453294000, "treasuryStock": 3826000, "capitalSurplus": 124540000, "otherStockholderEquity": 3826000, "totalStockholderEquity": 1662660000, "netTangibleAssets": 1662566000}, {"maxAge": 1, "endDate": "2018-03-31", "cash": 46132000, "shortTermInvestments": 3000, "netReceivables": 142994000, "inventory": 2342203000, "otherCurrentAssets": 81844000, "totalCurrentAssets": 2625023000, "longTermInvestments": 3246000, "propertyPlantEquipment": 159017000, "intangibleAssets": 221000, "otherAssets": 657456000, "deferredLongTermAssetCharges": 104279000, "totalAssets": 3444963000, "accountsPayable": 48356000, "shortLongTermDebt": 17842000, "otherCurrentLiab": 58007000, "longTermDebt": 507386000, "otherLiab": 85410000, "minorityInterest": 491000, "totalCurrentLiabilities": 1207857000, "totalLiab": 1800653000, "commonStock": 81000000, "retainedEarnings": 1434453000, "treasuryStock": 3826000, "capitalSurplus": 124540000, "otherStockholderEquity": 3826000, "totalStockholderEquity": 1643819000, "netTangibleAssets": 1643598000}, {"maxAge": 1, "endDate": "2017-03-31", "cash": 67645000, "shortTermInvestments": 3000, "netReceivables": 51982000, "inventory": 2484355000, "otherCurrentAssets": 31450000, "totalCurrentAssets": 2648300000, "longTermInvestments": 3417000, "propertyPlantEquipment": 163610000, "intangibleAssets": 179000, "otherAssets": 505696000, "deferredLongTermAssetCharges": 98687000, "totalAssets": 3321202000, "accountsPayable": 67298000, "shortLongTermDebt": 517669000, "otherCurrentLiab": 76628000, "longTermDebt": 190251000, "otherLiab": 71278000, "minorityInterest": 482000, "totalCurrentLiabilities": 1464054000, "totalLiab": 1725583000, "commonStock": 81000000, "retainedEarnings": 1385771000, "treasuryStock": 3826000, "capitalSurplus": 124540000, "otherStockholderEquity": 3826000, "totalStockholderEquity": 1595137000, "netTangibleAssets": 1594958000}], "maxAge": 86400}, "financialData": {"maxAge": 86400, "currentPrice": 5.54, "recommendationKey": "none", "grossProfits": 378028000, "financialCurrency": "INR"}}}