{"LAOPALA.NS": {"assetProfile": {"address1": "Chitrakoot", "address2": "10th Floor 230A, AJC Bose Road", "city": "Kolkata", "zip": "700020", "country": "India", "phone": "91 76 0408 8814", "fax": "91 33 2287 0284", "website": "http://www.laopala.in", "industry": "Furnishings, Fixtures & Appliances", "sector": "Consumer Cyclical", "longBusinessSummary": "La Opala RG Limited manufactures and markets glass and glassware products in India and internationally. Its opal glass tableware products include plates, bowls, dinner sets, cup-saucer sets, coffee mugs and cups, tea and soup sets, and pudding and dessert sets; and crystalware products comprise barware, vases, bowls, and stemware. The company offers its products under the La Opala, Diva, and Solitaire brands. La Opala RG Limited was founded in 1987 and is based in Kolkata, India.", "fullTimeEmployees": 1067, "companyOfficers": [{"maxAge": 1, "name": "Mr. Sushil Kumar Jhunjhunwala", "age": 70, "title": "Exec. Chairman", "yearBorn": 1950, "fiscalYear": 2020, "totalPay": 38967000, "exercisedValue": 0, "unexercisedValue": 0}, {"maxAge": 1, "name": "Mr. Ajit  Jhunjhunwala", "age": 50, "title": "MD & Exec. Director", "yearBorn": 1970, "fiscalYear": 2020, "totalPay": 25311000, "exercisedValue": 0, "unexercisedValue": 0}, {"maxAge": 1, "name": "Ms. Nidhi  Jhunjhunwala", "age": 47, "title": "Sr. Mang. of Product Devel. & Exec. Director", "yearBorn": 1973, "fiscalYear": 2020, "totalPay": 11316000, "exercisedValue": 0, "unexercisedValue": 0}, {"maxAge": 1, "name": "Mr. Alok  Pandey", "title": "CFO & VP of Fin.", "fiscalYear": 2019, "exercisedValue": 0, "unexercisedValue": 0}, {"maxAge": 1, "name": "Ms. Kanchan Pandey Jaiswal", "title": "Company Sec. & Compliance Officer", "exercisedValue": 0, "unexercisedValue": 0}], "compensationAsOfEpochDate": "2020-12-31 05:30:00", "maxAge": 86400}, "recommendationTrend": {"trend": [{"period": "0m", "strongBuy": 0, "buy": 0, "hold": 0, "sell": 0, "strongSell": 0}, {"period": "-1m", "strongBuy": 0, "buy": 3, "hold": 0, "sell": 0, "strongSell": 0}, {"period": "-2m", "strongBuy": 0, "buy": 3, "hold": 0, "sell": 0, "strongSell": 0}, {"period": "-3m", "strongBuy": 0, "buy": 3, "hold": 0, "sell": 0, "strongSell": 0}], "maxAge": 86400}, "cashflowStatementHistory": {"cashflowStatements": [{"maxAge": 1, "endDate": "2020-03-31", "netIncome": 842693000, "depreciation": 160504000, "changeToNetincome": -227888000, "changeToAccountReceivables": 44041000, "changeToLiabilities": -20797000, "changeToInventory": -66921000, "totalCashFromOperatingActivities": 731822000, "capitalExpenditures": -358508000, "investments": -121678000, "otherCashflowsFromInvestingActivities": 4384000, "totalCashflowsFromInvestingActivities": -450926000, "dividendsPaid": -321460000, "netBorrowings": 40040000, "otherCashflowsFromFinancingActivities": -5745000, "totalCashFromFinancingActivities": -287165000, "changeInCash": -6269000}, {"maxAge": 1, "endDate": "2019-03-31", "netIncome": 740353000, "depreciation": 164396000, "changeToNetincome": -127030000, "changeToAccountReceivables": -158347000, "changeToLiabilities": 54671000, "changeToInventory": -168269000, "totalCashFromOperatingActivities": 506214000, "capitalExpenditures": -163509000, "investments": -163645000, "otherCashflowsFromInvestingActivities": 4025000, "totalCashflowsFromInvestingActivities": -321386000, "dividendsPaid": -147462000, "netBorrowings": -29657000, "otherCashflowsFromFinancingActivities": -6102000, "totalCashFromFinancingActivities": -183221000, "changeInCash": 1607000}, {"maxAge": 1, "endDate": "2018-03-31", "netIncome": 734378000, "depreciation": 137666000, "changeToNetincome": -94792000, "changeToAccountReceivables": -40451000, "changeToLiabilities": 41243000, "changeToInventory": 23939000, "totalCashFromOperatingActivities": 802399000, "capitalExpenditures": -357789000, "investments": -344373000, "otherCashflowsFromInvestingActivities": 7741000, "totalCashflowsFromInvestingActivities": -687331000, "dividendsPaid": -111000000, "netBorrowings": 37261000, "otherCashflowsFromFinancingActivities": -30949000, "totalCashFromFinancingActivities": -104688000, "changeInCash": 10380000}, {"maxAge": 1, "endDate": "2017-03-31", "netIncome": 621861000, "depreciation": 124364000, "changeToNetincome": -41863000, "changeToAccountReceivables": -50545000, "changeToLiabilities": -1567000, "changeToInventory": 65251000, "totalCashFromOperatingActivities": 717844000, "capitalExpenditures": -156203000, "investments": -377432000, "otherCashflowsFromInvestingActivities": 6907000, "totalCashflowsFromInvestingActivities": -516848000, "dividendsPaid": -119480000, "netBorrowings": -59622000, "otherCashflowsFromFinancingActivities": -13380000, "totalCashFromFinancingActivities": -192482000, "changeInCash": 8514000}], "maxAge": 86400}, "indexTrend": {"maxAge": 1, "symbol": "SP5", "peRatio": 19.7411, "pegRatio": 1.34172, "estimates": [{"period": "0q", "growth": 0.549}, {"period": "+1q", "growth": 0.431}, {"period": "0y", "growth": 0.305}, {"period": "+1y", "growth": 0.109}, {"period": "+5y", "growth": 0.120865}, {"period": "-5y"}]}, "defaultKeyStatistics": {"maxAge": 1, "priceHint": 2, "enterpriseValue": 22767071232, "forwardPE": 13.848351, "profitMargins": 0.22263001, "floatShares": 33794457, "sharesOutstanding": 111000000, "heldPercentInsiders": 0.71738, "heldPercentInstitutions": 0.15816, "beta": 0.67565, "category": null, "bookValue": 52.812, "priceToBook": 4.1325836, "fundFamily": null, "legalType": null, "lastFiscalYearEnd": "2020-03-31 05:30:00", "nextFiscalYearEnd": "2022-03-31 05:30:00", "mostRecentQuarter": "2020-12-31 05:30:00", "earningsQuarterlyGrowth": -0.005, "netIncomeToCommon": 433520000, "trailingEps": 3.9, "forwardEps": 15.06, "pegRatio": 0.65, "lastSplitFactor": "2:1", "lastSplitDate": "2018-03-22 05:30:00", "enterpriseToRevenue": 11.692, "enterpriseToEbitda": 36.266}, "industryTrend": {"maxAge": 1, "symbol": null, "estimates": []}, "quoteType": {"exchange": "NSI", "quoteType": "EQUITY", "symbol": "LAOPALA.NS", "underlyingSymbol": "LAOPALA.NS", "shortName": "LA-OPALA RG LTD", "longName": "La Opala RG Limited", "firstTradeDateEpochUtc": "2007-03-16 09:15:00", "timeZoneFullName": "Asia/Kolkata", "timeZoneShortName": "IST", "uuid": "5f1c9775-b993-3e1f-8850-e6219abbc20d", "gmtOffSetMilliseconds": 19800000, "maxAge": 1}, "incomeStatementHistory": {"incomeStatementHistory": [{"maxAge": 1, "endDate": "2020-03-31", "totalRevenue": 2700137000, "costOfRevenue": 442882000, "grossProfit": 2257255000, "researchDevelopment": {}, "sellingGeneralAdministrative": 526381000, "nonRecurring": {}, "otherOperatingExpenses": 685869000, "totalOperatingExpenses": 1814809000, "operatingIncome": 885328000, "totalOtherIncomeExpenseNet": 161160000, "ebit": 885328000, "interestExpense": -2235000, "incomeBeforeTax": 1046488000, "incomeTaxExpense": 203795000, "minorityInterest": {}, "netIncomeFromContinuingOps": 842693000, "discontinuedOperations": {}, "extraordinaryItems": {}, "effectOfAccountingCharges": {}, "otherItems": {}, "netIncome": 842693000, "netIncomeApplicableToCommonShares": 842693000}, {"maxAge": 1, "endDate": "2019-03-31", "totalRevenue": 2780977000, "costOfRevenue": 399626000, "grossProfit": 2381351000, "researchDevelopment": {}, "sellingGeneralAdministrative": 510484000, "nonRecurring": {}, "otherOperatingExpenses": 742240000, "totalOperatingExpenses": 1816909000, "operatingIncome": 964068000, "totalOtherIncomeExpenseNet": 162154000, "ebit": 964068000, "interestExpense": -2850000, "incomeBeforeTax": 1126222000, "incomeTaxExpense": 385869000, "minorityInterest": {}, "netIncomeFromContinuingOps": 740353000, "discontinuedOperations": {}, "extraordinaryItems": {}, "effectOfAccountingCharges": {}, "otherItems": {}, "netIncome": 740353000, "netIncomeApplicableToCommonShares": 740353000}, {"maxAge": 1, "endDate": "2018-03-31", "totalRevenue": 2592926000, "costOfRevenue": 490370000, "grossProfit": 2102556000, "researchDevelopment": {}, "sellingGeneralAdministrative": 391765000, "nonRecurring": {}, "otherOperatingExpenses": 616351000, "totalOperatingExpenses": 1636291000, "operatingIncome": 956635000, "totalOtherIncomeExpenseNet": 97974000, "ebit": 956635000, "interestExpense": -3497000, "incomeBeforeTax": 1054609000, "incomeTaxExpense": 320231000, "minorityInterest": {}, "netIncomeFromContinuingOps": 734378000, "discontinuedOperations": {}, "extraordinaryItems": {}, "effectOfAccountingCharges": {}, "otherItems": {}, "netIncome": 734378000, "netIncomeApplicableToCommonShares": 734378000}, {"maxAge": 1, "endDate": "2017-03-31", "totalRevenue": 2352491000, "costOfRevenue": 526786000, "grossProfit": 1825705000, "researchDevelopment": {}, "sellingGeneralAdministrative": 348080000, "nonRecurring": {}, "otherOperatingExpenses": 586860000, "totalOperatingExpenses": 1585879000, "operatingIncome": 766612000, "totalOtherIncomeExpenseNet": 93295000, "ebit": 766612000, "interestExpense": -4839000, "incomeBeforeTax": 859907000, "incomeTaxExpense": 238046000, "minorityInterest": {}, "netIncomeFromContinuingOps": 621861000, "discontinuedOperations": {}, "extraordinaryItems": {}, "effectOfAccountingCharges": {}, "otherItems": {}, "netIncome": 621861000, "netIncomeApplicableToCommonShares": 621861000}], "maxAge": 86400}, "fundOwnership": {"ownershipList": [{"maxAge": 1, "reportDate": "2021-01-31", "organization": "DFA Emerging Markets Small Cap Series", "pctHeld": 0.0011999999, "position": 131747, "value": 28641797}, {"maxAge": 1, "reportDate": "2021-01-31", "organization": "DFA Emerging Markets Core Equity Portfolio", "pctHeld": 0.001, "position": 107650, "value": 23403110}], "maxAge": 1}, "summaryDetail": {"maxAge": 1, "priceHint": 2, "previousClose": 227.65, "open": 223.0, "dayLow": 216.5, "dayHigh": 228.8, "regularMarketPreviousClose": 227.65, "regularMarketOpen": 223.0, "regularMarketDayLow": 216.5, "regularMarketDayHigh": 228.8, "exDividendDate": "2020-02-26 05:30:00", "payoutRatio": 0.3077, "beta": 0.67565, "trailingPE": 55.961536, "forwardPE": 14.492031, "volume": 76231, "regularMarketVolume": 76231, "averageVolume": 175384, "averageVolume10days": 128326, "averageDailyVolume10Day": 128326, "bid": 0.0, "ask": 0.0, "bidSize": 0, "askSize": 0, "marketCap": 24183191552, "fiftyTwoWeekLow": 140.0, "fiftyTwoWeekHigh": 251.85, "priceToSalesTrailing12Months": 12.41917, "fiftyDayAverage": 220.0591, "twoHundredDayAverage": 219.92679, "trailingAnnualDividendRate": 0.0, "trailingAnnualDividendYield": 0.0, "currency": "INR", "fromCurrency": null, "lastMarket": null, "algorithm": null, "tradeable": false}, "insiderHolders": {"holders": [{"maxAge": 1, "name": "Churiwal (Nivedan)", "relation": "UNREPORTED", "url": "", "transactionDescription": "Sale", "latestTransDate": "2017-08-29", "positionDirect": 0, "positionDirectDate": "2017-08-29"}, {"maxAge": 1, "name": "Churiwala Properties And Investments Pvt. Ltd.", "relation": "Institution- Corporation", "url": "", "transactionDescription": "Acquisition", "latestTransDate": "2017-10-13", "positionDirect": 94748, "positionDirectDate": "2017-10-13"}, {"maxAge": 1, "name": "Genesis Exports Ltd", "relation": "Promoter", "url": "", "transactionDescription": "Acquisition", "latestTransDate": "2019-08-14", "positionDirect": 51399000, "positionDirectDate": "2019-08-14"}, {"maxAge": 1, "name": "HDFC Small and Mid Cap Fund", "relation": "Promoter", "url": "", "transactionDescription": "Acquisition", "latestTransDate": "2020-01-31", "positionDirect": 5819400, "positionDirectDate": "2020-01-31"}, {"maxAge": 1, "name": "Jhunjhunwala (Abhyuday)", "relation": "UNREPORTED", "url": "", "transactionDescription": "Gift", "latestTransDate": "2018-09-27", "positionDirect": 700000, "positionDirectDate": "2018-09-27"}, {"maxAge": 1, "name": "Jhunjhunwala (Ajit)", "relation": "Managing Director", "url": "", "transactionDescription": "Gift", "latestTransDate": "2018-09-27", "positionDirect": 8393000, "positionDirectDate": "2018-09-27"}, {"maxAge": 1, "name": "Jhunjhunwala (Gayaneshwari Devi)", "relation": "Promoter", "url": "", "transactionDescription": "Acquisition", "latestTransDate": "2017-09-08", "positionDirect": 2486500, "positionDirectDate": "2017-09-08"}, {"maxAge": 1, "name": "Jhunjhunwala (Ishita)", "relation": "UNREPORTED", "url": "", "transactionDescription": "Gift", "latestTransDate": "2018-09-27", "positionDirect": 700000, "positionDirectDate": "2018-09-27"}, {"maxAge": 1, "name": "Jhunjhunwala (Nidhi)", "relation": "Director (Executive)", "url": "", "transactionDescription": "Gift", "latestTransDate": "2018-09-27", "positionDirect": 900000, "positionDirectDate": "2018-09-27"}, {"maxAge": 1, "name": "Jhunjhunwala (Sushil)", "relation": "Executive Chairman", "url": "", "transactionDescription": "Gift", "latestTransDate": "2018-09-27", "positionDirect": 4050000, "positionDirectDate": "2018-09-27"}], "maxAge": 1}, "calendarEvents": {"maxAge": 1, "earnings": {"earningsDate": ["2018-02-02 05:30:S", "2018-02-06 05:30:S"]}, "exDividendDate": "2020-02-26 05:30:00"}, "upgradeDowngradeHistory": {"history": [], "maxAge": 86400}, "price": {"maxAge": 1, "regularMarketChangePercent": -0.04129143, "regularMarketChange": -9.399994, "regularMarketTime": "2021-04-30 15:29:58", "priceHint": 2, "regularMarketPrice": 218.25, "regularMarketDayHigh": 228.8, "regularMarketDayLow": 216.5, "regularMarketVolume": 76231, "averageDailyVolume10Day": 128326, "averageDailyVolume3Month": 175384, "regularMarketPreviousClose": 227.65, "regularMarketSource": "FREE_REALTIME", "regularMarketOpen": 223.0, "exchange": "NSI", "exchangeName": "NSE", "exchangeDataDelayedBy": 15, "marketState": "CLOSED", "quoteType": "EQUITY", "symbol": "LAOPALA.NS", "underlyingSymbol": null, "shortName": "LA-OPALA RG LTD", "longName": "La Opala RG Limited", "currency": "INR", "quoteSourceName": "Delayed Quote", "currencySymbol": "\u20b9", "fromCurrency": null, "lastMarket": null, "marketCap": 24183191552}, "balanceSheetHistory": {"balanceSheetStatements": [{"maxAge": 1, "endDate": "2020-03-31", "cash": 1247000, "netReceivables": 444230000, "inventory": 550484000, "otherCurrentAssets": 55145000, "totalCurrentAssets": 3645105000, "longTermInvestments": 814628000, "propertyPlantEquipment": 1467369000, "intangibleAssets": 6261000, "otherAssets": 178098000, "totalAssets": 6111461000, "accountsPayable": 121105000, "otherCurrentLiab": 129274000, "otherLiab": 260632000, "totalCurrentLiabilities": 394839000, "totalLiab": 660434000, "commonStock": 222000000, "retainedEarnings": 3946345000, "treasuryStock": 720655000, "capitalSurplus": 562027000, "otherStockholderEquity": 720655000, "totalStockholderEquity": 5451027000, "netTangibleAssets": 5444766000}, {"maxAge": 1, "endDate": "2019-03-31", "cash": 7516000, "netReceivables": 490449000, "inventory": 483563000, "otherCurrentAssets": 47698000, "totalCurrentAssets": 3371067000, "longTermInvestments": 1221031000, "propertyPlantEquipment": 1232952000, "intangibleAssets": 4174000, "otherAssets": 182862000, "totalAssets": 6012086000, "accountsPayable": 128909000, "otherCurrentLiab": 121775000, "otherLiab": 347638000, "totalCurrentLiabilities": 373066000, "totalLiab": 720704000, "commonStock": 222000000, "retainedEarnings": 3429327000, "treasuryStock": 1078028000, "capitalSurplus": 562027000, "otherStockholderEquity": 1078028000, "totalStockholderEquity": 5291382000, "netTangibleAssets": 5287208000}, {"maxAge": 1, "endDate": "2018-03-31", "cash": 5909000, "netReceivables": 423131000, "inventory": 315295000, "otherCurrentAssets": 37151000, "totalCurrentAssets": 2802871000, "longTermInvestments": 1596845000, "propertyPlantEquipment": 1306731000, "intangibleAssets": 525000, "otherAssets": 58555000, "totalAssets": 5765527000, "accountsPayable": 99163000, "otherCurrentLiab": 124088000, "otherLiab": 370999000, "totalCurrentLiabilities": 358489000, "totalLiab": 729488000, "commonStock": 222000000, "retainedEarnings": 2841978000, "treasuryStock": 1410034000, "capitalSurplus": 562027000, "otherStockholderEquity": 1410034000, "totalStockholderEquity": 5036039000, "netTangibleAssets": 5035514000}, {"maxAge": 1, "endDate": "2017-03-31", "cash": 2311000, "netReceivables": 342939000, "inventory": 339232000, "otherCurrentAssets": 32969000, "totalCurrentAssets": 2270438000, "longTermInvestments": 1494999000, "propertyPlantEquipment": 1088193000, "intangibleAssets": 646000, "otherAssets": 98425000, "totalAssets": 4952701000, "accountsPayable": 65209000, "otherCurrentLiab": 84524000, "otherLiab": 373284000, "totalCurrentLiabilities": 231409000, "totalLiab": 604693000, "commonStock": 111000000, "retainedEarnings": 2353284000, "treasuryStock": 1321697000, "capitalSurplus": 562027000, "otherStockholderEquity": 1321697000, "totalStockholderEquity": 4348008000, "netTangibleAssets": 4347362000}], "maxAge": 86400}, "earningsTrend": {"trend": [{"maxAge": 1, "period": "0q", "endDate": "2018-03-31", "growth": {}, "earningsEstimate": {"avg": 0.0, "low": 0.0, "high": 0.0, "yearAgoEps": {}, "numberOfAnalysts": 0, "growth": {}}, "revenueEstimate": {"avg": 0, "low": 0, "high": 0, "numberOfAnalysts": 0, "yearAgoRevenue": {}, "growth": {}}, "epsTrend": {"current": 0.0, "7daysAgo": 0.0, "30daysAgo": 0.0, "60daysAgo": 0.0, "90daysAgo": 0.0}, "epsRevisions": {"upLast7days": 0, "upLast30days": 0, "downLast30days": 0, "downLast90days": {}}}, {"maxAge": 1, "period": "+1q", "endDate": "2018-06-30", "growth": {}, "earningsEstimate": {"avg": 0.0, "low": 0.0, "high": 0.0, "yearAgoEps": 2.42, "numberOfAnalysts": 0, "growth": {}}, "revenueEstimate": {"avg": 0, "low": 0, "high": 0, "numberOfAnalysts": 0, "yearAgoRevenue": {}, "growth": {}}, "epsTrend": {"current": 0.0, "7daysAgo": 0.0, "30daysAgo": 0.0, "60daysAgo": 0.0, "90daysAgo": 0.0}, "epsRevisions": {"upLast7days": 0, "upLast30days": 0, "downLast30days": 0, "downLast90days": {}}}, {"maxAge": 1, "period": "0y", "endDate": "2018-03-31", "growth": 0.366, "earningsEstimate": {"avg": 13.52, "low": 13.2, "high": 13.9, "yearAgoEps": 9.9, "numberOfAnalysts": 3, "growth": 0.366}, "revenueEstimate": {"avg": 2731080000, "low": 2653000000, "high": 2867240000, "numberOfAnalysts": 3, "yearAgoRevenue": 2596790000, "growth": 0.051999997}, "epsTrend": {"current": 13.52, "7daysAgo": 13.52, "30daysAgo": 13.45, "60daysAgo": 13.45, "90daysAgo": 13.45}, "epsRevisions": {"upLast7days": 0, "upLast30days": 1, "downLast30days": 0, "downLast90days": {}}}, {"maxAge": 1, "period": "+1y", "endDate": "2019-03-31", "growth": 0.16600001, "earningsEstimate": {"avg": 15.76, "low": 15.09, "high": 16.2, "yearAgoEps": 13.52, "numberOfAnalysts": 3, "growth": 0.16600001}, "revenueEstimate": {"avg": 3186210000, "low": 3128000000, "high": 3248000000, "numberOfAnalysts": 3, "yearAgoRevenue": 2731080000, "growth": 0.16700001}, "epsTrend": {"current": 15.76, "7daysAgo": 15.76, "30daysAgo": 16.16, "60daysAgo": 16.16, "90daysAgo": 15.16}, "epsRevisions": {"upLast7days": 0, "upLast30days": 0, "downLast30days": 0, "downLast90days": {}}}, {"maxAge": 1, "period": "+5y", "endDate": null, "growth": 0.74, "earningsEstimate": {"avg": {}, "low": {}, "high": {}, "yearAgoEps": {}, "numberOfAnalysts": {}, "growth": {}}, "revenueEstimate": {"avg": {}, "low": {}, "high": {}, "numberOfAnalysts": {}, "yearAgoRevenue": {}, "growth": {}}, "epsTrend": {"current": {}, "7daysAgo": {}, "30daysAgo": {}, "60daysAgo": {}, "90daysAgo": {}}, "epsRevisions": {"upLast7days": {}, "upLast30days": {}, "downLast30days": {}, "downLast90days": {}}}, {"maxAge": 1, "period": "-5y", "endDate": null, "growth": 0.22183001, "earningsEstimate": {"avg": {}, "low": {}, "high": {}, "yearAgoEps": {}, "numberOfAnalysts": {}, "growth": {}}, "revenueEstimate": {"avg": {}, "low": {}, "high": {}, "numberOfAnalysts": {}, "yearAgoRevenue": {}, "growth": {}}, "epsTrend": {"current": {}, "7daysAgo": {}, "30daysAgo": {}, "60daysAgo": {}, "90daysAgo": {}}, "epsRevisions": {"upLast7days": {}, "upLast30days": {}, "downLast30days": {}, "downLast90days": {}}}], "maxAge": 1}, "institutionOwnership": {"ownershipList": [], "maxAge": 1}, "majorHoldersBreakdown": {"maxAge": 1, "insidersPercentHeld": 0.71738, "institutionsPercentHeld": 0.15816, "institutionsFloatPercentHeld": 0.55962, "institutionsCount": 15}, "balanceSheetHistoryQuarterly": {"balanceSheetStatements": [{"maxAge": 1, "endDate": "2020-12-31", "totalStockholderEquity": 5823252000, "netTangibleAssets": 5815897000}, {"maxAge": 1, "endDate": "2020-09-30", "cash": 53716000, "shortTermInvestments": 2459758000, "netReceivables": 344907000, "inventory": 518765000, "otherCurrentAssets": 10071000, "totalCurrentAssets": 3387217000, "longTermInvestments": 1188834000, "propertyPlantEquipment": 1590186000, "intangibleAssets": 7355000, "otherAssets": 162663000, "totalAssets": 6336255000, "accountsPayable": 61729000, "otherCurrentLiab": 156329000, "otherLiab": 244262000, "totalCurrentLiabilities": 263890000, "totalLiab": 513003000, "commonStock": 222000000, "treasuryStock": 5601252000, "otherStockholderEquity": 5601252000, "totalStockholderEquity": 5823252000, "netTangibleAssets": 5815897000}, {"maxAge": 1, "endDate": "2020-06-30", "totalStockholderEquity": 5451027000, "netTangibleAssets": 5444766000}, {"maxAge": 1, "endDate": "2020-03-31", "cash": 1247000, "netReceivables": 444230000, "inventory": 550484000, "otherCurrentAssets": 55145000, "totalCurrentAssets": 3645105000, "longTermInvestments": 814628000, "propertyPlantEquipment": 1467369000, "intangibleAssets": 6261000, "otherAssets": 178098000, "totalAssets": 6111461000, "accountsPayable": 121105000, "otherCurrentLiab": 129274000, "otherLiab": 260632000, "totalCurrentLiabilities": 394839000, "totalLiab": 660434000, "commonStock": 222000000, "retainedEarnings": 3946345000, "treasuryStock": 720655000, "capitalSurplus": 562027000, "otherStockholderEquity": 720655000, "totalStockholderEquity": 5451027000, "netTangibleAssets": 5444766000}], "maxAge": 86400}, "earningsHistory": {"history": [{"maxAge": 1, "epsActual": {}, "epsEstimate": {}, "epsDifference": {}, "surprisePercent": {}, "quarter": {}, "period": "-4q"}, {"maxAge": 1, "epsActual": 2.42, "epsEstimate": 3.68, "epsDifference": -1.26, "surprisePercent": -0.342, "quarter": "2016-12-31", "period": "-3q"}, {"maxAge": 1, "epsActual": 2.27, "epsEstimate": 2.59, "epsDifference": -0.32, "surprisePercent": -0.124, "quarter": "2017-06-30", "period": "-2q"}, {"maxAge": 1, "epsActual": 4.12, "epsEstimate": 3.58, "epsDifference": 0.54, "surprisePercent": 0.15100001, "quarter": "2017-12-31", "period": "-1q"}], "maxAge": 86400}, "summaryProfile": {"address1": "Chitrakoot", "address2": "10th Floor 230A, AJC Bose Road", "city": "Kolkata", "zip": "700020", "country": "India", "phone": "91 76 0408 8814", "fax": "91 33 2287 0284", "website": "http://www.laopala.in", "industry": "Furnishings, Fixtures & Appliances", "sector": "Consumer Cyclical", "longBusinessSummary": "La Opala RG Limited manufactures and markets glass and glassware products in India and internationally. Its opal glass tableware products include plates, bowls, dinner sets, cup-saucer sets, coffee mugs and cups, tea and soup sets, and pudding and dessert sets; and crystalware products comprise barware, vases, bowls, and stemware. The company offers its products under the La Opala, Diva, and Solitaire brands. La Opala RG Limited was founded in 1987 and is based in Kolkata, India.", "fullTimeEmployees": 1067, "companyOfficers": [], "maxAge": 86400}, "netSharePurchaseActivity": {"maxAge": 1, "period": "6m", "buyInfoCount": 0, "buyInfoShares": 0, "sellInfoCount": 0, "netInfoCount": 0, "netInfoShares": 0, "netPercentInsiderShares": 0.0, "totalInsiderShares": 79648688}, "insiderTransactions": {"transactions": [{"maxAge": 1, "shares": 343000, "filerUrl": "", "transactionText": "", "filerName": "HDFC Small and Mid Cap Fund", "filerRelation": "Promoter", "moneyText": "", "startDate": "2020-01-31", "ownership": "D"}, {"maxAge": 1, "shares": 350000, "filerUrl": "", "transactionText": "", "filerName": "Genesis Exports Ltd", "filerRelation": "Promoter", "moneyText": "", "startDate": "2019-08-14", "ownership": "D"}, {"maxAge": 1, "shares": 46321854, "filerUrl": "", "transactionText": "", "filerName": "Genesis Exports Ltd", "filerRelation": "Promoter", "moneyText": "", "startDate": "2019-02-25", "ownership": "D"}, {"maxAge": 1, "shares": 1500000, "filerUrl": "", "transactionText": "", "filerName": "Jhunjhunwala (Ajit)", "filerRelation": "Managing Director", "moneyText": "", "startDate": "2018-09-27", "ownership": "D"}, {"maxAge": 1, "shares": 700000, "filerUrl": "", "transactionText": "", "filerName": "Jhunjhunwala (Abhyuday)", "filerRelation": "UNREPORTED", "moneyText": "", "startDate": "2018-09-27", "ownership": "D"}, {"maxAge": 1, "shares": 700000, "filerUrl": "", "transactionText": "", "filerName": "Jhunjhunwala (Ishita)", "filerRelation": "UNREPORTED", "moneyText": "", "startDate": "2018-09-27", "ownership": "D"}, {"maxAge": 1, "shares": 900000, "filerUrl": "", "transactionText": "", "filerName": "Jhunjhunwala (Nidhi)", "filerRelation": "Director (Executive)", "moneyText": "", "startDate": "2018-09-27", "ownership": "D"}, {"maxAge": 1, "shares": 1525000, "filerUrl": "", "transactionText": "", "filerName": "Jhunjhunwala (Sushil)", "filerRelation": "Executive Chairman", "moneyText": "", "startDate": "2018-09-27", "ownership": "D"}, {"maxAge": 1, "shares": 398, "filerUrl": "", "transactionText": "", "filerName": "Churiwala Properties And Investments Pvt. Ltd.", "filerRelation": "Institution- Corporation", "moneyText": "", "startDate": "2017-10-13", "ownership": "D"}, {"maxAge": 1, "shares": 1000, "filerUrl": "", "transactionText": "", "filerName": "Churiwala Properties And Investments Pvt. Ltd.", "filerRelation": "Institution- Corporation", "moneyText": "", "startDate": "2017-10-12", "ownership": "D"}, {"maxAge": 1, "shares": 852, "filerUrl": "", "transactionText": "", "filerName": "Churiwala Properties And Investments Pvt. Ltd.", "filerRelation": "Institution- Corporation", "moneyText": "", "startDate": "2017-10-11", "ownership": "D"}, {"maxAge": 1, "shares": 500, "filerUrl": "", "transactionText": "", "filerName": "Churiwala Properties And Investments Pvt. Ltd.", "filerRelation": "Institution- Corporation", "moneyText": "", "startDate": "2017-10-10", "ownership": "D"}, {"maxAge": 1, "shares": 1188, "filerUrl": "", "transactionText": "", "filerName": "Churiwala Properties And Investments Pvt. Ltd.", "filerRelation": "Institution- Corporation", "moneyText": "", "startDate": "2017-10-09", "ownership": "D"}, {"maxAge": 1, "shares": 15000, "filerUrl": "", "transactionText": "", "filerName": "Jhunjhunwala (Gayaneshwari Devi)", "filerRelation": "Promoter", "moneyText": "", "startDate": "2017-09-08", "ownership": "D"}, {"maxAge": 1, "shares": 50000, "filerUrl": "", "transactionText": "", "filerName": "Jhunjhunwala (Sushil)", "filerRelation": "Vice Chairman", "moneyText": "", "startDate": "2017-09-08", "ownership": "D"}, {"maxAge": 1, "shares": 4143, "filerUrl": "", "transactionText": "", "filerName": "Churiwal (Nivedan)", "filerRelation": "UNREPORTED", "moneyText": "", "startDate": "2017-08-29", "ownership": "D"}, {"maxAge": 1, "shares": 6557, "filerUrl": "", "transactionText": "", "filerName": "Churiwal (Nivedan)", "filerRelation": "UNREPORTED", "moneyText": "", "startDate": "2017-08-28", "ownership": "D"}, {"maxAge": 1, "shares": 340, "filerUrl": "", "transactionText": "", "filerName": "Churiwal (Shubha)", "filerRelation": "UNREPORTED", "moneyText": "", "startDate": "2017-08-28", "ownership": "D"}, {"maxAge": 1, "shares": 2000, "filerUrl": "", "transactionText": "", "filerName": "Churiwal (Shubha)", "filerRelation": "UNREPORTED", "moneyText": "", "startDate": "2017-08-16", "ownership": "D"}, {"maxAge": 1, "shares": 361, "filerUrl": "", "transactionText": "", "filerName": "Churiwal (Shubha)", "filerRelation": "UNREPORTED", "moneyText": "", "startDate": "2017-08-14", "ownership": "D"}, {"maxAge": 1, "shares": 200, "filerUrl": "", "transactionText": "", "filerName": "Churiwal (Shubha)", "filerRelation": "UNREPORTED", "moneyText": "", "startDate": "2017-08-11", "ownership": "D"}, {"maxAge": 1, "shares": 349, "filerUrl": "", "transactionText": "", "filerName": "Churiwal (Shubha)", "filerRelation": "UNREPORTED", "moneyText": "", "startDate": "2017-08-10", "ownership": "D"}, {"maxAge": 1, "shares": 9500, "filerUrl": "", "transactionText": "", "filerName": "Churiwal (Shubha)", "filerRelation": "UNREPORTED", "moneyText": "", "startDate": "2017-08-09", "ownership": "D"}, {"maxAge": 1, "shares": 200, "filerUrl": "", "transactionText": "", "filerName": "Churiwal (Nivedan)", "filerRelation": "UNREPORTED", "moneyText": "", "startDate": "2014-11-26", "ownership": "D"}, {"maxAge": 1, "shares": 8600, "filerUrl": "", "transactionText": "", "filerName": "Churiwal (Nivedan)", "filerRelation": "UNREPORTED", "moneyText": "", "startDate": "2014-11-20", "ownership": "D"}, {"maxAge": 1, "shares": 10250, "filerUrl": "", "transactionText": "", "filerName": "Churiwal (Shubha)", "filerRelation": "UNREPORTED", "moneyText": "", "startDate": "2014-11-20", "ownership": "D"}, {"maxAge": 1, "shares": 300, "filerUrl": "", "transactionText": "", "filerName": "Churiwal (Nivedan)", "filerRelation": "UNREPORTED", "moneyText": "", "startDate": "2014-09-16", "ownership": "D"}, {"maxAge": 1, "shares": 350, "filerUrl": "", "transactionText": "", "filerName": "Churiwal (Shubha)", "filerRelation": "UNREPORTED", "moneyText": "", "startDate": "2014-08-05", "ownership": "D"}, {"maxAge": 1, "shares": 350, "filerUrl": "", "transactionText": "", "filerName": "Churiwal (Nivedan)", "filerRelation": "UNREPORTED", "moneyText": "", "startDate": "2014-08-05", "ownership": "D"}, {"maxAge": 1, "shares": 450, "filerUrl": "", "transactionText": "", "filerName": "Churiwal (Shubha)", "filerRelation": "UNREPORTED", "moneyText": "", "startDate": "2014-05-20", "ownership": "D"}, {"maxAge": 1, "shares": 200, "filerUrl": "", "transactionText": "", "filerName": "Churiwal (Shubha)", "filerRelation": "UNREPORTED", "moneyText": "", "startDate": "2014-05-19", "ownership": "D"}, {"maxAge": 1, "shares": 550, "filerUrl": "", "transactionText": "", "filerName": "Churiwal (Nivedan)", "filerRelation": "UNREPORTED", "moneyText": "", "startDate": "2014-05-19", "ownership": "D"}, {"maxAge": 1, "shares": 1200, "filerUrl": "", "transactionText": "", "filerName": "Genesis Exports Ltd", "filerRelation": "Institution- Corporation", "moneyText": "", "startDate": "2009-09-03", "ownership": "D"}, {"maxAge": 1, "shares": 50691, "filerUrl": "", "transactionText": "", "filerName": "Genesis Exports Ltd", "filerRelation": "Institution- Corporation", "moneyText": "", "startDate": "2009-08-28", "ownership": "D"}, {"maxAge": 1, "shares": 4464, "filerUrl": "", "transactionText": "", "filerName": "Genesis Exports Ltd", "filerRelation": "Institution- Corporation", "moneyText": "", "startDate": "2009-08-21", "ownership": "D"}], "maxAge": 1}, "sectorTrend": {"maxAge": 1, "symbol": null, "estimates": []}, "incomeStatementHistoryQuarterly": {"incomeStatementHistory": [{"maxAge": 1, "endDate": "2020-12-31", "totalRevenue": 783851000, "costOfRevenue": 327412000, "grossProfit": 456439000, "researchDevelopment": {}, "sellingGeneralAdministrative": 105664000, "nonRecurring": {}, "otherOperatingExpenses": 38291000, "totalOperatingExpenses": 501108000, "operatingIncome": 282743000, "totalOtherIncomeExpenseNet": 44808000, "ebit": 282743000, "interestExpense": -538000, "incomeBeforeTax": 327551000, "incomeTaxExpense": 74409000, "minorityInterest": {}, "netIncomeFromContinuingOps": 253142000, "discontinuedOperations": {}, "extraordinaryItems": {}, "effectOfAccountingCharges": {}, "otherItems": {}, "netIncome": 253142000, "netIncomeApplicableToCommonShares": 253142000}, {"maxAge": 1, "endDate": "2020-09-30", "totalRevenue": 424146000, "costOfRevenue": 179121000, "grossProfit": 245025000, "researchDevelopment": {}, "sellingGeneralAdministrative": 80322000, "nonRecurring": {}, "otherOperatingExpenses": 39794000, "totalOperatingExpenses": 328880000, "operatingIncome": 95266000, "totalOtherIncomeExpenseNet": -134000, "ebit": 95266000, "interestExpense": -661000, "incomeBeforeTax": 95132000, "incomeTaxExpense": 21255000, "minorityInterest": {}, "netIncomeFromContinuingOps": 73877000, "discontinuedOperations": {}, "extraordinaryItems": {}, "effectOfAccountingCharges": {}, "otherItems": {}, "netIncome": 73877000, "netIncomeApplicableToCommonShares": 73877000}, {"maxAge": 1, "endDate": "2020-06-30", "totalRevenue": 101096000, "costOfRevenue": -7014000, "grossProfit": 108110000, "researchDevelopment": {}, "sellingGeneralAdministrative": 85252000, "nonRecurring": {}, "otherOperatingExpenses": 50277000, "totalOperatingExpenses": 160661000, "operatingIncome": -59565000, "totalOtherIncomeExpenseNet": 6528000, "ebit": -59565000, "interestExpense": -783000, "incomeBeforeTax": -53037000, "incomeTaxExpense": -22677000, "minorityInterest": {}, "netIncomeFromContinuingOps": -30360000, "discontinuedOperations": {}, "extraordinaryItems": {}, "effectOfAccountingCharges": {}, "otherItems": {}, "netIncome": -30360000, "netIncomeApplicableToCommonShares": -30360000}, {"maxAge": 1, "endDate": "2020-03-31", "totalRevenue": 638154000, "costOfRevenue": -185155000, "grossProfit": 823309000, "researchDevelopment": {}, "sellingGeneralAdministrative": 168482000, "nonRecurring": {}, "otherOperatingExpenses": 463340000, "totalOperatingExpenses": 484089000, "operatingIncome": 154065000, "totalOtherIncomeExpenseNet": 23444000, "ebit": 154065000, "interestExpense": -783000, "incomeBeforeTax": 177509000, "incomeTaxExpense": 40648000, "minorityInterest": {}, "netIncomeFromContinuingOps": 136861000, "discontinuedOperations": {}, "extraordinaryItems": {}, "effectOfAccountingCharges": {}, "otherItems": {}, "netIncome": 136861000, "netIncomeApplicableToCommonShares": 136861000}], "maxAge": 86400}, "cashflowStatementHistoryQuarterly": {"cashflowStatements": [{"maxAge": 1, "endDate": "2020-12-31", "netIncome": 253142000, "changeToLiabilities": 0}, {"maxAge": 1, "endDate": "2020-09-30", "netIncome": 73877000, "changeToLiabilities": 0}, {"maxAge": 1, "endDate": "2020-06-30", "netIncome": -30360000, "changeToLiabilities": 0}, {"maxAge": 1, "endDate": "2020-03-31", "netIncome": 136861000, "changeToLiabilities": 0}], "maxAge": 86400}, "earnings": {"maxAge": 86400, "earningsChart": {"quarterly": [{"date": "4Q2016", "actual": 2.42, "estimate": 3.68}, {"date": "2Q2017", "actual": 2.27, "estimate": 2.59}, {"date": "4Q2017", "actual": 4.12, "estimate": 3.58}], "currentQuarterEstimateDate": "1Q", "currentQuarterEstimateYear": 2018, "earningsDate": ["2018-02-02 05:30:S", "2018-02-06 05:30:S"]}, "financialsChart": {"yearly": [{"date": 2017, "revenue": 2352491000, "earnings": 621861000}, {"date": 2018, "revenue": 2592926000, "earnings": 734378000}, {"date": 2019, "revenue": 2780977000, "earnings": 740353000}, {"date": 2020, "revenue": 2700137000, "earnings": 842693000}], "quarterly": [{"date": "1Q2020", "revenue": 638154000, "earnings": 136861000}, {"date": "2Q2020", "revenue": 101096000, "earnings": -30360000}, {"date": "3Q2020", "revenue": 424146000, "earnings": 73877000}, {"date": "4Q2020", "revenue": 783851000, "earnings": 253142000}]}, "financialCurrency": "INR"}, "financialData": {"maxAge": 86400, "currentPrice": 218.25, "targetHighPrice": 730.0, "targetLowPrice": 649.0, "targetMeanPrice": 689.5, "targetMedianPrice": 689.5, "recommendationMean": 2.0, "recommendationKey": "buy", "numberOfAnalystOpinions": 2, "totalCash": 2513474048, "totalCashPerShare": 22.638, "ebitda": 627777024, "totalDebt": 5205000, "totalRevenue": 1947246976, "debtToEquity": 0.089, "revenuePerShare": 17.528, "grossProfits": 2257255000, "earningsGrowth": -0.004, "revenueGrowth": -0.023, "grossMargins": 0.83856004, "ebitdaMargins": 0.32239, "operatingMargins": 0.24264999, "profitMargins": 0.22263001, "financialCurrency": "INR"}}}