{"LATIMMETAL.BO": {"cashflowStatementHistory": {"cashflowStatements": [{"maxAge": 1, "endDate": "2020-03-31", "netIncome": -137999000, "depreciation": 48383000, "changeToNetincome": 54394000, "changeToAccountReceivables": -10478000, "changeToLiabilities": 153074000, "changeToInventory": 166623000, "changeToOperatingActivities": 16700000, "totalCashFromOperatingActivities": 290697000, "capitalExpenditures": -30854000, "investments": -11206000, "otherCashflowsFromInvestingActivities": 2364000, "totalCashflowsFromInvestingActivities": -39696000, "netBorrowings": -187302000, "otherCashflowsFromFinancingActivities": -59570000, "totalCashFromFinancingActivities": -246872000, "changeInCash": 4129000}, {"maxAge": 1, "endDate": "2019-03-31", "netIncome": -45340000, "depreciation": 42203000, "changeToNetincome": 59130000, "changeToAccountReceivables": -114297000, "changeToLiabilities": -164292000, "changeToInventory": -82554000, "changeToOperatingActivities": 56165000, "totalCashFromOperatingActivities": -248880000, "capitalExpenditures": -34465000, "investments": 10302000, "otherCashflowsFromInvestingActivities": 2409000, "totalCashflowsFromInvestingActivities": -21754000, "netBorrowings": 228632000, "otherCashflowsFromFinancingActivities": -68681000, "totalCashFromFinancingActivities": 268251000, "changeInCash": -2384000, "issuanceOfStock": 108300000}, {"maxAge": 1, "endDate": "2018-03-31", "netIncome": 2552000, "depreciation": 3681000, "changeToNetincome": 13209000, "changeToAccountReceivables": -25155000, "changeToLiabilities": 378585000, "changeToInventory": -268033000, "changeToOperatingActivities": -80470000, "totalCashFromOperatingActivities": 24370000, "capitalExpenditures": -213324000, "investments": -37725000, "otherCashflowsFromInvestingActivities": 2641000, "totalCashflowsFromInvestingActivities": -248408000, "netBorrowings": 186973000, "otherCashflowsFromFinancingActivities": -12911000, "totalCashFromFinancingActivities": 201738000, "changeInCash": -22302000, "issuanceOfStock": 27676000}, {"maxAge": 1, "endDate": "2017-03-31", "netIncome": 63158000, "depreciation": 242000, "changeToNetincome": -73173000, "changeToAccountReceivables": -9517000, "changeToLiabilities": -25071000, "changeToInventory": 14625000, "changeToOperatingActivities": -8428000, "totalCashFromOperatingActivities": -38164000, "capitalExpenditures": -2754000, "investments": -37725000, "otherCashflowsFromInvestingActivities": 2641000, "totalCashflowsFromInvestingActivities": 86397000, "netBorrowings": -60836000, "otherCashflowsFromFinancingActivities": 11982000, "totalCashFromFinancingActivities": -28234000, "changeInCash": 19999000, "issuanceOfStock": 20620000}], "maxAge": 86400}, "institutionOwnership": {"maxAge": 1, "ownershipList": []}, "balanceSheetHistoryQuarterly": {"balanceSheetStatements": [{"maxAge": 1, "endDate": "2020-06-30", "totalStockholderEquity": 4803000, "netTangibleAssets": 4576000}, {"maxAge": 1, "endDate": "2020-03-31", "cash": 25087000, "shortTermInvestments": 1659000, "netReceivables": 202465000, "inventory": 310318000, "otherCurrentAssets": 66662000, "totalCurrentAssets": 606191000, "longTermInvestments": 23025000, "propertyPlantEquipment": 200370000, "intangibleAssets": 227000, "totalAssets": 829813000, "accountsPayable": 385814000, "shortLongTermDebt": 23168000, "otherCurrentLiab": 31154000, "longTermDebt": 196949000, "otherLiab": 3567000, "totalCurrentLiabilities": 624494000, "totalLiab": 825010000, "commonStock": 88314000, "treasuryStock": -83511000, "otherStockholderEquity": -83511000, "totalStockholderEquity": 4803000, "netTangibleAssets": 4576000}, {"maxAge": 1, "endDate": "2019-12-31", "totalStockholderEquity": 46702000, "netTangibleAssets": 46232000}, {"maxAge": 1, "endDate": "2019-09-30", "cash": 23609000, "shortTermInvestments": 1161000, "netReceivables": 189250000, "inventory": 386494000, "otherCurrentAssets": 69472000, "totalCurrentAssets": 669986000, "longTermInvestments": 24798000, "propertyPlantEquipment": 224263000, "intangibleAssets": 470000, "otherAssets": 1000, "totalAssets": 919518000, "accountsPayable": 434936000, "shortLongTermDebt": 29415000, "otherCurrentLiab": 17388000, "longTermDebt": 184318000, "otherLiab": 5205000, "totalCurrentLiabilities": 666362000, "totalLiab": 872816000, "commonStock": 88314000, "treasuryStock": -41612000, "otherStockholderEquity": -41612000, "totalStockholderEquity": 46702000, "netTangibleAssets": 46232000}], "maxAge": 86400}, "indexTrend": {"maxAge": 1, "symbol": "SP5", "peRatio": 19.7411, "pegRatio": 1.34172, "estimates": [{"period": "0q", "growth": 0.549}, {"period": "+1q", "growth": 0.431}, {"period": "0y", "growth": 0.305}, {"period": "+1y", "growth": 0.109}, {"period": "+5y", "growth": 0.120859005}, {"period": "-5y"}]}, "insiderTransactions": {"transactions": [{"maxAge": 1, "shares": 79000, "filerUrl": "", "transactionText": "", "filerName": "Timbadia (Parth Rahul)", "filerRelation": "Promoter", "moneyText": "", "startDate": "2020-02-14", "ownership": "D"}], "maxAge": 1}, "quoteType": {"exchange": "BSE", "quoteType": "EQUITY", "symbol": "LATIMMETAL.BO", "underlyingSymbol": "LATIMMETAL.BO", "shortName": "La Tim Metal & Industries Limi", "longName": "La Tim Metal & Industries Limited", "firstTradeDateEpochUtc": "2011-11-18 09:15:00", "timeZoneFullName": "Asia/Kolkata", "timeZoneShortName": "IST", "uuid": "b21cc205-9f52-3765-8230-aca398fe78e3", "messageBoardId": null, "gmtOffSetMilliseconds": 19800000, "maxAge": 1}, "incomeStatementHistory": {"incomeStatementHistory": [{"maxAge": 1, "endDate": "2020-03-31", "totalRevenue": 1773727000, "costOfRevenue": 1708274000, "grossProfit": 65453000, "researchDevelopment": {}, "sellingGeneralAdministrative": 32361000, "nonRecurring": {}, "otherOperatingExpenses": 71091000, "totalOperatingExpenses": 1860109000, "operatingIncome": -86382000, "totalOtherIncomeExpenseNet": -55520000, "ebit": -86382000, "interestExpense": -63047000, "incomeBeforeTax": -141902000, "incomeTaxExpense": -3903000, "minorityInterest": {}, "netIncomeFromContinuingOps": -137999000, "discontinuedOperations": {}, "extraordinaryItems": {}, "effectOfAccountingCharges": {}, "otherItems": {}, "netIncome": -137999000, "netIncomeApplicableToCommonShares": -137999000}, {"maxAge": 1, "endDate": "2019-03-31", "totalRevenue": 3473056000, "costOfRevenue": 3262997000, "grossProfit": 210059000, "researchDevelopment": {}, "sellingGeneralAdministrative": 49798000, "nonRecurring": {}, "otherOperatingExpenses": 83061000, "totalOperatingExpenses": 3438058000, "operatingIncome": 34998000, "totalOtherIncomeExpenseNet": -79332000, "ebit": 34998000, "interestExpense": -68691000, "incomeBeforeTax": -44334000, "incomeTaxExpense": 1006000, "minorityInterest": {}, "netIncomeFromContinuingOps": -45340000, "discontinuedOperations": {}, "extraordinaryItems": {}, "effectOfAccountingCharges": {}, "otherItems": {}, "netIncome": -45340000, "netIncomeApplicableToCommonShares": -45340000}, {"maxAge": 1, "endDate": "2018-03-31", "totalRevenue": 1202137000, "costOfRevenue": 1133587000, "grossProfit": 68550000, "researchDevelopment": {}, "sellingGeneralAdministrative": 18817000, "nonRecurring": {}, "otherOperatingExpenses": 25793000, "totalOperatingExpenses": 1181878000, "operatingIncome": 20259000, "totalOtherIncomeExpenseNet": -6177000, "ebit": 20259000, "interestExpense": -13072000, "incomeBeforeTax": 14082000, "incomeTaxExpense": 11530000, "minorityInterest": {}, "netIncomeFromContinuingOps": 2552000, "discontinuedOperations": {}, "extraordinaryItems": {}, "effectOfAccountingCharges": {}, "otherItems": {}, "netIncome": 2552000, "netIncomeApplicableToCommonShares": 2552000}, {"maxAge": 1, "endDate": "2017-03-31", "totalRevenue": 79072000, "costOfRevenue": 72839000, "grossProfit": 6233000, "researchDevelopment": {}, "sellingGeneralAdministrative": 6170000, "nonRecurring": {}, "otherOperatingExpenses": 25793000, "totalOperatingExpenses": 79251000, "operatingIncome": -179000, "totalOtherIncomeExpenseNet": 79837000, "ebit": -179000, "interestExpense": -3602000, "incomeBeforeTax": 79658000, "incomeTaxExpense": 16500000, "minorityInterest": {}, "netIncomeFromContinuingOps": 63158000, "discontinuedOperations": {}, "extraordinaryItems": {}, "effectOfAccountingCharges": {}, "otherItems": {}, "netIncome": 63158000, "netIncomeApplicableToCommonShares": 63158000}], "maxAge": 86400}, "fundOwnership": {"maxAge": 1, "ownershipList": []}, "summaryDetail": {"maxAge": 1, "priceHint": 2, "previousClose": 50.5, "open": 50.0, "dayLow": 45.45, "dayHigh": 52.0, "regularMarketPreviousClose": 50.5, "regularMarketOpen": 50.0, "regularMarketDayLow": 45.45, "regularMarketDayHigh": 52.0, "volume": 35348, "regularMarketVolume": 35348, "averageVolume": 1029, "averageVolume10days": 7303, "averageDailyVolume10Day": 7303, "bid": 45.45, "ask": 45.75, "bidSize": 0, "askSize": 0, "marketCap": 404037920, "fiftyTwoWeekLow": 29.2, "fiftyTwoWeekHigh": 52.0, "fiftyDayAverage": 39.67143, "twoHundredDayAverage": 36.291607, "currency": "INR", "fromCurrency": null, "toCurrency": null, "lastMarket": null, "algorithm": null, "tradeable": false}, "incomeStatementHistoryQuarterly": {"incomeStatementHistory": [{"maxAge": 1, "endDate": "2020-06-30", "totalRevenue": 540189000, "costOfRevenue": 513085000, "grossProfit": 27104000, "researchDevelopment": {}, "sellingGeneralAdministrative": 5572000, "nonRecurring": {}, "otherOperatingExpenses": 6445000, "totalOperatingExpenses": 529679000, "operatingIncome": 10510000, "totalOtherIncomeExpenseNet": -9846000, "ebit": 10510000, "interestExpense": -12760000, "incomeBeforeTax": 664000, "incomeTaxExpense": 576000, "minorityInterest": {}, "netIncomeFromContinuingOps": 88000, "discontinuedOperations": {}, "extraordinaryItems": {}, "effectOfAccountingCharges": {}, "otherItems": {}, "netIncome": 88000, "netIncomeApplicableToCommonShares": 88000}, {"maxAge": 1, "endDate": "2020-03-31", "totalRevenue": 288372000, "costOfRevenue": 258952000, "grossProfit": 29420000, "researchDevelopment": {}, "sellingGeneralAdministrative": 7606000, "nonRecurring": {}, "otherOperatingExpenses": 21368000, "totalOperatingExpenses": 299965000, "operatingIncome": -11593000, "totalOtherIncomeExpenseNet": -15806000, "ebit": -11593000, "interestExpense": -15820000, "incomeBeforeTax": -27399000, "incomeTaxExpense": 4065000, "minorityInterest": {}, "netIncomeFromContinuingOps": -31464000, "discontinuedOperations": {}, "extraordinaryItems": {}, "effectOfAccountingCharges": {}, "otherItems": {}, "netIncome": -31464000, "netIncomeApplicableToCommonShares": -31464000}, {"maxAge": 1, "endDate": "2019-12-31", "totalRevenue": 324030000, "costOfRevenue": 285330000, "grossProfit": 38700000, "researchDevelopment": {}, "sellingGeneralAdministrative": 7790000, "nonRecurring": {}, "otherOperatingExpenses": 18640000, "totalOperatingExpenses": 323930000, "operatingIncome": 100000, "totalOtherIncomeExpenseNet": -12610000, "ebit": 100000, "interestExpense": -13600000, "incomeBeforeTax": -12510000, "incomeTaxExpense": -2140000, "minorityInterest": {}, "netIncomeFromContinuingOps": -10370000, "discontinuedOperations": {}, "extraordinaryItems": {}, "effectOfAccountingCharges": {}, "otherItems": {}, "netIncome": -10370000, "netIncomeApplicableToCommonShares": -10370000}, {"maxAge": 1, "endDate": "2019-09-30", "totalRevenue": 380422000, "costOfRevenue": 386146000, "grossProfit": -5724000, "researchDevelopment": {}, "sellingGeneralAdministrative": 8158000, "nonRecurring": {}, "otherOperatingExpenses": 16717000, "totalOperatingExpenses": 423187000, "operatingIncome": -42765000, "totalOtherIncomeExpenseNet": -12732000, "ebit": -42765000, "interestExpense": -14659000, "incomeBeforeTax": -55497000, "incomeTaxExpense": -6538000, "minorityInterest": {}, "netIncomeFromContinuingOps": -48959000, "discontinuedOperations": {}, "extraordinaryItems": {}, "effectOfAccountingCharges": {}, "otherItems": {}, "netIncome": -48959000, "netIncomeApplicableToCommonShares": -48959000}], "maxAge": 86400}, "cashflowStatementHistoryQuarterly": {"cashflowStatements": [{"maxAge": 1, "endDate": "2020-06-30", "netIncome": 88000, "changeToLiabilities": 0}, {"maxAge": 1, "endDate": "2020-03-31", "netIncome": -31464000, "changeToLiabilities": 0}, {"maxAge": 1, "endDate": "2019-12-31", "netIncome": -10370000, "changeToLiabilities": 0}, {"maxAge": 1, "endDate": "2019-09-30", "netIncome": -48959000, "changeToLiabilities": 0}], "maxAge": 86400}, "insiderHolders": {"holders": [{"maxAge": 1, "name": "Timbadia (Parth Rahul)", "relation": "Promoter", "url": "", "transactionDescription": "Other", "latestTransDate": "2020-02-14", "positionDirect": 822875, "positionDirectDate": "2020-02-14"}], "maxAge": 1}, "calendarEvents": {"maxAge": 1, "earnings": {"earningsDate": []}}, "price": {"maxAge": 1, "regularMarketChangePercent": -0.09405941, "regularMarketChange": -4.75, "regularMarketTime": "2021-04-30 15:11:37", "priceHint": 2, "regularMarketPrice": 45.75, "regularMarketDayHigh": 52.0, "regularMarketDayLow": 45.45, "regularMarketVolume": 35348, "averageDailyVolume10Day": 7303, "averageDailyVolume3Month": 1029, "regularMarketPreviousClose": 50.5, "regularMarketSource": "FREE_REALTIME", "regularMarketOpen": 50.0, "exchange": "BSE", "exchangeName": "BSE", "exchangeDataDelayedBy": 0, "marketState": "CLOSED", "quoteType": "EQUITY", "symbol": "LATIMMETAL.BO", "underlyingSymbol": null, "shortName": "La Tim Metal & Industries Limi", "longName": "La Tim Metal & Industries Limited", "currency": "INR", "quoteSourceName": "Delayed Quote", "currencySymbol": "\u20b9", "fromCurrency": null, "toCurrency": null, "lastMarket": null, "marketCap": 404037920}, "balanceSheetHistory": {"balanceSheetStatements": [{"maxAge": 1, "endDate": "2020-03-31", "cash": 25087000, "shortTermInvestments": 1659000, "netReceivables": 202465000, "inventory": 310318000, "otherCurrentAssets": 66662000, "totalCurrentAssets": 606191000, "longTermInvestments": 23025000, "propertyPlantEquipment": 200370000, "intangibleAssets": 227000, "totalAssets": 829813000, "accountsPayable": 385814000, "shortLongTermDebt": 23168000, "otherCurrentLiab": 31154000, "longTermDebt": 196949000, "otherLiab": 3567000, "totalCurrentLiabilities": 624494000, "totalLiab": 825010000, "commonStock": 88314000, "treasuryStock": -83511000, "otherStockholderEquity": -83511000, "totalStockholderEquity": 4803000, "netTangibleAssets": 4576000}, {"maxAge": 1, "endDate": "2019-03-31", "cash": -346000, "shortTermInvestments": 137000, "netReceivables": 189514000, "inventory": 476269000, "otherCurrentAssets": 79305000, "totalCurrentAssets": 745576000, "longTermInvestments": 11554000, "propertyPlantEquipment": 218009000, "intangibleAssets": 121000, "otherAssets": 11597000, "totalAssets": 986857000, "accountsPayable": 227633000, "shortLongTermDebt": 27580000, "otherCurrentLiab": 19076000, "longTermDebt": 180891000, "otherLiab": 11825000, "totalCurrentLiabilities": 651268000, "totalLiab": 843984000, "commonStock": 85824000, "retainedEarnings": -63384000, "treasuryStock": 11998000, "capitalSurplus": 105945000, "otherStockholderEquity": 11998000, "totalStockholderEquity": 140383000, "netTangibleAssets": 140262000}, {"maxAge": 1, "endDate": "2018-03-31", "cash": 2038000, "shortTermInvestments": 175000, "netReceivables": 73266000, "inventory": 393715000, "otherCurrentAssets": 81523000, "totalCurrentAssets": 551655000, "longTermInvestments": 11554000, "propertyPlantEquipment": 225969000, "otherAssets": 11551000, "totalAssets": 800729000, "accountsPayable": 391925000, "shortLongTermDebt": 316000, "otherCurrentLiab": 4254000, "longTermDebt": 94244000, "otherLiab": 10764000, "totalCurrentLiabilities": 613373000, "totalLiab": 718381000, "commonStock": 51275000, "retainedEarnings": -15898000, "treasuryStock": 17621000, "capitalSurplus": 29350000, "otherStockholderEquity": 17621000, "totalStockholderEquity": 82348000, "netTangibleAssets": 82348000}, {"maxAge": 1, "endDate": "2017-03-31", "cash": 21396000, "netReceivables": 20040000, "inventory": 2558000, "otherCurrentAssets": 1575000, "totalCurrentAssets": 45581000, "propertyPlantEquipment": 1526000, "intangibleAssets": 1000, "otherAssets": 1600000, "totalAssets": 48708000, "shortLongTermDebt": 288000, "otherCurrentLiab": 7680000, "longTermDebt": 457000, "otherLiab": -1000, "totalCurrentLiabilities": 9088000, "totalLiab": 9544000, "commonStock": 32254000, "retainedEarnings": -18272000, "treasuryStock": 14854000, "capitalSurplus": 10328000, "otherStockholderEquity": 14854000, "totalStockholderEquity": 39164000, "netTangibleAssets": 39163000}], "maxAge": 86400}, "financialData": {"maxAge": 86400, "currentPrice": 45.75, "recommendationKey": "none", "grossProfits": 65453000, "financialCurrency": "INR"}}}