{"LAXMIMACH.BO": {"recommendationTrend": {"trend": [{"period": "0m", "strongBuy": 0, "buy": 0, "hold": 0, "sell": 0, "strongSell": 0}, {"period": "-1m", "strongBuy": 0, "buy": 0, "hold": 0, "sell": 0, "strongSell": 0}, {"period": "-2m", "strongBuy": 0, "buy": 0, "hold": 0, "sell": 0, "strongSell": 0}, {"period": "-3m", "strongBuy": 0, "buy": 0, "hold": 0, "sell": 0, "strongSell": 0}], "maxAge": 86400}, "cashflowStatementHistory": {"cashflowStatements": [{"maxAge": 1, "endDate": "2020-03-31", "netIncome": 277742000, "depreciation": 529309000, "changeToNetincome": -894333000, "changeToAccountReceivables": 852312000, "changeToLiabilities": -427720000, "changeToInventory": 374113000, "changeToOperatingActivities": 5247000, "totalCashFromOperatingActivities": 739945000, "capitalExpenditures": -852554000, "investments": -484675000, "otherCashflowsFromInvestingActivities": 540265000, "totalCashflowsFromInvestingActivities": -699781000, "dividendsPaid": -373905000, "netBorrowings": -29421000, "otherCashflowsFromFinancingActivities": -82928000, "totalCashFromFinancingActivities": -486254000, "changeInCash": -446090000}, {"maxAge": 1, "endDate": "2019-03-31", "netIncome": 1853812000, "depreciation": 553549000, "changeToNetincome": -573955000, "changeToAccountReceivables": 540616000, "changeToLiabilities": -563448000, "changeToInventory": 203676000, "changeToOperatingActivities": -1026313000, "totalCashFromOperatingActivities": 987937000, "capitalExpenditures": -1850458000, "investments": 1287765000, "otherCashflowsFromInvestingActivities": 720996000, "totalCashflowsFromInvestingActivities": 287130000, "dividendsPaid": -438220000, "netBorrowings": -173000, "otherCashflowsFromFinancingActivities": -119392000, "totalCashFromFinancingActivities": -2152607000, "changeInCash": -877540000, "repurchaseOfStock": -1594822000}, {"maxAge": 1, "endDate": "2018-03-31", "netIncome": 2146401000, "depreciation": 758516000, "changeToNetincome": -838820000, "changeToAccountReceivables": -566409000, "changeToLiabilities": 867203000, "changeToInventory": 176907000, "changeToOperatingActivities": -438595000, "totalCashFromOperatingActivities": 2105203000, "capitalExpenditures": -1312212000, "investments": 347178000, "otherCashflowsFromInvestingActivities": 729249000, "totalCashflowsFromInvestingActivities": -228124000, "dividendsPaid": -383443000, "netBorrowings": 29594000, "otherCashflowsFromFinancingActivities": -86545000, "totalCashFromFinancingActivities": -440394000, "changeInCash": 1436685000, "repurchaseOfStock": -1594822000}, {"maxAge": 1, "endDate": "2017-03-31", "netIncome": 1864076000, "depreciation": 798739000, "changeToNetincome": -929149000, "changeToAccountReceivables": 463778000, "changeToLiabilities": 121263000, "changeToInventory": -252492000, "changeToOperatingActivities": -697095000, "totalCashFromOperatingActivities": 1369120000, "capitalExpenditures": -1357824000, "investments": 1164820000, "otherCashflowsFromInvestingActivities": 698757000, "totalCashflowsFromInvestingActivities": 676214000, "dividendsPaid": -450660000, "netBorrowings": 29594000, "otherCashflowsFromFinancingActivities": -116480000, "totalCashFromFinancingActivities": -1951090000, "changeInCash": 94244000, "repurchaseOfStock": -1383950000}], "maxAge": 86400}, "institutionOwnership": {"ownershipList": [], "maxAge": 1}, "balanceSheetHistoryQuarterly": {"balanceSheetStatements": [{"maxAge": 1, "endDate": "2020-06-30", "totalStockholderEquity": 16603560000, "netTangibleAssets": 16449264000}, {"maxAge": 1, "endDate": "2020-03-31", "cash": 507548000, "shortTermInvestments": 5864035000, "netReceivables": 1642732000, "inventory": 2884908000, "otherCurrentAssets": 1036748000, "totalCurrentAssets": 12862983000, "longTermInvestments": 3038576000, "propertyPlantEquipment": 7251160000, "intangibleAssets": 154296000, "otherAssets": 154222000, "totalAssets": 23461237000, "accountsPayable": 3325725000, "otherCurrentLiab": 2616700000, "otherLiab": 829190000, "totalCurrentLiabilities": 6028487000, "totalLiab": 6857677000, "commonStock": 106830000, "retainedEarnings": 16202019000, "treasuryStock": 294711000, "otherStockholderEquity": 294711000, "totalStockholderEquity": 16603560000, "netTangibleAssets": 16449264000}, {"maxAge": 1, "endDate": "2019-12-31", "totalStockholderEquity": 16824612000, "netTangibleAssets": 16676114000}, {"maxAge": 1, "endDate": "2019-09-30", "cash": 2829884000, "shortTermInvestments": 807783000, "netReceivables": 1813053000, "inventory": 2939772000, "otherCurrentAssets": 989877000, "totalCurrentAssets": 9380369000, "longTermInvestments": 7188867000, "propertyPlantEquipment": 7153008000, "intangibleAssets": 148498000, "otherAssets": 23866000, "deferredLongTermAssetCharges": 23866000, "totalAssets": 23894608000, "accountsPayable": 3530916000, "otherCurrentLiab": 3017770000, "otherLiab": 521310000, "totalCurrentLiabilities": 6548686000, "totalLiab": 7069996000, "commonStock": 106830000, "treasuryStock": 16717782000, "otherStockholderEquity": 16717782000, "totalStockholderEquity": 16824612000, "netTangibleAssets": 16676114000}], "maxAge": 86400}, "earningsHistory": {"history": [{"maxAge": 1, "epsActual": {}, "epsEstimate": {}, "epsDifference": {}, "surprisePercent": {}, "quarter": {}, "period": "-4q"}, {"maxAge": 1, "epsActual": {}, "epsEstimate": {}, "epsDifference": {}, "surprisePercent": {}, "quarter": {}, "period": "-3q"}, {"maxAge": 1, "epsActual": {}, "epsEstimate": {}, "epsDifference": {}, "surprisePercent": {}, "quarter": {}, "period": "-2q"}, {"maxAge": 1, "epsActual": 58.93, "epsEstimate": 56.6, "epsDifference": 2.33, "surprisePercent": 0.040999997, "quarter": "2018-03-31", "period": "-1q"}], "maxAge": 86400}, "indexTrend": {"maxAge": 1, "symbol": "SP5", "peRatio": 19.7411, "pegRatio": 1.34172, "estimates": [{"period": "0q", "growth": 0.549}, {"period": "+1q", "growth": 0.431}, {"period": "0y", "growth": 0.305}, {"period": "+1y", "growth": 0.109}, {"period": "+5y", "growth": 0.120865}, {"period": "-5y"}]}, "industryTrend": {"maxAge": 1, "symbol": null, "estimates": []}, "insiderTransactions": {"transactions": [{"maxAge": 1, "shares": 17452, "filerUrl": "", "transactionText": "", "filerName": "Lakshmi Technology & Engineering Industries, Ltd.", "filerRelation": "Promoter", "moneyText": "", "startDate": "2020-06-23", "ownership": "D"}, {"maxAge": 1, "shares": 50147, "filerUrl": "", "transactionText": "", "filerName": "Gagandeep Credit Capital Pvt. Ltd.", "filerRelation": "Institution- Corporation", "moneyText": "", "startDate": "2020-03-03", "ownership": "D"}, {"maxAge": 1, "shares": 0, "filerUrl": "", "transactionText": "", "filerName": "Adi Narayana Family Trust", "filerRelation": "Institution- Corporation", "moneyText": "", "startDate": "2020-02-17", "ownership": "I"}, {"maxAge": 1, "shares": 10001, "filerUrl": "", "transactionText": "", "filerName": "Jayavarthanavelu (Sanjay)", "filerRelation": "Executive Chairman", "moneyText": "", "startDate": "2020-02-17", "ownership": "D"}, {"maxAge": 1, "shares": 4000, "filerUrl": "", "transactionText": "", "filerName": "Lakshmi Technology & Engineering Industries, Ltd.", "filerRelation": "Promoter", "moneyText": "", "startDate": "2019-11-27", "ownership": "D"}, {"maxAge": 1, "shares": 8300, "filerUrl": "", "transactionText": "", "filerName": "Lakshmi Technology & Engineering Industries, Ltd.", "filerRelation": "Promoter", "moneyText": "", "startDate": "2019-08-13", "ownership": "D"}, {"maxAge": 1, "shares": 7920, "filerUrl": "", "transactionText": "", "filerName": "Thayarammal (D)", "filerRelation": "Promoter", "moneyText": "", "startDate": "2019-03-06", "ownership": "D"}, {"maxAge": 1, "shares": 7920, "filerUrl": "", "transactionText": "", "filerName": "Jayavarthanavelu (Shivali)", "filerRelation": "Promoter", "moneyText": "", "startDate": "2019-03-06", "ownership": "D"}, {"maxAge": 1, "shares": 25000, "filerUrl": "", "transactionText": "", "filerName": "Super Sales India, Ltd.", "filerRelation": "Promoter", "moneyText": "", "startDate": "2017-04-27", "ownership": "D"}, {"maxAge": 1, "shares": 25000, "filerUrl": "", "transactionText": "", "filerName": "Lakshmi Cargo Company, Ltd.", "filerRelation": "Promoter", "moneyText": "", "startDate": "2017-04-27", "ownership": "D"}, {"maxAge": 1, "shares": 25000, "filerUrl": "", "transactionText": "", "filerName": "Super Sales India, Ltd.", "filerRelation": "Promoter", "moneyText": "", "startDate": "2017-03-23", "ownership": "D"}, {"maxAge": 1, "shares": 25000, "filerUrl": "", "transactionText": "", "filerName": "Lakshmi Cargo Company, Ltd.", "filerRelation": "Promoter", "moneyText": "", "startDate": "2017-03-23", "ownership": "D"}, {"maxAge": 1, "shares": 250, "filerUrl": "", "transactionText": "", "filerName": "Lakshmi Cargo Company, Ltd.", "filerRelation": "Promoter", "moneyText": "", "startDate": "2014-11-28", "ownership": "D"}, {"maxAge": 1, "shares": 320, "filerUrl": "", "transactionText": "", "filerName": "Jayavarthanavelu (Jaidev)", "filerRelation": "UNREPORTED", "moneyText": "", "startDate": "2014-03-12", "ownership": "D"}, {"maxAge": 1, "shares": 500, "filerUrl": "", "transactionText": "", "filerName": "Lakshmi Cargo Company, Ltd.", "filerRelation": "Promoter", "moneyText": "", "startDate": "2013-11-16", "ownership": "D"}, {"maxAge": 1, "shares": 100000, "filerUrl": "", "transactionText": "", "filerName": "Lakshmi Cargo Company, Ltd.", "filerRelation": "Promoter", "moneyText": "", "startDate": "2013-05-09", "ownership": "D"}, {"maxAge": 1, "shares": 100000, "filerUrl": "", "transactionText": "", "filerName": "Lakshmi Mills Company Ltd", "filerRelation": "Promoter", "moneyText": "", "startDate": "2013-05-09", "ownership": "D"}, {"maxAge": 1, "shares": 100000, "filerUrl": "", "transactionText": "", "filerName": "Lakshmi Cargo Company, Ltd.", "filerRelation": "Promoter", "moneyText": "", "startDate": "2013-02-18", "ownership": "D"}, {"maxAge": 1, "shares": 100000, "filerUrl": "", "transactionText": "", "filerName": "Lakshmi Mills Company Ltd", "filerRelation": "Promoter", "moneyText": "", "startDate": "2013-02-18", "ownership": "D"}, {"maxAge": 1, "shares": 32940, "filerUrl": "", "transactionText": "", "filerName": "Jayavarthanavelu (Sanjay)", "filerRelation": "Director", "moneyText": "", "startDate": "2010-12-11", "ownership": "D"}], "maxAge": 1}, "quoteType": {"exchange": "BSE", "quoteType": "EQUITY", "symbol": "LAXMIMACH.BO", "underlyingSymbol": "LAXMIMACH.BO", "shortName": "LAKSHMI MACHINE WORKS LTD.", "longName": "Lakshmi Machine Works Limited", "firstTradeDateEpochUtc": "2002-07-01 09:15:00", "timeZoneFullName": "Asia/Kolkata", "timeZoneShortName": "IST", "uuid": "6bfdb156-4ef2-32b2-b38a-fd1239107f0c", "gmtOffSetMilliseconds": 19800000, "maxAge": 1}, "incomeStatementHistory": {"incomeStatementHistory": [{"maxAge": 1, "endDate": "2020-03-31", "totalRevenue": 15783552000, "costOfRevenue": 9402691000, "grossProfit": 6380861000, "researchDevelopment": {}, "sellingGeneralAdministrative": 2407106000, "nonRecurring": {}, "otherOperatingExpenses": 3753543000, "totalOperatingExpenses": 16114696000, "operatingIncome": -331144000, "totalOtherIncomeExpenseNet": 802976000, "ebit": -331144000, "interestExpense": -1068000, "incomeBeforeTax": 471832000, "incomeTaxExpense": 194090000, "minorityInterest": {}, "netIncomeFromContinuingOps": 277742000, "discontinuedOperations": {}, "extraordinaryItems": {}, "effectOfAccountingCharges": {}, "otherItems": {}, "netIncome": 277742000, "netIncomeApplicableToCommonShares": 277742000}, {"maxAge": 1, "endDate": "2019-03-31", "totalRevenue": 27142265000, "costOfRevenue": 16170994000, "grossProfit": 10971271000, "researchDevelopment": {}, "sellingGeneralAdministrative": 2795603000, "nonRecurring": {}, "otherOperatingExpenses": 5375722000, "totalOperatingExpenses": 24894680000, "operatingIncome": 2247585000, "totalOtherIncomeExpenseNet": 578351000, "ebit": 2247585000, "interestExpense": -1068000, "incomeBeforeTax": 2825936000, "incomeTaxExpense": 972124000, "minorityInterest": {}, "netIncomeFromContinuingOps": 1853812000, "discontinuedOperations": {}, "extraordinaryItems": {}, "effectOfAccountingCharges": {}, "otherItems": {}, "netIncome": 1853812000, "netIncomeApplicableToCommonShares": 1853812000}, {"maxAge": 1, "endDate": "2018-03-31", "totalRevenue": 25873722000, "costOfRevenue": 16345601000, "grossProfit": 9528121000, "researchDevelopment": {}, "sellingGeneralAdministrative": 2722897000, "nonRecurring": {}, "otherOperatingExpenses": 3984401000, "totalOperatingExpenses": 23810295000, "operatingIncome": 2063427000, "totalOtherIncomeExpenseNet": 959958000, "ebit": 2063427000, "interestExpense": -1068000, "incomeBeforeTax": 3023385000, "incomeTaxExpense": 876984000, "minorityInterest": {}, "netIncomeFromContinuingOps": 2146401000, "discontinuedOperations": {}, "extraordinaryItems": {}, "effectOfAccountingCharges": {}, "otherItems": {}, "netIncome": 2146401000, "netIncomeApplicableToCommonShares": 2146401000}, {"maxAge": 1, "endDate": "2017-03-31", "totalRevenue": 22818312000, "costOfRevenue": 14091307000, "grossProfit": 8727005000, "researchDevelopment": {}, "sellingGeneralAdministrative": 2526623000, "nonRecurring": {}, "otherOperatingExpenses": 3587565000, "totalOperatingExpenses": 21002203000, "operatingIncome": 1816109000, "totalOtherIncomeExpenseNet": 808357000, "ebit": 1816109000, "interestExpense": -1068000, "incomeBeforeTax": 2624466000, "incomeTaxExpense": 760390000, "minorityInterest": {}, "netIncomeFromContinuingOps": 1864076000, "discontinuedOperations": {}, "extraordinaryItems": {}, "effectOfAccountingCharges": {}, "otherItems": {}, "netIncome": 1864076000, "netIncomeApplicableToCommonShares": 1864076000}], "maxAge": 86400}, "fundOwnership": {"ownershipList": [{"maxAge": 1, "reportDate": "2020-07-31", "organization": "iShares Core MSCI Emerging Markets ETF", "pctHeld": 0.0033000002, "position": 34785, "value": 104114983}, {"maxAge": 1, "reportDate": "2020-07-31", "organization": "DFA Emerging Markets Core Equity Portfolio", "pctHeld": 0.0019, "position": 19929, "value": 59649489}, {"maxAge": 1, "reportDate": "2020-07-31", "organization": "DFA Emerging Markets Small Cap Series", "pctHeld": 0.0018000001, "position": 18752, "value": 56126611}, {"maxAge": 1, "reportDate": "2020-08-31", "organization": "iShares MSCI India Small Cap ETF", "pctHeld": 0.0005, "position": 5776, "value": 18764780}, {"maxAge": 1, "reportDate": "2020-06-30", "organization": "State Street Inst Inv Tr-State St All Cap Glb Equity ex-US Index Port", "pctHeld": 0.0001, "position": 1452, "value": 4125858}, {"maxAge": 1, "reportDate": "2020-07-31", "organization": "DFA Investment Dimensions-DFA Emerging Mkts Value", "pctHeld": 0.0001, "position": 1294, "value": 3873071}, {"maxAge": 1, "reportDate": "2020-07-31", "organization": "DFA Investment Dimensions-World Ex U.S. Core Equity Port", "pctHeld": 0.0001, "position": 1159, "value": 3469002}, {"maxAge": 1, "reportDate": "2020-07-31", "organization": "DFA Investment Dimensions-Emerging Markets Social Core Equity", "pctHeld": 0.0001, "position": 1141, "value": 3415127}, {"maxAge": 1, "reportDate": "2020-06-30", "organization": "College Retirement Equities Fund-Stock Account", "pctHeld": 0.0001, "position": 705, "value": 2003257}, {"maxAge": 1, "reportDate": "2020-07-31", "organization": "DFA T.A. World Ex U.S. Core Equity Portfolio", "pctHeld": 0.0001, "position": 669, "value": 2002383}], "maxAge": 1}, "summaryDetail": {"maxAge": 1, "priceHint": 2, "previousClose": 6107.9, "open": 6108.0, "dayLow": 6108.0, "dayHigh": 6309.0, "regularMarketPreviousClose": 6107.9, "regularMarketOpen": 6108.0, "regularMarketDayLow": 6108.0, "regularMarketDayHigh": 6309.0, "forwardPE": 29.150072, "volume": 895, "regularMarketVolume": 895, "averageVolume": 3422, "averageVolume10days": 10035, "averageDailyVolume10Day": 10035, "bid": 0.0, "ask": 0.0, "bidSize": 0, "askSize": 0, "marketCap": 66610642944, "fiftyTwoWeekLow": 2001.0, "fiftyTwoWeekHigh": 6309.0, "fiftyDayAverage": 4895.43, "twoHundredDayAverage": 3996.7, "trailingAnnualDividendRate": 10.0, "trailingAnnualDividendYield": 0.001637224, "currency": "INR", "fromCurrency": null, "lastMarket": null, "algorithm": null, "tradeable": false}, "sectorTrend": {"maxAge": 1, "symbol": null, "estimates": []}, "incomeStatementHistoryQuarterly": {"incomeStatementHistory": [{"maxAge": 1, "endDate": "2020-06-30", "totalRevenue": 1687765000, "costOfRevenue": 977742000, "grossProfit": 710023000, "researchDevelopment": {}, "sellingGeneralAdministrative": 447845000, "nonRecurring": {}, "otherOperatingExpenses": 542867000, "totalOperatingExpenses": 2106581000, "operatingIncome": -418816000, "totalOtherIncomeExpenseNet": 164592000, "ebit": -418816000, "interestExpense": -3000, "incomeBeforeTax": -254224000, "incomeTaxExpense": -38049000, "minorityInterest": {}, "netIncomeFromContinuingOps": -216175000, "discontinuedOperations": {}, "extraordinaryItems": {}, "effectOfAccountingCharges": {}, "otherItems": {}, "netIncome": -216175000, "netIncomeApplicableToCommonShares": -216175000}, {"maxAge": 1, "endDate": "2020-03-31", "totalRevenue": 3899032000, "costOfRevenue": 2305716000, "grossProfit": 1593316000, "researchDevelopment": {}, "sellingGeneralAdministrative": 621181000, "nonRecurring": {}, "otherOperatingExpenses": 930534000, "totalOperatingExpenses": 3992607000, "operatingIncome": -93575000, "totalOtherIncomeExpenseNet": 149438000, "ebit": -93575000, "interestExpense": -3000, "incomeBeforeTax": 55863000, "incomeTaxExpense": 37060000, "minorityInterest": {}, "netIncomeFromContinuingOps": 18803000, "discontinuedOperations": {}, "extraordinaryItems": {}, "effectOfAccountingCharges": {}, "otherItems": {}, "netIncome": 18803000, "netIncomeApplicableToCommonShares": 18803000}, {"maxAge": 1, "endDate": "2019-12-31", "totalRevenue": 3203346000, "costOfRevenue": 1875982000, "grossProfit": 1327364000, "researchDevelopment": {}, "sellingGeneralAdministrative": 584573000, "nonRecurring": {}, "otherOperatingExpenses": 732180000, "totalOperatingExpenses": 3331027000, "operatingIncome": -127681000, "totalOtherIncomeExpenseNet": 202300000, "ebit": -127681000, "interestExpense": -109000, "incomeBeforeTax": 74619000, "incomeTaxExpense": 42025000, "minorityInterest": {}, "netIncomeFromContinuingOps": 32594000, "discontinuedOperations": {}, "extraordinaryItems": {}, "effectOfAccountingCharges": {}, "otherItems": {}, "netIncome": 32594000, "netIncomeApplicableToCommonShares": 32594000}, {"maxAge": 1, "endDate": "2019-09-30", "totalRevenue": 4093383000, "costOfRevenue": 2460482000, "grossProfit": 1632901000, "researchDevelopment": {}, "sellingGeneralAdministrative": 602918000, "nonRecurring": {}, "otherOperatingExpenses": 940957000, "totalOperatingExpenses": 4145451000, "operatingIncome": -52068000, "totalOtherIncomeExpenseNet": 237505000, "ebit": -52068000, "interestExpense": -1090000, "incomeBeforeTax": 185437000, "incomeTaxExpense": 63827000, "minorityInterest": {}, "netIncomeFromContinuingOps": 121610000, "discontinuedOperations": {}, "extraordinaryItems": {}, "effectOfAccountingCharges": {}, "otherItems": {}, "netIncome": 121610000, "netIncomeApplicableToCommonShares": 121610000}], "maxAge": 86400}, "cashflowStatementHistoryQuarterly": {"cashflowStatements": [{"maxAge": 1, "endDate": "2020-06-30", "netIncome": -216175000, "changeToLiabilities": 0}, {"maxAge": 1, "endDate": "2020-03-31", "netIncome": 18803000, "changeToLiabilities": 0}, {"maxAge": 1, "endDate": "2019-12-31", "netIncome": 32594000, "changeToLiabilities": 0}, {"maxAge": 1, "endDate": "2019-09-30", "netIncome": 121610000, "changeToLiabilities": 0}], "maxAge": 86400}, "insiderHolders": {"holders": [{"maxAge": 1, "name": "Adi Narayana Family Trust", "relation": "Institution- Corporation", "url": "", "transactionDescription": "Other", "latestTransDate": "2020-02-17", "positionIndirect": 0, "positionIndirectDate": 1581897600}, {"maxAge": 1, "name": "Gagandeep Credit Capital Pvt. Ltd.", "relation": "Institution- Corporation", "url": "", "transactionDescription": "Acquisition", "latestTransDate": "2020-03-03", "positionDirect": 357800, "positionDirectDate": "2020-03-03"}, {"maxAge": 1, "name": "Jayavarthanavelu (Jaidev)", "relation": "UNREPORTED", "url": "", "transactionDescription": "Purchase", "latestTransDate": "2014-03-12", "positionDirect": 380, "positionDirectDate": "2014-03-12"}, {"maxAge": 1, "name": "Jayavarthanavelu (Sanjay)", "relation": "Executive Chairman", "url": "", "transactionDescription": "Other", "latestTransDate": "2020-02-17", "positionDirect": 142291, "positionDirectDate": "2020-02-17"}, {"maxAge": 1, "name": "Jayavarthanavelu (Shivali)", "relation": "Promoter", "url": "", "transactionDescription": "Gift", "latestTransDate": "2019-03-06", "positionDirect": 7970, "positionDirectDate": "2019-03-06"}, {"maxAge": 1, "name": "Lakshmi Cargo Company, Ltd.", "relation": "Promoter", "url": "", "transactionDescription": "Acquisition", "latestTransDate": "2017-04-27", "positionDirect": 1074468, "positionDirectDate": "2017-04-27"}, {"maxAge": 1, "name": "Lakshmi Mills Company Ltd", "relation": "Promoter", "url": "", "transactionDescription": "Sale", "latestTransDate": "2013-05-09", "positionDirect": 520000, "positionDirectDate": "2013-05-09"}, {"maxAge": 1, "name": "Lakshmi Technology & Engineering Industries, Ltd.", "relation": "Promoter", "url": "", "transactionDescription": "Acquisition", "latestTransDate": "2020-06-23", "positionDirect": 696842, "positionDirectDate": "2020-06-23"}, {"maxAge": 1, "name": "Super Sales India, Ltd.", "relation": "Promoter", "url": "", "transactionDescription": "Acquisition", "latestTransDate": "2017-04-27", "positionDirect": 229480, "positionDirectDate": "2017-04-27"}, {"maxAge": 1, "name": "Thayarammal (D)", "relation": "Promoter", "url": "", "transactionDescription": "Gift", "latestTransDate": "2019-03-06", "positionDirect": 0, "positionDirectDate": "2019-03-06"}], "maxAge": 1}, "earnings": {"maxAge": 86400, "earningsChart": {"quarterly": [{"date": "1Q2018", "actual": 58.93, "estimate": 56.6}], "currentQuarterEstimateDate": "2Q", "currentQuarterEstimateYear": 2018, "earningsDate": []}, "financialsChart": {"yearly": [{"date": 2017, "revenue": 22818312000, "earnings": 1864076000}, {"date": 2018, "revenue": 25873722000, "earnings": 2146401000}, {"date": 2019, "revenue": 27142265000, "earnings": 1853812000}, {"date": 2020, "revenue": 15783552000, "earnings": 277742000}], "quarterly": [{"date": "3Q2019", "revenue": 4093383000, "earnings": 121610000}, {"date": "4Q2019", "revenue": 3203346000, "earnings": 32594000}, {"date": "1Q2020", "revenue": 3899032000, "earnings": 18803000}, {"date": "2Q2020", "revenue": 1687765000, "earnings": -216175000}]}, "financialCurrency": "INR"}, "calendarEvents": {"maxAge": 1, "earnings": {"earningsDate": [], "revenueAverage": 6687170000}}, "upgradeDowngradeHistory": {"history": [], "maxAge": 86400}, "price": {"maxAge": 1, "regularMarketChangePercent": 0.020841908, "regularMarketChange": 127.30029, "regularMarketTime": "2021-04-30 15:51:36", "priceHint": 2, "regularMarketPrice": 6235.2, "regularMarketDayHigh": 6309.0, "regularMarketDayLow": 6108.0, "regularMarketVolume": 895, "averageDailyVolume10Day": 10035, "averageDailyVolume3Month": 3422, "regularMarketPreviousClose": 6107.9, "regularMarketSource": "FREE_REALTIME", "regularMarketOpen": 6108.0, "exchange": "BSE", "exchangeName": "BSE", "exchangeDataDelayedBy": 0, "marketState": "CLOSED", "quoteType": "EQUITY", "symbol": "LAXMIMACH.BO", "underlyingSymbol": null, "shortName": "LAKSHMI MACHINE WORKS LTD.", "longName": "Lakshmi Machine Works Limited", "currency": "INR", "quoteSourceName": "Delayed Quote", "currencySymbol": "\u20b9", "fromCurrency": null, "lastMarket": null, "marketCap": 66610642944}, "balanceSheetHistory": {"balanceSheetStatements": [{"maxAge": 1, "endDate": "2020-03-31", "cash": 507548000, "shortTermInvestments": 5864035000, "netReceivables": 1642732000, "inventory": 2884908000, "otherCurrentAssets": 1036748000, "totalCurrentAssets": 12862983000, "longTermInvestments": 3038576000, "propertyPlantEquipment": 7251160000, "intangibleAssets": 154296000, "otherAssets": 154222000, "totalAssets": 23461237000, "accountsPayable": 3325725000, "otherCurrentLiab": 2616700000, "otherLiab": 829190000, "totalCurrentLiabilities": 6028487000, "totalLiab": 6857677000, "commonStock": 106830000, "retainedEarnings": 16202019000, "treasuryStock": 294711000, "otherStockholderEquity": 294711000, "totalStockholderEquity": 16603560000, "netTangibleAssets": 16449264000}, {"maxAge": 1, "endDate": "2019-03-31", "cash": 953623000, "shortTermInvestments": 4615006000, "netReceivables": 2684037000, "inventory": 3259021000, "otherCurrentAssets": 584442000, "totalCurrentAssets": 12629852000, "longTermInvestments": 4537317000, "propertyPlantEquipment": 6993037000, "intangibleAssets": 118087000, "otherAssets": 288571000, "deferredLongTermAssetCharges": 45533000, "totalAssets": 24566864000, "accountsPayable": 3753446000, "otherCurrentLiab": 3066603000, "longTermDebt": 29421000, "otherLiab": 504843000, "totalCurrentLiabilities": 6929540000, "totalLiab": 7463804000, "commonStock": 106830000, "retainedEarnings": 16355139000, "treasuryStock": 641091000, "otherStockholderEquity": 641091000, "totalStockholderEquity": 17103060000, "netTangibleAssets": 16984973000}, {"maxAge": 1, "endDate": "2018-03-31", "cash": 1831157000, "shortTermInvestments": 8478857000, "netReceivables": 3035714000, "inventory": 3462697000, "otherCurrentAssets": 631141000, "totalCurrentAssets": 17464900000, "longTermInvestments": 2566375000, "propertyPlantEquipment": 5789489000, "intangibleAssets": 126585000, "otherAssets": 403147000, "deferredLongTermAssetCharges": 102747000, "totalAssets": 26350496000, "accountsPayable": 4316894000, "otherCurrentLiab": 3471823000, "longTermDebt": 29594000, "otherLiab": 950764000, "totalCurrentLiabilities": 7903271000, "totalLiab": 8883629000, "commonStock": 109555000, "retainedEarnings": 16402801000, "treasuryStock": 954511000, "otherStockholderEquity": 954511000, "totalStockholderEquity": 17466867000, "netTangibleAssets": 17340282000}, {"maxAge": 1, "endDate": "2017-03-31", "cash": 394473000, "shortTermInvestments": 8820934000, "netReceivables": 2677752000, "inventory": 3639603000, "otherCurrentAssets": 523490000, "totalCurrentAssets": 16087101000, "longTermInvestments": 1944192000, "propertyPlantEquipment": 5169306000, "intangibleAssets": 86601000, "otherAssets": 380892000, "deferredLongTermAssetCharges": 129731000, "totalAssets": 23668092000, "accountsPayable": 3449691000, "otherCurrentLiab": 3607580000, "otherLiab": 1002129000, "totalCurrentLiabilities": 7081950000, "totalLiab": 8084079000, "commonStock": 109555000, "retainedEarnings": 14772970000, "treasuryStock": 701488000, "otherStockholderEquity": 701488000, "totalStockholderEquity": 15584013000, "netTangibleAssets": 15497412000}], "maxAge": 86400}, "earningsTrend": {"trend": [{"maxAge": 1, "period": "0q", "endDate": "2018-06-30", "growth": {}, "earningsEstimate": {"avg": 0.0, "low": 0.0, "high": 0.0, "yearAgoEps": {}, "numberOfAnalysts": 0, "growth": {}}, "revenueEstimate": {"avg": 6687170000, "low": 0, "high": 0, "numberOfAnalysts": 0, "yearAgoRevenue": 6961410000, "growth": -0.039}, "epsTrend": {"current": 0.0, "7daysAgo": 0.0, "30daysAgo": 0.0, "60daysAgo": 0.0, "90daysAgo": 0.0}, "epsRevisions": {"upLast7days": 0, "upLast30days": 0, "downLast30days": 0, "downLast90days": {}}}, {"maxAge": 1, "period": "+1q", "endDate": "2018-09-30", "growth": {}, "earningsEstimate": {"avg": 0.0, "low": 0.0, "high": 0.0, "yearAgoEps": {}, "numberOfAnalysts": 0, "growth": {}}, "revenueEstimate": {"avg": 7719700000, "low": 5600000000, "high": 5600000000, "numberOfAnalysts": 1, "yearAgoRevenue": 5730380000, "growth": 0.347}, "epsTrend": {"current": 0.0, "7daysAgo": 0.0, "30daysAgo": 0.0, "60daysAgo": 0.0, "90daysAgo": 0.0}, "epsRevisions": {"upLast7days": 0, "upLast30days": 0, "downLast30days": 0, "downLast90days": {}}}, {"maxAge": 1, "period": "0y", "endDate": "2019-03-31", "growth": {}, "earningsEstimate": {"avg": 0.0, "low": 0.0, "high": 0.0, "yearAgoEps": {}, "numberOfAnalysts": 0, "growth": {}}, "revenueEstimate": {"avg": 27101500000, "low": 26637000000, "high": 27566000000, "numberOfAnalysts": 2, "yearAgoRevenue": 25589000000, "growth": 0.059}, "epsTrend": {"current": 0.0, "7daysAgo": 222.1, "30daysAgo": 222.1, "60daysAgo": 222.1, "90daysAgo": 222.1}, "epsRevisions": {"upLast7days": 0, "upLast30days": 0, "downLast30days": 0, "downLast90days": {}}}, {"maxAge": 1, "period": "+1y", "endDate": "2020-03-31", "growth": {}, "earningsEstimate": {"avg": 0.0, "low": 0.0, "high": 0.0, "yearAgoEps": {}, "numberOfAnalysts": 0, "growth": {}}, "revenueEstimate": {"avg": 29692000000, "low": 29608000000, "high": 29776000000, "numberOfAnalysts": 2, "yearAgoRevenue": 27101500000, "growth": 0.096}, "epsTrend": {"current": 0.0, "7daysAgo": 252.75, "30daysAgo": 252.75, "60daysAgo": 252.75, "90daysAgo": 252.75}, "epsRevisions": {"upLast7days": 0, "upLast30days": 0, "downLast30days": 0, "downLast90days": {}}}, {"maxAge": 1, "period": "+5y", "endDate": null, "growth": 0.015, "earningsEstimate": {"avg": {}, "low": {}, "high": {}, "yearAgoEps": {}, "numberOfAnalysts": {}, "growth": {}}, "revenueEstimate": {"avg": {}, "low": {}, "high": {}, "numberOfAnalysts": {}, "yearAgoRevenue": {}, "growth": {}}, "epsTrend": {"current": {}, "7daysAgo": {}, "30daysAgo": {}, "60daysAgo": {}, "90daysAgo": {}}, "epsRevisions": {"upLast7days": {}, "upLast30days": {}, "downLast30days": {}, "downLast90days": {}}}, {"maxAge": 1, "period": "-5y", "endDate": null, "growth": {}, "earningsEstimate": {"avg": {}, "low": {}, "high": {}, "yearAgoEps": {}, "numberOfAnalysts": {}, "growth": {}}, "revenueEstimate": {"avg": {}, "low": {}, "high": {}, "numberOfAnalysts": {}, "yearAgoRevenue": {}, "growth": {}}, "epsTrend": {"current": {}, "7daysAgo": {}, "30daysAgo": {}, "60daysAgo": {}, "90daysAgo": {}}, "epsRevisions": {"upLast7days": {}, "upLast30days": {}, "downLast30days": {}, "downLast90days": {}}}], "maxAge": 1}, "financialData": {"maxAge": 86400, "currentPrice": 6235.2, "targetHighPrice": 5900.0, "targetLowPrice": 4130.0, "targetMeanPrice": 5015.0, "targetMedianPrice": 5015.0, "recommendationKey": "none", "numberOfAnalystOpinions": 2, "grossProfits": 6380861000, "financialCurrency": "INR"}}}