{"LAXMIMACH.NS": {"assetProfile": {"address1": "34A, Kamaraj Road", "city": "Coimbatore", "zip": "641018", "country": "India", "phone": "91 42 2719 8100", "fax": "91 42 2222 0912", "website": "http://www.lmwglobal.com", "industry": "Specialty Industrial Machinery", "sector": "Industrials", "longBusinessSummary": "Lakshmi Machine Works Limited, together with its subsidiaries, manufactures and sells textile spinning machinery, CNC machine tools, and heavy castings in India and internationally. The company operates through three segments: Textile Machinery Division, Machine Tool Division/Foundry, and Advanced Technology Centre. It offers textile machinery products, such as card silver, combining, ring and compact spinning, and mill mounting systems, as well as blending solutions; and machine tools consisting of turning, milling, and turnmill tools. The company also provides foundry products that include locomotive castings/turbocharger parts, marine transmission castings, power and energy products, and pumps and valves; and aero engine, aero structures and structural assemblies, sheet metal and special process components, and aerospace composites. In addition, it is involved in the development and sale of residential apartments. As of March 31, 2020, the company has installed 28 wind energy generators with a total capacity of 36.80 MW, as well as 10 MW of solar power generating facility. It also exports its products. Lakshmi Machine Works Limited was founded in 1962 and is based in Coimbatore, India.", "fullTimeEmployees": 3185, "companyOfficers": [{"maxAge": 1, "name": "Mr. Sanjay  Jayavarthanavelu", "age": 52, "title": "Exec. Chairman, CEO & MD", "yearBorn": 1968, "fiscalYear": 2020, "totalPay": 32634204, "exercisedValue": 0, "unexercisedValue": 0}, {"maxAge": 1, "name": "Mr. V.  Senthil", "age": 41, "title": "CFO & Sr. GM of Fin.", "yearBorn": 1979, "fiscalYear": 2020, "totalPay": 7502129, "exercisedValue": 0, "unexercisedValue": 0}, {"maxAge": 1, "name": "Mr. K. Soundhar Rajhan", "age": 72, "title": "Director of Operations & Whole-time Director", "yearBorn": 1948, "fiscalYear": 2020, "totalPay": 13870017, "exercisedValue": 0, "unexercisedValue": 0}, {"maxAge": 1, "name": "Mr. C. R. Shiv Kumaran", "title": "Compliance Officer & Company Sec.", "fiscalYear": 2020, "totalPay": 3438000, "exercisedValue": 0, "unexercisedValue": 0}, {"maxAge": 1, "name": "Mr. M.  Sankar", "age": 61, "title": "Pres of TMD Operations", "yearBorn": 1959, "exercisedValue": 0, "unexercisedValue": 0}, {"maxAge": 1, "name": "Mr. N. Krishna Kumar", "age": 62, "title": "Sr. VP of TQM", "yearBorn": 1958, "exercisedValue": 0, "unexercisedValue": 0}, {"maxAge": 1, "name": "Mr. V.  Venugopal", "age": 62, "title": "Sr. VP of Foundry", "yearBorn": 1958, "exercisedValue": 0, "unexercisedValue": 0}, {"maxAge": 1, "name": "Mr. A. V. Subramanian", "age": 66, "title": "Pres of ATC", "yearBorn": 1954, "exercisedValue": 0, "unexercisedValue": 0}, {"maxAge": 1, "name": "Murthy Kaza Sreeramachandra", "title": "Pres of MTD", "exercisedValue": 0, "unexercisedValue": 0}, {"maxAge": 1, "name": "Mr. Subhash Chand Abbi B.E.", "age": 76, "title": "Chief Exec. of Spindles & Rings", "yearBorn": 1944, "exercisedValue": 0, "unexercisedValue": 0}], "compensationAsOfEpochDate": "2020-12-31 05:30:00", "maxAge": 86400}, "recommendationTrend": {"trend": [{"period": "0m", "strongBuy": 0, "buy": 0, "hold": 0, "sell": 0, "strongSell": 0}, {"period": "-1m", "strongBuy": 0, "buy": 0, "hold": 0, "sell": 0, "strongSell": 0}, {"period": "-2m", "strongBuy": 0, "buy": 0, "hold": 0, "sell": 0, "strongSell": 0}, {"period": "-3m", "strongBuy": 0, "buy": 0, "hold": 0, "sell": 0, "strongSell": 0}], "maxAge": 86400}, "cashflowStatementHistory": {"cashflowStatements": [{"maxAge": 1, "endDate": "2020-03-31", "netIncome": 277742000, "depreciation": 529309000, "changeToNetincome": -894333000, "changeToAccountReceivables": 852312000, "changeToLiabilities": -427720000, "changeToInventory": 374113000, "changeToOperatingActivities": 5247000, "totalCashFromOperatingActivities": 739945000, "capitalExpenditures": -852554000, "investments": -484675000, "otherCashflowsFromInvestingActivities": 540265000, "totalCashflowsFromInvestingActivities": -699781000, "dividendsPaid": -373905000, "netBorrowings": -29421000, "otherCashflowsFromFinancingActivities": -82928000, "totalCashFromFinancingActivities": -486254000, "changeInCash": -446090000}, {"maxAge": 1, "endDate": "2019-03-31", "netIncome": 1853812000, "depreciation": 553549000, "changeToNetincome": -573955000, "changeToAccountReceivables": 540616000, "changeToLiabilities": -563448000, "changeToInventory": 203676000, "changeToOperatingActivities": -1026313000, "totalCashFromOperatingActivities": 987937000, "capitalExpenditures": -1850458000, "investments": 1287765000, "otherCashflowsFromInvestingActivities": 720996000, "totalCashflowsFromInvestingActivities": 287130000, "dividendsPaid": -438220000, "netBorrowings": -173000, "otherCashflowsFromFinancingActivities": -119392000, "totalCashFromFinancingActivities": -2152607000, "changeInCash": -877540000, "repurchaseOfStock": -1594822000}, {"maxAge": 1, "endDate": "2018-03-31", "netIncome": 2146401000, "depreciation": 758516000, "changeToNetincome": -838820000, "changeToAccountReceivables": -566409000, "changeToLiabilities": 867203000, "changeToInventory": 176907000, "changeToOperatingActivities": -438595000, "totalCashFromOperatingActivities": 2105203000, "capitalExpenditures": -1312212000, "investments": 347178000, "otherCashflowsFromInvestingActivities": 729249000, "totalCashflowsFromInvestingActivities": -228124000, "dividendsPaid": -383443000, "netBorrowings": 29594000, "otherCashflowsFromFinancingActivities": -86545000, "totalCashFromFinancingActivities": -440394000, "changeInCash": 1436685000, "repurchaseOfStock": -1594822000}, {"maxAge": 1, "endDate": "2017-03-31", "netIncome": 1864076000, "depreciation": 798739000, "changeToNetincome": -929149000, "changeToAccountReceivables": 463778000, "changeToLiabilities": 121263000, "changeToInventory": -252492000, "changeToOperatingActivities": -697095000, "totalCashFromOperatingActivities": 1369120000, "capitalExpenditures": -1357824000, "investments": 1164820000, "otherCashflowsFromInvestingActivities": 698757000, "totalCashflowsFromInvestingActivities": 676214000, "dividendsPaid": -450660000, "netBorrowings": 29594000, "otherCashflowsFromFinancingActivities": -116480000, "totalCashFromFinancingActivities": -1951090000, "changeInCash": 94244000, "repurchaseOfStock": -1383950000}], "maxAge": 86400}, "indexTrend": {"maxAge": 1, "symbol": "SP5", "peRatio": 19.7411, "pegRatio": 1.34172, "estimates": [{"period": "0q", "growth": 0.549}, {"period": "+1q", "growth": 0.431}, {"period": "0y", "growth": 0.305}, {"period": "+1y", "growth": 0.109}, {"period": "+5y", "growth": 0.120865}, {"period": "-5y"}]}, "defaultKeyStatistics": {"maxAge": 1, "priceHint": 2, "enterpriseValue": 59087859712, "forwardPE": 24.977827, "profitMargins": 0.014249999, "floatShares": 3320437, "sharesOutstanding": 10683000, "heldPercentInsiders": 0.59067, "heldPercentInstitutions": 0.13903, "beta": 0.779351, "category": null, "bookValue": 1555.356, "priceToBook": 4.0196266, "fundFamily": null, "legalType": null, "lastFiscalYearEnd": "2020-03-31 05:30:00", "nextFiscalYearEnd": "2022-03-31 05:30:00", "mostRecentQuarter": "2020-12-31 05:30:00", "earningsQuarterlyGrowth": 9.205, "netIncomeToCommon": 204307008, "trailingEps": 19.12, "forwardEps": 250.3, "pegRatio": 24.67, "lastSplitFactor": "10:1", "lastSplitDate": "2006-12-13 05:30:00", "enterpriseToRevenue": 4.122, "enterpriseToEbitda": 224.936}, "industryTrend": {"maxAge": 1, "symbol": null, "estimates": []}, "quoteType": {"exchange": "NSI", "quoteType": "EQUITY", "symbol": "LAXMIMACH.NS", "underlyingSymbol": "LAXMIMACH.NS", "shortName": "LAKSHMI MACHINE", "longName": "Lakshmi Machine Works Limited", "firstTradeDateEpochUtc": "2002-07-01 09:15:00", "timeZoneFullName": "Asia/Kolkata", "timeZoneShortName": "IST", "uuid": "e40c8ef5-7e87-35f0-bcf5-33efebc1ffff", "gmtOffSetMilliseconds": 19800000, "maxAge": 1}, "incomeStatementHistory": {"incomeStatementHistory": [{"maxAge": 1, "endDate": "2020-03-31", "totalRevenue": 15783552000, "costOfRevenue": 9402691000, "grossProfit": 6380861000, "researchDevelopment": {}, "sellingGeneralAdministrative": 2407106000, "nonRecurring": {}, "otherOperatingExpenses": 3753543000, "totalOperatingExpenses": 16114696000, "operatingIncome": -331144000, "totalOtherIncomeExpenseNet": 802976000, "ebit": -331144000, "interestExpense": -1068000, "incomeBeforeTax": 471832000, "incomeTaxExpense": 194090000, "minorityInterest": {}, "netIncomeFromContinuingOps": 277742000, "discontinuedOperations": {}, "extraordinaryItems": {}, "effectOfAccountingCharges": {}, "otherItems": {}, "netIncome": 277742000, "netIncomeApplicableToCommonShares": 277742000}, {"maxAge": 1, "endDate": "2019-03-31", "totalRevenue": 27142265000, "costOfRevenue": 16170994000, "grossProfit": 10971271000, "researchDevelopment": {}, "sellingGeneralAdministrative": 2795603000, "nonRecurring": {}, "otherOperatingExpenses": 5375722000, "totalOperatingExpenses": 24894680000, "operatingIncome": 2247585000, "totalOtherIncomeExpenseNet": 578351000, "ebit": 2247585000, "interestExpense": -1068000, "incomeBeforeTax": 2825936000, "incomeTaxExpense": 972124000, "minorityInterest": {}, "netIncomeFromContinuingOps": 1853812000, "discontinuedOperations": {}, "extraordinaryItems": {}, "effectOfAccountingCharges": {}, "otherItems": {}, "netIncome": 1853812000, "netIncomeApplicableToCommonShares": 1853812000}, {"maxAge": 1, "endDate": "2018-03-31", "totalRevenue": 25873722000, "costOfRevenue": 16345601000, "grossProfit": 9528121000, "researchDevelopment": {}, "sellingGeneralAdministrative": 2722897000, "nonRecurring": {}, "otherOperatingExpenses": 3984401000, "totalOperatingExpenses": 23810295000, "operatingIncome": 2063427000, "totalOtherIncomeExpenseNet": 959958000, "ebit": 2063427000, "interestExpense": -1068000, "incomeBeforeTax": 3023385000, "incomeTaxExpense": 876984000, "minorityInterest": {}, "netIncomeFromContinuingOps": 2146401000, "discontinuedOperations": {}, "extraordinaryItems": {}, "effectOfAccountingCharges": {}, "otherItems": {}, "netIncome": 2146401000, "netIncomeApplicableToCommonShares": 2146401000}, {"maxAge": 1, "endDate": "2017-03-31", "totalRevenue": 22818312000, "costOfRevenue": 14091307000, "grossProfit": 8727005000, "researchDevelopment": {}, "sellingGeneralAdministrative": 2526623000, "nonRecurring": {}, "otherOperatingExpenses": 3587565000, "totalOperatingExpenses": 21002203000, "operatingIncome": 1816109000, "totalOtherIncomeExpenseNet": 808357000, "ebit": 1816109000, "interestExpense": -1068000, "incomeBeforeTax": 2624466000, "incomeTaxExpense": 760390000, "minorityInterest": {}, "netIncomeFromContinuingOps": 1864076000, "discontinuedOperations": {}, "extraordinaryItems": {}, "effectOfAccountingCharges": {}, "otherItems": {}, "netIncome": 1864076000, "netIncomeApplicableToCommonShares": 1864076000}], "maxAge": 86400}, "fundOwnership": {"ownershipList": [{"maxAge": 1, "reportDate": "2021-03-31", "organization": "iShares Core MSCI Emerging Markets ETF", "pctHeld": 0.0036000002, "position": 38558, "value": 261858945}, {"maxAge": 1, "reportDate": "2021-01-31", "organization": "DFA Emerging Markets Core Equity Portfolio", "pctHeld": 0.0019, "position": 19929, "value": 105460282}, {"maxAge": 1, "reportDate": "2021-01-31", "organization": "DFA Emerging Markets Small Cap Series", "pctHeld": 0.0014, "position": 14630, "value": 77419034}, {"maxAge": 1, "reportDate": "2021-03-31", "organization": "iShares MSCI India Small Cap ETF", "pctHeld": 0.0007, "position": 7022, "value": 47688508}, {"maxAge": 1, "reportDate": "2020-12-31", "organization": "College Retirement Equities Fund-Stock Account", "pctHeld": 0.0002, "position": 2335, "value": 10748121}, {"maxAge": 1, "reportDate": "2020-12-31", "organization": "State Street Inst Inv Tr-State St All Cap Glb Equity ex-US Index Port", "pctHeld": 0.0001, "position": 1452, "value": 6683628}, {"maxAge": 1, "reportDate": "2021-01-31", "organization": "DFA Investment Dimensions-DFA Emerging Mkts Value", "pctHeld": 0.0001, "position": 1294, "value": 6847589}, {"maxAge": 1, "reportDate": "2021-01-31", "organization": "DFA Investment Dimensions-World Ex U.S. Core Equity Port", "pctHeld": 0.0001, "position": 1159, "value": 6133196}, {"maxAge": 1, "reportDate": "2021-01-31", "organization": "DFA Investment Dimensions-Emerging Markets Social Core Equity", "pctHeld": 0.0001, "position": 1141, "value": 6037943}, {"maxAge": 1, "reportDate": "2021-01-31", "organization": "DFA T.A. World Ex U.S. Core Equity Portfolio", "pctHeld": 0.0001, "position": 669, "value": 3540214}], "maxAge": 1}, "summaryDetail": {"maxAge": 1, "priceHint": 2, "previousClose": 6121.6, "open": 6120.0, "dayLow": 6102.05, "dayHigh": 6320.95, "regularMarketPreviousClose": 6121.6, "regularMarketOpen": 6120.0, "regularMarketDayLow": 6102.05, "regularMarketDayHigh": 6320.95, "dividendRate": 10.0, "dividendYield": 0.0016, "exDividendDate": "2020-07-16 05:30:00", "payoutRatio": 0.523, "fiveYearAvgDividendYield": 0.75, "beta": 0.779351, "trailingPE": 326.98483, "forwardPE": 24.977827, "volume": 20507, "regularMarketVolume": 20507, "averageVolume": 17192, "averageVolume10days": 9562, "averageDailyVolume10Day": 9562, "bid": 0.0, "ask": 0.0, "bidSize": 0, "askSize": 0, "marketCap": 66640162816, "fiftyTwoWeekLow": 2325.8, "fiftyTwoWeekHigh": 7860.0, "priceToSalesTrailing12Months": 4.648502, "fiftyDayAverage": 6675.3354, "twoHundredDayAverage": 5014.6987, "trailingAnnualDividendRate": 10.0, "trailingAnnualDividendYield": 0.0016335598, "currency": "INR", "fromCurrency": null, "lastMarket": null, "algorithm": null, "tradeable": false}, "insiderHolders": {"holders": [{"maxAge": 1, "name": "Adi Narayana Family Trust", "relation": "Institution- Corporation", "url": "", "transactionDescription": "Other", "latestTransDate": "2020-02-17", "positionIndirect": 0, "positionIndirectDate": 1581897600}, {"maxAge": 1, "name": "Gagandeep Credit Capital Pvt. Ltd.", "relation": "Promoter", "url": "", "transactionDescription": "Other", "latestTransDate": "2021-01-28", "positionDirect": 475800, "positionDirectDate": "2021-01-28"}, {"maxAge": 1, "name": "Jayavarthanavelu (Jaidev)", "relation": "UNREPORTED", "url": "", "transactionDescription": "Purchase", "latestTransDate": "2014-03-12", "positionDirect": 380, "positionDirectDate": "2014-03-12"}, {"maxAge": 1, "name": "Jayavarthanavelu (Sanjay)", "relation": "Executive Chairman", "url": "", "transactionDescription": "Other", "latestTransDate": "2020-02-17", "positionDirect": 142291, "positionDirectDate": "2020-02-17"}, {"maxAge": 1, "name": "Jayavarthanavelu (Shivali)", "relation": "Promoter", "url": "", "transactionDescription": "Gift", "latestTransDate": "2019-03-06", "positionDirect": 7970, "positionDirectDate": "2019-03-06"}, {"maxAge": 1, "name": "Lakshmi Cargo Company, Ltd.", "relation": "Promoter", "url": "", "transactionDescription": "Acquisition", "latestTransDate": "2017-04-27", "positionDirect": 1074468, "positionDirectDate": "2017-04-27"}, {"maxAge": 1, "name": "Lakshmi Mills Company Ltd", "relation": "Promoter", "url": "", "transactionDescription": "Sale", "latestTransDate": "2013-05-09", "positionDirect": 520000, "positionDirectDate": "2013-05-09"}, {"maxAge": 1, "name": "Lakshmi Technology & Engineering Industries, Ltd.", "relation": "Promoter", "url": "", "transactionDescription": "Acquisition", "latestTransDate": "2020-06-23", "positionDirect": 696842, "positionDirectDate": "2020-06-23"}, {"maxAge": 1, "name": "Super Sales India, Ltd.", "relation": "Promoter", "url": "", "transactionDescription": "Acquisition", "latestTransDate": "2017-04-27", "positionDirect": 229480, "positionDirectDate": "2017-04-27"}, {"maxAge": 1, "name": "Thayarammal (D)", "relation": "Promoter", "url": "", "transactionDescription": "Gift", "latestTransDate": "2019-03-06", "positionDirect": 0, "positionDirectDate": "2019-03-06"}], "maxAge": 1}, "calendarEvents": {"maxAge": 1, "earnings": {"earningsDate": []}, "exDividendDate": "2020-07-16 05:30:00"}, "upgradeDowngradeHistory": {"history": [], "maxAge": 86400}, "price": {"maxAge": 1, "regularMarketChangePercent": 0.021293469, "regularMarketChange": 130.3501, "regularMarketTime": "2021-04-30 15:29:56", "priceHint": 2, "regularMarketPrice": 6251.95, "regularMarketDayHigh": 6320.95, "regularMarketDayLow": 6102.05, "regularMarketVolume": 20507, "averageDailyVolume10Day": 9562, "averageDailyVolume3Month": 17192, "regularMarketPreviousClose": 6121.6, "regularMarketSource": "FREE_REALTIME", "regularMarketOpen": 6120.0, "exchange": "NSI", "exchangeName": "NSE", "exchangeDataDelayedBy": 15, "marketState": "CLOSED", "quoteType": "EQUITY", "symbol": "LAXMIMACH.NS", "underlyingSymbol": null, "shortName": "LAKSHMI MACHINE", "longName": "Lakshmi Machine Works Limited", "currency": "INR", "quoteSourceName": "Delayed Quote", "currencySymbol": "\u20b9", "fromCurrency": null, "lastMarket": null, "marketCap": 66640162816}, "balanceSheetHistory": {"balanceSheetStatements": [{"maxAge": 1, "endDate": "2020-03-31", "cash": 507548000, "shortTermInvestments": 5864035000, "netReceivables": 1642732000, "inventory": 2884908000, "otherCurrentAssets": 1036748000, "totalCurrentAssets": 12862983000, "longTermInvestments": 3038576000, "propertyPlantEquipment": 7251160000, "intangibleAssets": 154296000, "otherAssets": 154222000, "totalAssets": 23461237000, "accountsPayable": 3325725000, "otherCurrentLiab": 2616700000, "otherLiab": 829190000, "totalCurrentLiabilities": 6028487000, "totalLiab": 6857677000, "commonStock": 106830000, "retainedEarnings": 16202019000, "treasuryStock": 294711000, "otherStockholderEquity": 294711000, "totalStockholderEquity": 16603560000, "netTangibleAssets": 16449264000}, {"maxAge": 1, "endDate": "2019-03-31", "cash": 953623000, "shortTermInvestments": 4615006000, "netReceivables": 2684037000, "inventory": 3259021000, "otherCurrentAssets": 584442000, "totalCurrentAssets": 12629852000, "longTermInvestments": 4537317000, "propertyPlantEquipment": 6993037000, "intangibleAssets": 118087000, "otherAssets": 288571000, "deferredLongTermAssetCharges": 45533000, "totalAssets": 24566864000, "accountsPayable": 3753446000, "otherCurrentLiab": 3066603000, "longTermDebt": 29421000, "otherLiab": 504843000, "totalCurrentLiabilities": 6929540000, "totalLiab": 7463804000, "commonStock": 106830000, "retainedEarnings": 16355139000, "treasuryStock": 641091000, "otherStockholderEquity": 641091000, "totalStockholderEquity": 17103060000, "netTangibleAssets": 16984973000}, {"maxAge": 1, "endDate": "2018-03-31", "cash": 1831157000, "shortTermInvestments": 8478857000, "netReceivables": 3035714000, "inventory": 3462697000, "otherCurrentAssets": 631141000, "totalCurrentAssets": 17464900000, "longTermInvestments": 2566375000, "propertyPlantEquipment": 5789489000, "intangibleAssets": 126585000, "otherAssets": 403147000, "deferredLongTermAssetCharges": 102747000, "totalAssets": 26350496000, "accountsPayable": 4316894000, "otherCurrentLiab": 3471823000, "longTermDebt": 29594000, "otherLiab": 950764000, "totalCurrentLiabilities": 7903271000, "totalLiab": 8883629000, "commonStock": 109555000, "retainedEarnings": 16402801000, "treasuryStock": 954511000, "otherStockholderEquity": 954511000, "totalStockholderEquity": 17466867000, "netTangibleAssets": 17340282000}, {"maxAge": 1, "endDate": "2017-03-31", "cash": 394473000, "shortTermInvestments": 8820934000, "netReceivables": 2677752000, "inventory": 3639603000, "otherCurrentAssets": 523490000, "totalCurrentAssets": 16087101000, "longTermInvestments": 1944192000, "propertyPlantEquipment": 5169306000, "intangibleAssets": 86601000, "otherAssets": 380892000, "deferredLongTermAssetCharges": 129731000, "totalAssets": 23668092000, "accountsPayable": 3449691000, "otherCurrentLiab": 3607580000, "otherLiab": 1002129000, "totalCurrentLiabilities": 7081950000, "totalLiab": 8084079000, "commonStock": 109555000, "retainedEarnings": 14772970000, "treasuryStock": 701488000, "otherStockholderEquity": 701488000, "totalStockholderEquity": 15584013000, "netTangibleAssets": 15497412000}], "maxAge": 86400}, "earningsTrend": {"trend": [{"maxAge": 1, "period": "0q", "endDate": "2018-06-30", "growth": {}, "earningsEstimate": {"avg": 0.0, "low": 0.0, "high": 0.0, "yearAgoEps": {}, "numberOfAnalysts": 0, "growth": {}}, "revenueEstimate": {"avg": 0, "low": 0, "high": 0, "numberOfAnalysts": 0, "yearAgoRevenue": {}, "growth": {}}, "epsTrend": {"current": 0.0, "7daysAgo": 0.0, "30daysAgo": 0.0, "60daysAgo": 0.0, "90daysAgo": 0.0}, "epsRevisions": {"upLast7days": 0, "upLast30days": 0, "downLast30days": 0, "downLast90days": {}}}, {"maxAge": 1, "period": "+1q", "endDate": "2018-09-30", "growth": {}, "earningsEstimate": {"avg": 0.0, "low": 0.0, "high": 0.0, "yearAgoEps": {}, "numberOfAnalysts": 0, "growth": {}}, "revenueEstimate": {"avg": 0, "low": 0, "high": 0, "numberOfAnalysts": 0, "yearAgoRevenue": {}, "growth": {}}, "epsTrend": {"current": 0.0, "7daysAgo": 0.0, "30daysAgo": 0.0, "60daysAgo": 0.0, "90daysAgo": 0.0}, "epsRevisions": {"upLast7days": 0, "upLast30days": 0, "downLast30days": 0, "downLast90days": {}}}, {"maxAge": 1, "period": "0y", "endDate": "2019-03-31", "growth": 0.126, "earningsEstimate": {"avg": 221.49, "low": 184.4, "high": 272.9, "yearAgoEps": 196.66, "numberOfAnalysts": 3, "growth": 0.126}, "revenueEstimate": {"avg": 28411700000, "low": 25970200000, "high": 32884000000, "numberOfAnalysts": 3, "yearAgoRevenue": 25589000000, "growth": 0.11}, "epsTrend": {"current": 221.49, "7daysAgo": 221.49, "30daysAgo": 221.49, "60daysAgo": 221.49, "90daysAgo": 221.49}, "epsRevisions": {"upLast7days": 0, "upLast30days": 0, "downLast30days": 0, "downLast90days": {}}}, {"maxAge": 1, "period": "+1y", "endDate": "2020-03-31", "growth": 0.13, "earningsEstimate": {"avg": 250.3, "low": 200.6, "high": 300.0, "yearAgoEps": 221.49, "numberOfAnalysts": 2, "growth": 0.13}, "revenueEstimate": {"avg": 31297500000, "low": 27418000000, "high": 35177000000, "numberOfAnalysts": 2, "yearAgoRevenue": 28411700000, "growth": 0.102}, "epsTrend": {"current": 250.3, "7daysAgo": 250.3, "30daysAgo": 250.3, "60daysAgo": 250.3, "90daysAgo": 250.3}, "epsRevisions": {"upLast7days": 0, "upLast30days": 0, "downLast30days": 0, "downLast90days": {}}}, {"maxAge": 1, "period": "+5y", "endDate": null, "growth": 0.015, "earningsEstimate": {"avg": {}, "low": {}, "high": {}, "yearAgoEps": {}, "numberOfAnalysts": {}, "growth": {}}, "revenueEstimate": {"avg": {}, "low": {}, "high": {}, "numberOfAnalysts": {}, "yearAgoRevenue": {}, "growth": {}}, "epsTrend": {"current": {}, "7daysAgo": {}, "30daysAgo": {}, "60daysAgo": {}, "90daysAgo": {}}, "epsRevisions": {"upLast7days": {}, "upLast30days": {}, "downLast30days": {}, "downLast90days": {}}}, {"maxAge": 1, "period": "-5y", "endDate": null, "growth": 0.20804001, "earningsEstimate": {"avg": {}, "low": {}, "high": {}, "yearAgoEps": {}, "numberOfAnalysts": {}, "growth": {}}, "revenueEstimate": {"avg": {}, "low": {}, "high": {}, "numberOfAnalysts": {}, "yearAgoRevenue": {}, "growth": {}}, "epsTrend": {"current": {}, "7daysAgo": {}, "30daysAgo": {}, "60daysAgo": {}, "90daysAgo": {}}, "epsRevisions": {"upLast7days": {}, "upLast30days": {}, "downLast30days": {}, "downLast90days": {}}}], "maxAge": 1}, "institutionOwnership": {"ownershipList": [], "maxAge": 1}, "majorHoldersBreakdown": {"maxAge": 1, "insidersPercentHeld": 0.59067, "institutionsPercentHeld": 0.13903, "institutionsFloatPercentHeld": 0.33966, "institutionsCount": 18}, "balanceSheetHistoryQuarterly": {"balanceSheetStatements": [{"maxAge": 1, "endDate": "2020-12-31", "totalStockholderEquity": 16603845000, "netTangibleAssets": 16397514000}, {"maxAge": 1, "endDate": "2020-09-30", "cash": 5202680000, "shortTermInvestments": 1115988000, "netReceivables": 1142328000, "inventory": 2161270000, "otherCurrentAssets": 906879000, "totalCurrentAssets": 10529145000, "longTermInvestments": 5052021000, "propertyPlantEquipment": 7114256000, "intangibleAssets": 206331000, "totalAssets": 22901753000, "accountsPayable": 2593109000, "otherCurrentLiab": 2717145000, "otherLiab": 987654000, "totalCurrentLiabilities": 5310254000, "totalLiab": 6297908000, "commonStock": 106830000, "treasuryStock": 16497015000, "otherStockholderEquity": 16497015000, "totalStockholderEquity": 16603845000, "netTangibleAssets": 16397514000}, {"maxAge": 1, "endDate": "2020-06-30", "totalStockholderEquity": 16603560000, "netTangibleAssets": 16449264000}, {"maxAge": 1, "endDate": "2020-03-31", "cash": 507548000, "shortTermInvestments": 5864035000, "netReceivables": 1642732000, "inventory": 2884908000, "otherCurrentAssets": 1036748000, "totalCurrentAssets": 12862983000, "longTermInvestments": 3038576000, "propertyPlantEquipment": 7251160000, "intangibleAssets": 154296000, "otherAssets": 154222000, "totalAssets": 23461237000, "accountsPayable": 3325725000, "otherCurrentLiab": 2616700000, "otherLiab": 829190000, "totalCurrentLiabilities": 6028487000, "totalLiab": 6857677000, "commonStock": 106830000, "retainedEarnings": 16202019000, "treasuryStock": 294711000, "otherStockholderEquity": 294711000, "totalStockholderEquity": 16603560000, "netTangibleAssets": 16449264000}], "maxAge": 86400}, "earningsHistory": {"history": [{"maxAge": 1, "epsActual": {}, "epsEstimate": {}, "epsDifference": {}, "surprisePercent": {}, "quarter": {}, "period": "-4q"}, {"maxAge": 1, "epsActual": {}, "epsEstimate": {}, "epsDifference": {}, "surprisePercent": {}, "quarter": {}, "period": "-3q"}, {"maxAge": 1, "epsActual": {}, "epsEstimate": {}, "epsDifference": {}, "surprisePercent": {}, "quarter": {}, "period": "-2q"}, {"maxAge": 1, "epsActual": 58.93, "epsEstimate": 56.6, "epsDifference": 2.33, "surprisePercent": 0.040999997, "quarter": "2018-03-31", "period": "-1q"}], "maxAge": 86400}, "summaryProfile": {"address1": "34A, Kamaraj Road", "city": "Coimbatore", "zip": "641018", "country": "India", "phone": "91 42 2719 8100", "fax": "91 42 2222 0912", "website": "http://www.lmwglobal.com", "industry": "Specialty Industrial Machinery", "sector": "Industrials", "longBusinessSummary": "Lakshmi Machine Works Limited, together with its subsidiaries, manufactures and sells textile spinning machinery, CNC machine tools, and heavy castings in India and internationally. The company operates through three segments: Textile Machinery Division, Machine Tool Division/Foundry, and Advanced Technology Centre. It offers textile machinery products, such as card silver, combining, ring and compact spinning, and mill mounting systems, as well as blending solutions; and machine tools consisting of turning, milling, and turnmill tools. The company also provides foundry products that include locomotive castings/turbocharger parts, marine transmission castings, power and energy products, and pumps and valves; and aero engine, aero structures and structural assemblies, sheet metal and special process components, and aerospace composites. In addition, it is involved in the development and sale of residential apartments. As of March 31, 2020, the company has installed 28 wind energy generators with a total capacity of 36.80 MW, as well as 10 MW of solar power generating facility. It also exports its products. Lakshmi Machine Works Limited was founded in 1962 and is based in Coimbatore, India.", "fullTimeEmployees": 3185, "companyOfficers": [], "maxAge": 86400}, "netSharePurchaseActivity": {"maxAge": 1, "period": "6m", "buyInfoCount": 0, "buyInfoShares": 0, "sellInfoCount": 0, "netInfoCount": 0, "netInfoShares": 0, "netPercentInsiderShares": 0.0, "totalInsiderShares": 6311042}, "insiderTransactions": {"transactions": [{"maxAge": 1, "shares": 118000, "filerUrl": "", "transactionText": "", "filerName": "Gagandeep Credit Capital Pvt. Ltd.", "filerRelation": "Promoter", "moneyText": "", "startDate": "2021-01-28", "ownership": "D"}, {"maxAge": 1, "shares": 17452, "filerUrl": "", "transactionText": "", "filerName": "Lakshmi Technology & Engineering Industries, Ltd.", "filerRelation": "Promoter", "moneyText": "", "startDate": "2020-06-23", "ownership": "D"}, {"maxAge": 1, "shares": 50147, "filerUrl": "", "transactionText": "", "filerName": "Gagandeep Credit Capital Pvt. Ltd.", "filerRelation": "Institution- Corporation", "moneyText": "", "startDate": "2020-03-03", "ownership": "D"}, {"maxAge": 1, "shares": 0, "filerUrl": "", "transactionText": "", "filerName": "Adi Narayana Family Trust", "filerRelation": "Institution- Corporation", "moneyText": "", "startDate": "2020-02-17", "ownership": "I"}, {"maxAge": 1, "shares": 10001, "filerUrl": "", "transactionText": "", "filerName": "Jayavarthanavelu (Sanjay)", "filerRelation": "Executive Chairman", "moneyText": "", "startDate": "2020-02-17", "ownership": "D"}, {"maxAge": 1, "shares": 4000, "filerUrl": "", "transactionText": "", "filerName": "Lakshmi Technology & Engineering Industries, Ltd.", "filerRelation": "Promoter", "moneyText": "", "startDate": "2019-11-27", "ownership": "D"}, {"maxAge": 1, "shares": 8300, "filerUrl": "", "transactionText": "", "filerName": "Lakshmi Technology & Engineering Industries, Ltd.", "filerRelation": "Promoter", "moneyText": "", "startDate": "2019-08-13", "ownership": "D"}, {"maxAge": 1, "shares": 7920, "filerUrl": "", "transactionText": "", "filerName": "Thayarammal (D)", "filerRelation": "Promoter", "moneyText": "", "startDate": "2019-03-06", "ownership": "D"}, {"maxAge": 1, "shares": 7920, "filerUrl": "", "transactionText": "", "filerName": "Jayavarthanavelu (Shivali)", "filerRelation": "Promoter", "moneyText": "", "startDate": "2019-03-06", "ownership": "D"}, {"maxAge": 1, "shares": 25000, "filerUrl": "", "transactionText": "", "filerName": "Lakshmi Cargo Company, Ltd.", "filerRelation": "Promoter", "moneyText": "", "startDate": "2017-04-27", "ownership": "D"}, {"maxAge": 1, "shares": 25000, "filerUrl": "", "transactionText": "", "filerName": "Super Sales India, Ltd.", "filerRelation": "Promoter", "moneyText": "", "startDate": "2017-04-27", "ownership": "D"}, {"maxAge": 1, "shares": 25000, "filerUrl": "", "transactionText": "", "filerName": "Lakshmi Cargo Company, Ltd.", "filerRelation": "Promoter", "moneyText": "", "startDate": "2017-03-23", "ownership": "D"}, {"maxAge": 1, "shares": 25000, "filerUrl": "", "transactionText": "", "filerName": "Super Sales India, Ltd.", "filerRelation": "Promoter", "moneyText": "", "startDate": "2017-03-23", "ownership": "D"}, {"maxAge": 1, "shares": 250, "filerUrl": "", "transactionText": "", "filerName": "Lakshmi Cargo Company, Ltd.", "filerRelation": "Promoter", "moneyText": "", "startDate": "2014-11-28", "ownership": "D"}, {"maxAge": 1, "shares": 320, "filerUrl": "", "transactionText": "", "filerName": "Jayavarthanavelu (Jaidev)", "filerRelation": "UNREPORTED", "moneyText": "", "startDate": "2014-03-12", "ownership": "D"}, {"maxAge": 1, "shares": 500, "filerUrl": "", "transactionText": "", "filerName": "Lakshmi Cargo Company, Ltd.", "filerRelation": "Promoter", "moneyText": "", "startDate": "2013-11-16", "ownership": "D"}, {"maxAge": 1, "shares": 100000, "filerUrl": "", "transactionText": "", "filerName": "Lakshmi Cargo Company, Ltd.", "filerRelation": "Promoter", "moneyText": "", "startDate": "2013-05-09", "ownership": "D"}, {"maxAge": 1, "shares": 100000, "filerUrl": "", "transactionText": "", "filerName": "Lakshmi Mills Company Ltd", "filerRelation": "Promoter", "moneyText": "", "startDate": "2013-05-09", "ownership": "D"}, {"maxAge": 1, "shares": 100000, "filerUrl": "", "transactionText": "", "filerName": "Lakshmi Cargo Company, Ltd.", "filerRelation": "Promoter", "moneyText": "", "startDate": "2013-02-18", "ownership": "D"}, {"maxAge": 1, "shares": 100000, "filerUrl": "", "transactionText": "", "filerName": "Lakshmi Mills Company Ltd", "filerRelation": "Promoter", "moneyText": "", "startDate": "2013-02-18", "ownership": "D"}, {"maxAge": 1, "shares": 32940, "filerUrl": "", "transactionText": "", "filerName": "Jayavarthanavelu (Sanjay)", "filerRelation": "Director", "moneyText": "", "startDate": "2010-12-11", "ownership": "D"}], "maxAge": 1}, "sectorTrend": {"maxAge": 1, "symbol": null, "estimates": []}, "incomeStatementHistoryQuarterly": {"incomeStatementHistory": [{"maxAge": 1, "endDate": "2020-12-31", "totalRevenue": 4785629000, "costOfRevenue": 2789943000, "grossProfit": 1995686000, "researchDevelopment": {}, "sellingGeneralAdministrative": 629288000, "nonRecurring": {}, "otherOperatingExpenses": 961122000, "totalOperatingExpenses": 4520882000, "operatingIncome": 264747000, "totalOtherIncomeExpenseNet": 201417000, "ebit": 264747000, "interestExpense": -149000, "incomeBeforeTax": 466164000, "incomeTaxExpense": 133554000, "minorityInterest": {}, "netIncomeFromContinuingOps": 332610000, "discontinuedOperations": {}, "extraordinaryItems": {}, "effectOfAccountingCharges": {}, "otherItems": {}, "netIncome": 332610000, "netIncomeApplicableToCommonShares": 332610000}, {"maxAge": 1, "endDate": "2020-09-30", "totalRevenue": 3963410000, "costOfRevenue": 2411262000, "grossProfit": 1552148000, "researchDevelopment": {}, "sellingGeneralAdministrative": 516173000, "nonRecurring": {}, "otherOperatingExpenses": 897266000, "totalOperatingExpenses": 3964207000, "operatingIncome": -797000, "totalOtherIncomeExpenseNet": 86362000, "ebit": -797000, "interestExpense": -144000, "incomeBeforeTax": 85565000, "incomeTaxExpense": 16496000, "minorityInterest": {}, "netIncomeFromContinuingOps": 69069000, "discontinuedOperations": {}, "extraordinaryItems": {}, "effectOfAccountingCharges": {}, "otherItems": {}, "netIncome": 69069000, "netIncomeApplicableToCommonShares": 69069000}, {"maxAge": 1, "endDate": "2020-06-30", "totalRevenue": 1687765000, "costOfRevenue": 977742000, "grossProfit": 710023000, "researchDevelopment": {}, "sellingGeneralAdministrative": 447845000, "nonRecurring": {}, "otherOperatingExpenses": 542867000, "totalOperatingExpenses": 2106581000, "operatingIncome": -418816000, "totalOtherIncomeExpenseNet": 164592000, "ebit": -418816000, "interestExpense": -3000, "incomeBeforeTax": -254224000, "incomeTaxExpense": -38049000, "minorityInterest": {}, "netIncomeFromContinuingOps": -216175000, "discontinuedOperations": {}, "extraordinaryItems": {}, "effectOfAccountingCharges": {}, "otherItems": {}, "netIncome": -216175000, "netIncomeApplicableToCommonShares": -216175000}, {"maxAge": 1, "endDate": "2020-03-31", "totalRevenue": 3899032000, "costOfRevenue": 2305716000, "grossProfit": 1593316000, "researchDevelopment": {}, "sellingGeneralAdministrative": 621181000, "nonRecurring": {}, "otherOperatingExpenses": 930534000, "totalOperatingExpenses": 3992607000, "operatingIncome": -93575000, "totalOtherIncomeExpenseNet": 149438000, "ebit": -93575000, "interestExpense": -3000, "incomeBeforeTax": 55863000, "incomeTaxExpense": 37060000, "minorityInterest": {}, "netIncomeFromContinuingOps": 18803000, "discontinuedOperations": {}, "extraordinaryItems": {}, "effectOfAccountingCharges": {}, "otherItems": {}, "netIncome": 18803000, "netIncomeApplicableToCommonShares": 18803000}], "maxAge": 86400}, "cashflowStatementHistoryQuarterly": {"cashflowStatements": [{"maxAge": 1, "endDate": "2020-12-31", "netIncome": 332610000, "changeToLiabilities": 0}, {"maxAge": 1, "endDate": "2020-09-30", "netIncome": 69069000, "changeToLiabilities": 0}, {"maxAge": 1, "endDate": "2020-06-30", "netIncome": -216175000, "changeToLiabilities": 0}, {"maxAge": 1, "endDate": "2020-03-31", "netIncome": 18803000, "changeToLiabilities": 0}], "maxAge": 86400}, "earnings": {"maxAge": 86400, "earningsChart": {"quarterly": [{"date": "1Q2018", "actual": 58.93, "estimate": 56.6}], "currentQuarterEstimateDate": "2Q", "currentQuarterEstimateYear": 2018, "earningsDate": []}, "financialsChart": {"yearly": [{"date": 2017, "revenue": 22818312000, "earnings": 1864076000}, {"date": 2018, "revenue": 25873722000, "earnings": 2146401000}, {"date": 2019, "revenue": 27142265000, "earnings": 1853812000}, {"date": 2020, "revenue": 15783552000, "earnings": 277742000}], "quarterly": [{"date": "1Q2020", "revenue": 3899032000, "earnings": 18803000}, {"date": "2Q2020", "revenue": 1687765000, "earnings": -216175000}, {"date": "3Q2020", "revenue": 3963410000, "earnings": 69069000}, {"date": "4Q2020", "revenue": 4785629000, "earnings": 332610000}]}, "financialCurrency": "INR"}, "financialData": {"maxAge": 86400, "currentPrice": 6251.95, "targetHighPrice": 7200.0, "targetLowPrice": 3379.0, "targetMeanPrice": 5289.5, "targetMedianPrice": 5289.5, "recommendationMean": 2.7, "recommendationKey": "hold", "numberOfAnalystOpinions": 2, "totalCash": 6318667776, "totalCashPerShare": 591.384, "ebitda": 262688000, "totalDebt": 0, "totalRevenue": 14335836160, "revenuePerShare": 1341.608, "grossProfits": 6380861000, "earningsGrowth": 9.173, "revenueGrowth": 0.494, "grossMargins": 0.40815, "ebitdaMargins": 0.01832, "operatingMargins": -0.01733, "profitMargins": 0.014249999, "financialCurrency": "INR"}}}