{"LCCINFOTEC.BO": {"cashflowStatementHistory": {"cashflowStatements": [{"maxAge": 1, "endDate": "2016-03-31", "netIncome": -1265000, "depreciation": 1395000, "changeToNetincome": 3389000, "changeToAccountReceivables": -14137000, "changeToLiabilities": -234000, "changeToInventory": 49000, "changeToOperatingActivities": 8389000, "totalCashFromOperatingActivities": -2414000, "capitalExpenditures": -1523000, "investments": -847000, "totalCashflowsFromInvestingActivities": -1038000, "netBorrowings": 1949000, "otherCashflowsFromFinancingActivities": -122000, "totalCashFromFinancingActivities": 1827000, "changeInCash": -1625000}, {"maxAge": 1, "endDate": "2015-03-31", "netIncome": -1206000, "depreciation": 1172000, "changeToNetincome": 4538000, "changeToAccountReceivables": -8557000, "changeToLiabilities": -178000, "changeToInventory": 140000, "changeToOperatingActivities": 4979000, "totalCashFromOperatingActivities": 888000, "capitalExpenditures": -1523000, "investments": 104000, "totalCashflowsFromInvestingActivities": 106000, "netBorrowings": 1062000, "otherCashflowsFromFinancingActivities": -144000, "totalCashFromFinancingActivities": 918000, "changeInCash": 1912000}, {"maxAge": 1, "endDate": "2014-03-31", "netIncome": -1454000, "depreciation": 1183000, "changeToNetincome": 4097000, "changeToAccountReceivables": -9005000, "changeToLiabilities": 1415000, "changeToInventory": -425000, "changeToOperatingActivities": 3913000, "totalCashFromOperatingActivities": -276000, "capitalExpenditures": -1505000, "investments": -215000, "totalCashflowsFromInvestingActivities": -920000, "netBorrowings": 817000, "otherCashflowsFromFinancingActivities": -179000, "totalCashFromFinancingActivities": 638000, "changeInCash": -558000}, {"maxAge": 1, "endDate": "2013-03-31", "netIncome": -8174000, "depreciation": 1113000, "changeToNetincome": 507000, "changeToAccountReceivables": -1863000, "changeToLiabilities": -277000, "changeToInventory": 8411000, "changeToOperatingActivities": 779000, "totalCashFromOperatingActivities": 496000, "capitalExpenditures": -101000, "investments": -100000, "totalCashflowsFromInvestingActivities": -201000, "netBorrowings": -44000, "otherCashflowsFromFinancingActivities": -127000, "totalCashFromFinancingActivities": -171000, "changeInCash": 124000}], "maxAge": 86400}, "balanceSheetHistoryQuarterly": {"balanceSheetStatements": [{"maxAge": 1, "endDate": "2012-03-31", "cash": 1479000, "netReceivables": 181534000, "inventory": 8804000, "otherCurrentAssets": 7881000, "totalCurrentAssets": 199698000, "longTermInvestments": 203381000, "propertyPlantEquipment": 25293000, "otherAssets": 241038000, "totalAssets": 669410000, "otherCurrentLiab": 15558000, "totalCurrentLiabilities": 15558000, "totalLiab": 15558000, "commonStock": 253187000, "treasuryStock": 400665000, "otherStockholderEquity": 400665000, "totalStockholderEquity": 653852000, "netTangibleAssets": 653852000}, {"maxAge": 1, "endDate": "2011-06-30", "totalStockholderEquity": 653852000, "netTangibleAssets": 653852000}, {"maxAge": 1, "endDate": "2011-03-31", "cash": 1590000, "netReceivables": 382523000, "inventory": 11760000, "otherCurrentAssets": 8734000, "totalCurrentAssets": 404607000, "longTermInvestments": 185663000, "propertyPlantEquipment": 25474000, "otherAssets": 54341000, "totalAssets": 670085000, "accountsPayable": 6777000, "otherCurrentLiab": 9454000, "totalCurrentLiabilities": 16231000, "totalLiab": 16231000, "commonStock": 253189000, "retainedEarnings": 70000, "capitalSurplus": 400595000, "totalStockholderEquity": 653854000, "netTangibleAssets": 653854000}, {"maxAge": 1, "endDate": "2010-12-31"}], "maxAge": 86400}, "indexTrend": {"maxAge": 1, "symbol": "SP5", "peRatio": 19.7411, "pegRatio": 1.34172, "estimates": [{"period": "0q", "growth": 0.549}, {"period": "+1q", "growth": 0.431}, {"period": "0y", "growth": 0.305}, {"period": "+1y", "growth": 0.109}, {"period": "+5y", "growth": 0.120865}, {"period": "-5y"}]}, "quoteType": {"exchange": "BSE", "quoteType": "EQUITY", "symbol": "LCCINFOTEC.BO", "underlyingSymbol": "LCCINFOTEC.BO", "shortName": "LCC INFOTECH LTD.", "longName": null, "firstTradeDateEpochUtc": "2011-11-18 09:15:00", "timeZoneFullName": "Asia/Kolkata", "timeZoneShortName": "IST", "uuid": "ad75c025-098e-31ca-b5e3-4d5cce0d1527", "gmtOffSetMilliseconds": 19800000, "maxAge": 1}, "incomeStatementHistory": {"incomeStatementHistory": [{"maxAge": 1, "endDate": "2016-03-31", "totalRevenue": 106044000, "costOfRevenue": 99218000, "grossProfit": 6826000, "researchDevelopment": {}, "sellingGeneralAdministrative": 48000, "nonRecurring": {}, "otherOperatingExpenses": 6055000, "totalOperatingExpenses": 106716000, "operatingIncome": -672000, "totalOtherIncomeExpenseNet": -593000, "ebit": -672000, "interestExpense": -122000, "incomeBeforeTax": -1265000, "incomeTaxExpense": 0, "minorityInterest": 2000, "netIncomeFromContinuingOps": -1265000, "discontinuedOperations": {}, "extraordinaryItems": {}, "effectOfAccountingCharges": {}, "otherItems": {}, "netIncome": -1265000, "netIncomeApplicableToCommonShares": -1265000}, {"maxAge": 1, "endDate": "2015-03-31", "totalRevenue": 110618000, "costOfRevenue": 103095000, "grossProfit": 7523000, "researchDevelopment": {}, "sellingGeneralAdministrative": 74000, "nonRecurring": {}, "otherOperatingExpenses": 7339000, "totalOperatingExpenses": 111680000, "operatingIncome": -1062000, "totalOtherIncomeExpenseNet": -144000, "ebit": -1062000, "interestExpense": -144000, "incomeBeforeTax": -1206000, "incomeTaxExpense": 0, "minorityInterest": 2000, "netIncomeFromContinuingOps": -1206000, "discontinuedOperations": {}, "extraordinaryItems": {}, "effectOfAccountingCharges": {}, "otherItems": {}, "netIncome": -1206000, "netIncomeApplicableToCommonShares": -1206000}, {"maxAge": 1, "endDate": "2014-03-31", "totalRevenue": 100691000, "costOfRevenue": 91687000, "grossProfit": 9004000, "researchDevelopment": {}, "sellingGeneralAdministrative": 2753000, "nonRecurring": {}, "otherOperatingExpenses": 88000, "totalOperatingExpenses": 99629000, "operatingIncome": 1062000, "totalOtherIncomeExpenseNet": -2516000, "ebit": 1062000, "interestExpense": -179000, "incomeBeforeTax": -1454000, "incomeTaxExpense": 0, "minorityInterest": 2000, "netIncomeFromContinuingOps": -1454000, "discontinuedOperations": {}, "extraordinaryItems": {}, "effectOfAccountingCharges": {}, "otherItems": {}, "netIncome": -1454000, "netIncomeApplicableToCommonShares": -1454000}, {"maxAge": 1, "endDate": "2013-03-31", "totalRevenue": 95388000, "costOfRevenue": 94208000, "grossProfit": 1180000, "researchDevelopment": {}, "sellingGeneralAdministrative": 3306000, "nonRecurring": {}, "otherOperatingExpenses": 465000, "totalOperatingExpenses": 103186000, "operatingIncome": -7798000, "totalOtherIncomeExpenseNet": -376000, "ebit": -7798000, "interestExpense": -127000, "incomeBeforeTax": -8174000, "incomeTaxExpense": 0, "minorityInterest": 2000, "netIncomeFromContinuingOps": -8174000, "discontinuedOperations": {}, "extraordinaryItems": {}, "effectOfAccountingCharges": {}, "otherItems": {}, "netIncome": -8174000, "netIncomeApplicableToCommonShares": -8174000}], "maxAge": 86400}, "summaryDetail": {"maxAge": 1, "priceHint": 4, "previousClose": 1.88, "open": 1.79, "dayLow": 1.79, "dayHigh": 1.79, "regularMarketPreviousClose": 1.88, "regularMarketOpen": 1.79, "regularMarketDayLow": 1.79, "regularMarketDayHigh": 1.79, "volume": 112500, "regularMarketVolume": 112500, "bid": 0.0, "ask": 2.79, "fiftyTwoWeekLow": 1.79, "fiftyTwoWeekHigh": 1.79, "currency": "INR", "fromCurrency": null, "lastMarket": null, "algorithm": null, "tradeable": false}, "incomeStatementHistoryQuarterly": {"incomeStatementHistory": [{"maxAge": 1, "endDate": "2012-03-31", "totalRevenue": 26656000, "costOfRevenue": 24990000, "grossProfit": 1666000, "researchDevelopment": {}, "sellingGeneralAdministrative": {}, "nonRecurring": {}, "otherOperatingExpenses": 1159000, "totalOperatingExpenses": 26424000, "operatingIncome": 232000, "totalOtherIncomeExpenseNet": 270000, "ebit": 232000, "interestExpense": -36000, "incomeBeforeTax": 502000, "incomeTaxExpense": 218000, "minorityInterest": {}, "netIncomeFromContinuingOps": 284000, "discontinuedOperations": {}, "extraordinaryItems": {}, "effectOfAccountingCharges": {}, "otherItems": {}, "netIncome": 284000, "netIncomeApplicableToCommonShares": 284000}, {"maxAge": 1, "endDate": "2011-06-30", "totalRevenue": 30873000, "costOfRevenue": 28915000, "grossProfit": 1958000, "researchDevelopment": {}, "sellingGeneralAdministrative": {}, "nonRecurring": {}, "otherOperatingExpenses": 2745000, "totalOperatingExpenses": 31901000, "operatingIncome": -1028000, "totalOtherIncomeExpenseNet": 1314000, "ebit": -1028000, "interestExpense": -42000, "incomeBeforeTax": 286000, "incomeTaxExpense": 0, "minorityInterest": {}, "netIncomeFromContinuingOps": 286000, "discontinuedOperations": {}, "extraordinaryItems": {}, "effectOfAccountingCharges": {}, "otherItems": {}, "netIncome": 286000, "netIncomeApplicableToCommonShares": 286000}, {"maxAge": 1, "endDate": "2011-03-31", "totalRevenue": 45022000, "costOfRevenue": 35913000, "grossProfit": 9109000, "researchDevelopment": {}, "sellingGeneralAdministrative": 3777000, "nonRecurring": {}, "otherOperatingExpenses": 1286000, "totalOperatingExpenses": 43199000, "operatingIncome": 1823000, "totalOtherIncomeExpenseNet": -1548000, "ebit": 1823000, "interestExpense": -42000, "incomeBeforeTax": 275000, "incomeTaxExpense": 0, "minorityInterest": {}, "netIncomeFromContinuingOps": 275000, "discontinuedOperations": {}, "extraordinaryItems": {}, "effectOfAccountingCharges": {}, "otherItems": {}, "netIncome": 275000, "netIncomeApplicableToCommonShares": 275000}, {"maxAge": 1, "endDate": "2010-12-31", "totalRevenue": 51685000, "costOfRevenue": 50223000, "grossProfit": 1462000, "researchDevelopment": {}, "sellingGeneralAdministrative": 3777000, "nonRecurring": {}, "otherOperatingExpenses": 1034000, "totalOperatingExpenses": 51490000, "operatingIncome": 195000, "totalOtherIncomeExpenseNet": 212000, "ebit": 195000, "interestExpense": -107000, "incomeBeforeTax": 407000, "incomeTaxExpense": 0, "minorityInterest": {}, "netIncomeFromContinuingOps": 407000, "discontinuedOperations": {}, "extraordinaryItems": {}, "effectOfAccountingCharges": {}, "otherItems": {}, "netIncome": 407000, "netIncomeApplicableToCommonShares": 407000}], "maxAge": 86400}, "cashflowStatementHistoryQuarterly": {"cashflowStatements": [{"maxAge": 1, "endDate": "2012-03-31", "netIncome": 284000, "changeToLiabilities": 0}, {"maxAge": 1, "endDate": "2011-06-30", "netIncome": 286000, "changeToLiabilities": 0}, {"maxAge": 1, "endDate": "2011-03-31", "netIncome": 275000, "changeToLiabilities": 0}, {"maxAge": 1, "endDate": "2010-12-31", "netIncome": 407000, "changeToLiabilities": 0}], "maxAge": 86400}, "insiderHolders": {"holders": [], "maxAge": 1}, "calendarEvents": {"maxAge": 1, "earnings": {"earningsDate": []}}, "price": {"maxAge": 1, "regularMarketChangePercent": -0.047872357, "regularMarketChange": -0.09000003, "regularMarketTime": "2021-04-30 15:49:15", "priceHint": 4, "regularMarketPrice": 1.79, "regularMarketDayHigh": 1.79, "regularMarketDayLow": 1.79, "regularMarketVolume": 112500, "regularMarketPreviousClose": 1.88, "regularMarketSource": "FREE_REALTIME", "regularMarketOpen": 1.79, "exchange": "BSE", "exchangeName": "BSE", "exchangeDataDelayedBy": 0, "marketState": "CLOSED", "quoteType": "EQUITY", "symbol": "LCCINFOTEC.BO", "underlyingSymbol": null, "shortName": "LCC INFOTECH LTD.", "longName": null, "currency": "INR", "quoteSourceName": "Delayed Quote", "currencySymbol": "\u20b9", "fromCurrency": null, "lastMarket": null}, "balanceSheetHistory": {"balanceSheetStatements": [{"maxAge": 1, "endDate": "2016-03-31", "cash": 3974000, "netReceivables": 185226000, "inventory": 1064000, "otherCurrentAssets": 7863000, "totalCurrentAssets": 198127000, "longTermInvestments": 183476000, "propertyPlantEquipment": 21425000, "otherAssets": 204786000, "totalAssets": 607814000, "accountsPayable": 3070000, "shortLongTermDebt": 5032000, "otherCurrentLiab": 11163000, "longTermDebt": 1245000, "minorityInterest": 2000, "totalCurrentLiabilities": 18195000, "totalLiab": 19440000, "commonStock": 253187000, "retainedEarnings": -65410000, "capitalSurplus": 400595000, "totalStockholderEquity": 588372000, "netTangibleAssets": 588372000}, {"maxAge": 1, "endDate": "2015-03-31", "cash": 4752000, "netReceivables": 174356000, "inventory": 1113000, "otherCurrentAssets": 7565000, "totalCurrentAssets": 187786000, "longTermInvestments": 183476000, "propertyPlantEquipment": 22629000, "otherAssets": 207888000, "totalAssets": 601779000, "accountsPayable": 3304000, "shortLongTermDebt": 3083000, "otherCurrentLiab": 5638000, "longTermDebt": 641000, "minorityInterest": 2000, "totalCurrentLiabilities": 11499000, "totalLiab": 12140000, "commonStock": 253187000, "retainedEarnings": -64145000, "capitalSurplus": 400595000, "totalStockholderEquity": 589637000, "netTangibleAssets": 589637000}, {"maxAge": 1, "endDate": "2014-03-31", "cash": 2944000, "netReceivables": 170193000, "inventory": 1253000, "otherCurrentAssets": 7537000, "totalCurrentAssets": 181927000, "longTermInvestments": 183476000, "propertyPlantEquipment": 23803000, "otherAssets": 212344000, "totalAssets": 601550000, "accountsPayable": 3482000, "shortLongTermDebt": 2062000, "otherCurrentLiab": 5041000, "longTermDebt": 492000, "minorityInterest": 2000, "totalCurrentLiabilities": 10214000, "totalLiab": 10706000, "commonStock": 253187000, "retainedEarnings": -62940000, "capitalSurplus": 400595000, "totalStockholderEquity": 590842000, "netTangibleAssets": 590842000}, {"maxAge": 1, "endDate": "2013-03-31", "cash": 1800000, "netReceivables": 165397000, "inventory": 828000, "otherCurrentAssets": 8171000, "totalCurrentAssets": 176196000, "longTermInvestments": 184963000, "propertyPlantEquipment": 24281000, "otherAssets": 214290000, "totalAssets": 599730000, "accountsPayable": 2068000, "shortLongTermDebt": 963000, "otherCurrentLiab": 4305000, "longTermDebt": 289000, "minorityInterest": 2000, "totalCurrentLiabilities": 7143000, "totalLiab": 7432000, "commonStock": 253187000, "retainedEarnings": -61486000, "capitalSurplus": 400595000, "totalStockholderEquity": 592296000, "netTangibleAssets": 592296000}], "maxAge": 86400}, "financialData": {"maxAge": 86400, "currentPrice": 1.79, "recommendationKey": "none", "grossProfits": 6826000, "financialCurrency": null}}}