{"LEENEE.BO": {"cashflowStatementHistory": {"cashflowStatements": [{"maxAge": 1, "endDate": "2020-03-31", "netIncome": 716454, "depreciation": 338246, "changeToNetincome": -12273388, "changeToAccountReceivables": 1340373, "changeToLiabilities": -1085049, "changeToOperatingActivities": 2280938, "totalCashFromOperatingActivities": -8682425, "capitalExpenditures": -285905, "investments": -974050, "otherCashflowsFromInvestingActivities": 13983926, "totalCashflowsFromInvestingActivities": 5618560, "otherCashflowsFromFinancingActivities": -19453, "totalCashFromFinancingActivities": -19453, "changeInCash": -3083319}, {"maxAge": 1, "endDate": "2019-03-31", "netIncome": 165432, "depreciation": 280648, "changeToNetincome": -5884608, "changeToAccountReceivables": -1563331, "changeToLiabilities": 23913, "changeToOperatingActivities": 1562558, "totalCashFromOperatingActivities": -5413556, "capitalExpenditures": -297899, "investments": -5492365, "otherCashflowsFromInvestingActivities": 101860879, "totalCashflowsFromInvestingActivities": 9362348, "otherCashflowsFromFinancingActivities": -203322, "totalCashFromFinancingActivities": -203322, "changeInCash": 3745471}, {"maxAge": 1, "endDate": "2018-03-31", "netIncome": 1822788, "depreciation": 336276, "changeToNetincome": -3889399, "changeToAccountReceivables": 314523, "changeToLiabilities": 1868073, "changeToOperatingActivities": -1262175, "totalCashFromOperatingActivities": -773342, "capitalExpenditures": -305703, "investments": -2626978, "otherCashflowsFromInvestingActivities": 3699712, "totalCashflowsFromInvestingActivities": 708904, "otherCashflowsFromFinancingActivities": -203322, "totalCashFromFinancingActivities": -203322, "changeInCash": -64438}, {"maxAge": 1, "endDate": "2017-03-31", "netIncome": 1025175, "depreciation": 253236, "changeToNetincome": -3623339, "changeToAccountReceivables": -857750, "changeToLiabilities": 2005136, "changeToOperatingActivities": -558874, "totalCashFromOperatingActivities": -1657145, "capitalExpenditures": -535281, "investments": -15383449, "otherCashflowsFromInvestingActivities": 3213353, "totalCashflowsFromInvestingActivities": -12241664, "otherCashflowsFromFinancingActivities": -203322, "totalCashFromFinancingActivities": -203322, "changeInCash": -13898809}], "maxAge": 86400}, "institutionOwnership": {"ownershipList": [], "maxAge": 1}, "balanceSheetHistoryQuarterly": {"balanceSheetStatements": [{"maxAge": 1, "endDate": "2020-06-30", "totalStockholderEquity": 543270000, "netTangibleAssets": 299261000}, {"maxAge": 1, "endDate": "2020-03-31", "cash": 3661979, "netReceivables": 59185049, "otherCurrentAssets": 6340672, "totalCurrentAssets": 75669636, "longTermInvestments": 42750160, "propertyPlantEquipment": 838418, "goodWill": 243934701, "intangibleAssets": 73700, "otherAssets": 193582554, "totalAssets": 556849169, "accountsPayable": 3758265, "otherCurrentLiab": 1434020, "otherLiab": 627860, "totalCurrentLiabilities": 12951745, "totalLiab": 13579605, "commonStock": 557740000, "retainedEarnings": -28052923, "treasuryStock": 13582487, "otherStockholderEquity": 13582487, "totalStockholderEquity": 543269564, "netTangibleAssets": 299261163}, {"maxAge": 1, "endDate": "2019-12-31", "totalStockholderEquity": 546401000, "netTangibleAssets": 302392000}, {"maxAge": 1, "endDate": "2019-09-30", "cash": 1235000, "shortTermInvestments": 9344000, "netReceivables": 57882000, "otherCurrentAssets": 4483000, "totalCurrentAssets": 72944000, "longTermInvestments": 41640000, "propertyPlantEquipment": 1048000, "goodWill": 243935000, "intangibleAssets": 74000, "otherAssets": 200673000, "totalAssets": 560314000, "accountsPayable": 5086000, "otherCurrentLiab": 5826000, "otherLiab": 494000, "totalCurrentLiabilities": 13419000, "totalLiab": 13913000, "commonStock": 557740000, "treasuryStock": -11339000, "otherStockholderEquity": -11339000, "totalStockholderEquity": 546401000, "netTangibleAssets": 302392000}], "maxAge": 86400}, "indexTrend": {"maxAge": 1, "symbol": "SP5", "peRatio": 19.7411, "pegRatio": 1.34172, "estimates": [{"period": "0q", "growth": 0.549}, {"period": "+1q", "growth": 0.431}, {"period": "0y", "growth": 0.305}, {"period": "+1y", "growth": 0.109}, {"period": "+5y", "growth": 0.120859005}, {"period": "-5y"}]}, "insiderTransactions": {"transactions": [{"maxAge": 1, "shares": 1222739, "filerUrl": "", "transactionText": "", "filerName": "Rituraj Shares & Securities Ltd", "filerRelation": "Promoter", "moneyText": "", "startDate": "2012-06-15", "ownership": "D"}, {"maxAge": 1, "shares": 1333231, "filerUrl": "", "transactionText": "", "filerName": "Agarwal (Rajkumari)", "filerRelation": "Promoter", "moneyText": "", "startDate": "2012-04-30", "ownership": "D"}], "maxAge": 1}, "quoteType": {"exchange": "BSE", "quoteType": "EQUITY", "symbol": "LEENEE.BO", "underlyingSymbol": "LEENEE.BO", "shortName": "LEE & NEE SOFTWARES (EXPORTS)", "longName": "Lee &amp; Nee Softwares (Exports) Ltd.", "firstTradeDateEpochUtc": "2000-08-30 09:15:00", "timeZoneFullName": "Asia/Kolkata", "timeZoneShortName": "IST", "uuid": "088ca9d5-d927-34c9-b96f-3884c0c7b629", "gmtOffSetMilliseconds": 19800000, "maxAge": 1}, "incomeStatementHistory": {"incomeStatementHistory": [{"maxAge": 1, "endDate": "2020-03-31", "totalRevenue": 47491080, "costOfRevenue": 34110023, "grossProfit": 13381057, "researchDevelopment": {}, "sellingGeneralAdministrative": 1527832, "nonRecurring": {}, "otherOperatingExpenses": 22678134, "totalOperatingExpenses": 58654235, "operatingIncome": -11163155, "totalOtherIncomeExpenseNet": 12265131, "ebit": -11163155, "interestExpense": {}, "incomeBeforeTax": 1101976, "incomeTaxExpense": 385522, "minorityInterest": {}, "netIncomeFromContinuingOps": 716454, "discontinuedOperations": {}, "extraordinaryItems": {}, "effectOfAccountingCharges": {}, "otherItems": {}, "netIncome": 716454, "netIncomeApplicableToCommonShares": 716454}, {"maxAge": 1, "endDate": "2019-03-31", "totalRevenue": 42785056, "costOfRevenue": 26825738, "grossProfit": 15959318, "researchDevelopment": {}, "sellingGeneralAdministrative": 1388631, "nonRecurring": {}, "otherOperatingExpenses": 20110917, "totalOperatingExpenses": 48607766, "operatingIncome": -5822710, "totalOtherIncomeExpenseNet": 6215411, "ebit": -5822710, "interestExpense": -247, "incomeBeforeTax": 392701, "incomeTaxExpense": 227269, "minorityInterest": {}, "netIncomeFromContinuingOps": 165432, "discontinuedOperations": {}, "extraordinaryItems": {}, "effectOfAccountingCharges": {}, "otherItems": {}, "netIncome": 165432, "netIncomeApplicableToCommonShares": 165432}, {"maxAge": 1, "endDate": "2018-03-31", "totalRevenue": 35448907, "costOfRevenue": 19840581, "grossProfit": 15608326, "researchDevelopment": {}, "sellingGeneralAdministrative": 1466346, "nonRecurring": {}, "otherOperatingExpenses": 15308680, "totalOperatingExpenses": 36988455, "operatingIncome": -1539548, "totalOtherIncomeExpenseNet": 3362336, "ebit": -1539548, "interestExpense": -247, "incomeBeforeTax": 1822788, "incomeTaxExpense": 0, "minorityInterest": {}, "netIncomeFromContinuingOps": 1822788, "discontinuedOperations": {}, "extraordinaryItems": {}, "effectOfAccountingCharges": {}, "otherItems": {}, "netIncome": 1822788, "netIncomeApplicableToCommonShares": 1822788}, {"maxAge": 1, "endDate": "2017-03-31", "totalRevenue": 31399718, "costOfRevenue": 20396142, "grossProfit": 11003576, "researchDevelopment": {}, "sellingGeneralAdministrative": 458456, "nonRecurring": {}, "otherOperatingExpenses": 12813160, "totalOperatingExpenses": 34020265, "operatingIncome": -2620547, "totalOtherIncomeExpenseNet": 3711006, "ebit": -2620547, "interestExpense": -247, "incomeBeforeTax": 1090459, "incomeTaxExpense": 65284, "minorityInterest": {}, "netIncomeFromContinuingOps": 1025175, "discontinuedOperations": {}, "extraordinaryItems": {}, "effectOfAccountingCharges": {}, "otherItems": {}, "netIncome": 1025175, "netIncomeApplicableToCommonShares": 1025175}], "maxAge": 86400}, "fundOwnership": {"ownershipList": [], "maxAge": 1}, "summaryDetail": {"maxAge": 1, "priceHint": 4, "previousClose": 2.44, "open": 2.5, "dayLow": 2.32, "dayHigh": 2.56, "regularMarketPreviousClose": 2.44, "regularMarketOpen": 2.5, "regularMarketDayLow": 2.32, "regularMarketDayHigh": 2.56, "trailingPE": 639.99994, "volume": 30769, "regularMarketVolume": 30769, "averageVolume": 7092, "averageVolume10days": 0, "averageDailyVolume10Day": 0, "bid": 2.5, "ask": 2.56, "bidSize": 0, "askSize": 0, "marketCap": 142781440, "fiftyTwoWeekLow": 0.74, "fiftyTwoWeekHigh": 2.84, "fiftyDayAverage": 2.3227272, "twoHundredDayAverage": 1.7188236, "currency": "INR", "fromCurrency": null, "lastMarket": null, "algorithm": null, "tradeable": false}, "incomeStatementHistoryQuarterly": {"incomeStatementHistory": [{"maxAge": 1, "endDate": "2020-06-30", "totalRevenue": 9190000, "costOfRevenue": 7342000, "grossProfit": 1848000, "researchDevelopment": {}, "sellingGeneralAdministrative": {}, "nonRecurring": {}, "otherOperatingExpenses": 4803000, "totalOperatingExpenses": 12235000, "operatingIncome": -3045000, "totalOtherIncomeExpenseNet": 2964000, "ebit": -3045000, "interestExpense": {}, "incomeBeforeTax": -81000, "incomeTaxExpense": 278000, "minorityInterest": {}, "netIncomeFromContinuingOps": -359000, "discontinuedOperations": {}, "extraordinaryItems": {}, "effectOfAccountingCharges": {}, "otherItems": {}, "netIncome": -359000, "netIncomeApplicableToCommonShares": -359000}, {"maxAge": 1, "endDate": "2020-03-31", "totalRevenue": 11310080, "costOfRevenue": 8033023, "grossProfit": 3277057, "researchDevelopment": {}, "sellingGeneralAdministrative": 1527832, "nonRecurring": {}, "otherOperatingExpenses": 4338134, "totalOperatingExpenses": 13974235, "operatingIncome": -2664155, "totalOtherIncomeExpenseNet": 2161131, "ebit": -2664155, "interestExpense": {}, "incomeBeforeTax": -503024, "incomeTaxExpense": 385522, "minorityInterest": {}, "netIncomeFromContinuingOps": -888546, "discontinuedOperations": {}, "extraordinaryItems": {}, "effectOfAccountingCharges": {}, "otherItems": {}, "netIncome": -888546, "netIncomeApplicableToCommonShares": -888546}, {"maxAge": 1, "endDate": "2019-12-31", "totalRevenue": 14761000, "costOfRevenue": 10624000, "grossProfit": 4137000, "researchDevelopment": {}, "sellingGeneralAdministrative": 1527832, "nonRecurring": {}, "otherOperatingExpenses": 6141000, "totalOperatingExpenses": 16853000, "operatingIncome": -2092000, "totalOtherIncomeExpenseNet": 3197000, "ebit": -2092000, "interestExpense": {}, "incomeBeforeTax": 1105000, "incomeTaxExpense": 0, "minorityInterest": {}, "netIncomeFromContinuingOps": 1105000, "discontinuedOperations": {}, "extraordinaryItems": {}, "effectOfAccountingCharges": {}, "otherItems": {}, "netIncome": 1105000, "netIncomeApplicableToCommonShares": 1105000}, {"maxAge": 1, "endDate": "2019-09-30", "totalRevenue": 11651000, "costOfRevenue": 9423000, "grossProfit": 2228000, "researchDevelopment": {}, "sellingGeneralAdministrative": 1527832, "nonRecurring": {}, "otherOperatingExpenses": 5482000, "totalOperatingExpenses": 14992000, "operatingIncome": -3341000, "totalOtherIncomeExpenseNet": 3640000, "ebit": -3341000, "interestExpense": {}, "incomeBeforeTax": 299000, "incomeTaxExpense": 0, "minorityInterest": {}, "netIncomeFromContinuingOps": 299000, "discontinuedOperations": {}, "extraordinaryItems": {}, "effectOfAccountingCharges": {}, "otherItems": {}, "netIncome": 299000, "netIncomeApplicableToCommonShares": 299000}], "maxAge": 86400}, "cashflowStatementHistoryQuarterly": {"cashflowStatements": [{"maxAge": 1, "endDate": "2020-06-30", "netIncome": -359000, "changeToLiabilities": 0}, {"maxAge": 1, "endDate": "2020-03-31", "netIncome": -888546, "changeToLiabilities": 0}, {"maxAge": 1, "endDate": "2019-12-31", "netIncome": 1105000, "changeToLiabilities": 0}, {"maxAge": 1, "endDate": "2019-09-30", "netIncome": 299000, "changeToLiabilities": 0}], "maxAge": 86400}, "insiderHolders": {"holders": [{"maxAge": 1, "name": "Agarwal (Rajkumari)", "relation": "Promoter", "url": "", "transactionDescription": "Sale", "latestTransDate": "2012-04-30", "positionDirect": 5100763, "positionDirectDate": "2012-04-30"}, {"maxAge": 1, "name": "Rituraj Shares & Securities Ltd", "relation": "Promoter", "url": "", "transactionDescription": "Acquisition", "latestTransDate": "2012-06-15", "positionDirect": 9542341, "positionDirectDate": "2012-06-15"}], "maxAge": 1}, "calendarEvents": {"maxAge": 1, "earnings": {"earningsDate": []}}, "upgradeDowngradeHistory": {"history": [], "maxAge": 86400}, "price": {"maxAge": 1, "regularMarketChangePercent": 0.04918028, "regularMarketChange": 0.119999886, "regularMarketTime": "2021-04-30 15:27:36", "priceHint": 4, "regularMarketPrice": 2.56, "regularMarketDayHigh": 2.56, "regularMarketDayLow": 2.32, "regularMarketVolume": 30769, "averageDailyVolume10Day": 0, "averageDailyVolume3Month": 7092, "regularMarketPreviousClose": 2.44, "regularMarketSource": "FREE_REALTIME", "regularMarketOpen": 2.5, "exchange": "BSE", "exchangeName": "BSE", "exchangeDataDelayedBy": 0, "marketState": "CLOSED", "quoteType": "EQUITY", "symbol": "LEENEE.BO", "underlyingSymbol": null, "shortName": "LEE & NEE SOFTWARES (EXPORTS)", "longName": "Lee &amp; Nee Softwares (Exports) Ltd.", "currency": "INR", "quoteSourceName": "Delayed Quote", "currencySymbol": "\u20b9", "fromCurrency": null, "lastMarket": null, "marketCap": 142781440}, "balanceSheetHistory": {"balanceSheetStatements": [{"maxAge": 1, "endDate": "2020-03-31", "cash": 3661979, "netReceivables": 59185049, "otherCurrentAssets": 6340672, "totalCurrentAssets": 75669636, "longTermInvestments": 42750160, "propertyPlantEquipment": 838418, "goodWill": 243934701, "intangibleAssets": 73700, "otherAssets": 193582554, "totalAssets": 556849169, "accountsPayable": 3758265, "otherCurrentLiab": 1434020, "otherLiab": 627860, "totalCurrentLiabilities": 12951745, "totalLiab": 13579605, "commonStock": 557740000, "retainedEarnings": -28052923, "treasuryStock": 13582487, "otherStockholderEquity": 13582487, "totalStockholderEquity": 543269564, "netTangibleAssets": 299261163}, {"maxAge": 1, "endDate": "2019-03-31", "cash": 6745297, "netReceivables": 57347549, "otherCurrentAssets": 4992936, "totalCurrentAssets": 80524618, "longTermInvestments": 41621293, "propertyPlantEquipment": 890760, "goodWill": 243934701, "intangibleAssets": 73700, "otherAssets": 192329749, "totalAssets": 559374821, "accountsPayable": 4843314, "otherCurrentLiab": 1217108, "otherLiab": 1592057, "totalCurrentLiabilities": 10408121, "totalLiab": 12000178, "commonStock": 557740000, "retainedEarnings": -23947844, "treasuryStock": 13582487, "otherStockholderEquity": 13582487, "totalStockholderEquity": 547374643, "netTangibleAssets": 303366242}, {"maxAge": 1, "endDate": "2018-03-31", "cash": 2999826, "netReceivables": 1834913, "otherCurrentAssets": 3905560, "totalCurrentAssets": 23925598, "longTermInvestments": 34984564, "propertyPlantEquipment": 873508, "goodWill": 243934701, "intangibleAssets": 75532, "otherAssets": 255471873, "totalAssets": 559265776, "accountsPayable": 4819401, "otherCurrentLiab": 911171, "otherLiab": 1516871, "totalCurrentLiabilities": 7734274, "totalLiab": 9251145, "commonStock": 557740000, "retainedEarnings": -21307856, "treasuryStock": 13582487, "otherStockholderEquity": 13582487, "totalStockholderEquity": 550014631, "netTangibleAssets": 306004398}, {"maxAge": 1, "endDate": "2017-03-31", "cash": 3064265, "shortTermInvestments": 10094478, "netReceivables": 2049862, "otherCurrentAssets": 152182264, "totalCurrentAssets": 170495312, "longTermInvestments": 34373929, "propertyPlantEquipment": 904082, "goodWill": 243934701, "intangibleAssets": 112104, "otherAssets": 149334084, "totalAssets": 599154212, "accountsPayable": 3011328, "otherCurrentLiab": 1212896, "otherLiab": 45157576, "totalCurrentLiabilities": 5774828, "totalLiab": 50932404, "commonStock": 557740000, "retainedEarnings": -23100679, "treasuryStock": 13582487, "otherStockholderEquity": 13582487, "totalStockholderEquity": 548221808, "netTangibleAssets": 304175003}], "maxAge": 86400}, "financialData": {"maxAge": 86400, "currentPrice": 2.56, "recommendationKey": "none", "grossProfits": 13381057, "financialCurrency": "INR"}}}