{"LFIC.NS": {"assetProfile": {"address1": "Suryodaya, 1-10-60/3", "address2": "1st Floor Begumpet", "city": "Hyderabad", "zip": "500016", "country": "India", "phone": "91 40 2776 0301", "fax": "91 40 2776 7793", "website": "http://www.lakshmifinance.org.in", "industry": "Asset Management", "sector": "Financial Services", "longBusinessSummary": "Lakshmi Finance & Industrial Corporation Limited, a non-banking finance company, invests in equity shares and mutual funds in India. The company was formerly known as The Andhra Bank Ltd. and changed its name to Lakshmi Finance & Industrial Corporation Limited in April 1980. Lakshmi Finance & Industrial Corporation Limited was incorporated in 1923 and is based in Hyderabad, India.", "fullTimeEmployees": 9, "companyOfficers": [{"maxAge": 1, "name": "Mr. Kanuri Harishchandra Prasad M.B.A., M.S., MBA, MS", "age": 68, "title": "MD & Exec. Non-Independent Director", "yearBorn": 1952, "fiscalYear": 2020, "totalPay": 8445389, "exercisedValue": 0, "unexercisedValue": 0}, {"maxAge": 1, "name": "Mr. U. Vijaya Kumar", "age": 57, "title": "CFO and Mang. of Fin. & Accounting", "yearBorn": 1963, "fiscalYear": 2020, "totalPay": 976765, "exercisedValue": 0, "unexercisedValue": 0}, {"maxAge": 1, "name": "Mr. P.  Venkatanaryana B.Com.", "age": 40, "title": "Company Sec. & Compliance Officer", "yearBorn": 1980, "exercisedValue": 0, "unexercisedValue": 0}], "compensationAsOfEpochDate": "2020-12-31 05:30:00", "maxAge": 86400}, "cashflowStatementHistory": {"cashflowStatements": [{"maxAge": 1, "endDate": "2020-03-31", "netIncome": -65863422, "depreciation": 1319721, "changeToNetincome": 54410018, "changeToLiabilities": -1369, "changeToOperatingActivities": 16800829, "totalCashFromOperatingActivities": 6670521, "capitalExpenditures": -6149, "investments": -26462479, "otherCashflowsFromInvestingActivities": 23575347, "totalCashflowsFromInvestingActivities": -2886667, "dividendsPaid": -7457297, "totalCashFromFinancingActivities": -7457297, "changeInCash": -3673443}, {"maxAge": 1, "endDate": "2019-03-31", "netIncome": 6212704, "depreciation": 1401171, "changeToNetincome": -20242312, "changeToAccountReceivables": 27706515, "changeToLiabilities": 21073, "changeToOperatingActivities": 3744568, "totalCashFromOperatingActivities": 18848460, "capitalExpenditures": -12980, "investments": -21095243, "otherCashflowsFromInvestingActivities": 25149295, "totalCashflowsFromInvestingActivities": 4041072, "dividendsPaid": -11935207, "totalCashFromFinancingActivities": -11935207, "changeInCash": 10954325}, {"maxAge": 1, "endDate": "2018-03-31", "netIncome": 46175352, "depreciation": 499226, "changeToNetincome": -66255650, "changeToAccountReceivables": -22405745, "changeToLiabilities": 7047, "changeToOperatingActivities": 2347907, "totalCashFromOperatingActivities": -39631863, "capitalExpenditures": -88400, "investments": 38742811, "otherCashflowsFromInvestingActivities": 47787491, "totalCashflowsFromInvestingActivities": 86441902, "dividendsPaid": -10117904, "totalCashFromFinancingActivities": -10117904, "changeInCash": 36692135}, {"maxAge": 1, "endDate": "2017-03-31", "netIncome": 31460153, "depreciation": 591890, "changeToNetincome": -47412752, "changeToAccountReceivables": 4378361, "changeToLiabilities": -4464, "changeToOperatingActivities": -40883, "totalCashFromOperatingActivities": -11027695, "capitalExpenditures": -15991, "investments": -31578370, "otherCashflowsFromInvestingActivities": 33246601, "totalCashflowsFromInvestingActivities": 1652240, "dividendsPaid": -9487630, "totalCashFromFinancingActivities": -9487630, "changeInCash": -18863085}], "maxAge": 86400}, "institutionOwnership": {"ownershipList": [], "maxAge": 1}, "majorHoldersBreakdown": {"maxAge": 1}, "balanceSheetHistoryQuarterly": {"balanceSheetStatements": [{"maxAge": 1, "endDate": "2020-12-31", "totalStockholderEquity": 375915000, "netTangibleAssets": 375915000}, {"maxAge": 1, "endDate": "2020-09-30", "cash": 28454000, "netReceivables": 11873000, "totalCurrentAssets": 40327000, "longTermInvestments": 332342000, "propertyPlantEquipment": 853000, "otherAssets": 25619000, "deferredLongTermAssetCharges": 12749000, "totalAssets": 399141000, "accountsPayable": 598000, "otherCurrentLiab": 1207000, "otherLiab": 21421000, "totalCurrentLiabilities": 1805000, "totalLiab": 23226000, "commonStock": 30000000, "treasuryStock": 345915000, "otherStockholderEquity": 345915000, "totalStockholderEquity": 375915000, "netTangibleAssets": 375915000}, {"maxAge": 1, "endDate": "2020-06-30", "totalStockholderEquity": 337175490, "netTangibleAssets": 337175490}, {"maxAge": 1, "endDate": "2020-03-31", "cash": 19228035, "shortTermInvestments": 20000000, "netReceivables": 5018070, "otherCurrentAssets": 9309765, "totalCurrentAssets": 294781599, "longTermInvestments": 20000000, "propertyPlantEquipment": 1414861, "otherAssets": 40708474, "deferredLongTermAssetCharges": 35217590, "totalAssets": 356904934, "accountsPayable": 35837, "otherCurrentLiab": 8433828, "otherLiab": 8264436, "totalCurrentLiabilities": 10294080, "totalLiab": 19729444, "commonStock": 30000000, "retainedEarnings": 258592898, "treasuryStock": 47934372, "capitalSurplus": 648220, "otherStockholderEquity": 47934372, "totalStockholderEquity": 337175490, "netTangibleAssets": 337175490}], "maxAge": 86400}, "indexTrend": {"maxAge": 1, "symbol": "SP5", "peRatio": 19.7411, "pegRatio": 1.34172, "estimates": [{"period": "0q", "growth": 0.549}, {"period": "+1q", "growth": 0.431}, {"period": "0y", "growth": 0.305}, {"period": "+1y", "growth": 0.109}, {"period": "+5y", "growth": 0.120865}, {"period": "-5y"}]}, "defaultKeyStatistics": {"maxAge": 1, "priceHint": 2, "enterpriseValue": 215630080, "profitMargins": 0.26106, "floatShares": 1669343, "sharesOutstanding": 3000000, "beta": 0.912288, "category": null, "bookValue": 125.277, "priceToBook": 0.649361, "fundFamily": null, "legalType": null, "lastFiscalYearEnd": "2020-03-31 05:30:00", "nextFiscalYearEnd": "2022-03-31 05:30:00", "mostRecentQuarter": "2020-12-31 05:30:00", "earningsQuarterlyGrowth": 4.292, "netIncomeToCommon": 36744576, "trailingEps": 12.24, "lastSplitFactor": null, "enterpriseToRevenue": 1.532, "enterpriseToEbitda": 1.654}, "summaryProfile": {"address1": "Suryodaya, 1-10-60/3", "address2": "1st Floor Begumpet", "city": "Hyderabad", "zip": "500016", "country": "India", "phone": "91 40 2776 0301", "fax": "91 40 2776 7793", "website": "http://www.lakshmifinance.org.in", "industry": "Asset Management", "sector": "Financial Services", "longBusinessSummary": "Lakshmi Finance & Industrial Corporation Limited, a non-banking finance company, invests in equity shares and mutual funds in India. The company was formerly known as The Andhra Bank Ltd. and changed its name to Lakshmi Finance & Industrial Corporation Limited in April 1980. Lakshmi Finance & Industrial Corporation Limited was incorporated in 1923 and is based in Hyderabad, India.", "fullTimeEmployees": 9, "companyOfficers": [], "maxAge": 86400}, "netSharePurchaseActivity": {"maxAge": 1, "period": "6m", "buyInfoCount": 0, "buyInfoShares": 0, "sellInfoCount": 0, "netInfoCount": 0, "netInfoShares": 0, "totalInsiderShares": 0}, "quoteType": {"exchange": "NSI", "quoteType": "EQUITY", "symbol": "LFIC.NS", "underlyingSymbol": "LFIC.NS", "shortName": "LAKSHMI FINANCE &", "longName": "Lakshmi Finance & Industrial Corporation Limited", "firstTradeDateEpochUtc": "2010-06-30 09:15:00", "timeZoneFullName": "Asia/Kolkata", "timeZoneShortName": "IST", "uuid": "cf0fb8f8-b901-313c-8f86-6d03e6b3a204", "gmtOffSetMilliseconds": 19800000, "maxAge": 1}, "incomeStatementHistory": {"incomeStatementHistory": [{"maxAge": 1, "endDate": "2020-03-31", "totalRevenue": 27367119, "costOfRevenue": 287938, "grossProfit": 27079181, "researchDevelopment": {}, "sellingGeneralAdministrative": 11938153, "nonRecurring": {}, "otherOperatingExpenses": -3651792, "totalOperatingExpenses": 9894020, "operatingIncome": 17473099, "totalOtherIncomeExpenseNet": -109539229, "ebit": 17473099, "interestExpense": -236340, "incomeBeforeTax": -92066130, "incomeTaxExpense": -26202708, "minorityInterest": {}, "netIncomeFromContinuingOps": -65863422, "discontinuedOperations": {}, "extraordinaryItems": {}, "effectOfAccountingCharges": {}, "otherItems": {}, "netIncome": -65863422, "netIncomeApplicableToCommonShares": -65863422}, {"maxAge": 1, "endDate": "2019-03-31", "totalRevenue": 29430115, "costOfRevenue": 242097, "grossProfit": 29188018, "researchDevelopment": {}, "sellingGeneralAdministrative": 10914554, "nonRecurring": {}, "otherOperatingExpenses": -3273580, "totalOperatingExpenses": 9284242, "operatingIncome": 20145873, "totalOtherIncomeExpenseNet": -20295587, "ebit": 20145873, "interestExpense": -334938, "incomeBeforeTax": -149714, "incomeTaxExpense": -6362418, "minorityInterest": {}, "netIncomeFromContinuingOps": 6212704, "discontinuedOperations": {}, "extraordinaryItems": {}, "effectOfAccountingCharges": {}, "otherItems": {}, "netIncome": 6212704, "netIncomeApplicableToCommonShares": 6212704}, {"maxAge": 1, "endDate": "2018-03-31", "totalRevenue": 61193271, "costOfRevenue": 507062, "grossProfit": 60686209, "researchDevelopment": {}, "sellingGeneralAdministrative": 12526423, "nonRecurring": {}, "otherOperatingExpenses": 3105965, "totalOperatingExpenses": 16638676, "operatingIncome": 44554595, "totalOtherIncomeExpenseNet": 2837419, "ebit": 44554595, "interestExpense": -334938, "incomeBeforeTax": 47392014, "incomeTaxExpense": 1216662, "minorityInterest": {}, "netIncomeFromContinuingOps": 46175352, "discontinuedOperations": {}, "extraordinaryItems": {}, "effectOfAccountingCharges": {}, "otherItems": {}, "netIncome": 46175352, "netIncomeApplicableToCommonShares": 46175352}, {"maxAge": 1, "endDate": "2017-03-31", "totalRevenue": 41214633, "costOfRevenue": 370436, "grossProfit": 40844197, "researchDevelopment": {}, "sellingGeneralAdministrative": 9105956, "nonRecurring": {}, "otherOperatingExpenses": 2978966, "totalOperatingExpenses": 13047248, "operatingIncome": 28167385, "totalOtherIncomeExpenseNet": 3699368, "ebit": 28167385, "interestExpense": -334938, "incomeBeforeTax": 31866753, "incomeTaxExpense": 406600, "minorityInterest": {}, "netIncomeFromContinuingOps": 31460153, "discontinuedOperations": {}, "extraordinaryItems": {}, "effectOfAccountingCharges": {}, "otherItems": {}, "netIncome": 31460153, "netIncomeApplicableToCommonShares": 31460153}], "maxAge": 86400}, "fundOwnership": {"ownershipList": [], "maxAge": 1}, "summaryDetail": {"maxAge": 1, "priceHint": 2, "previousClose": 78.3, "open": 81.25, "dayLow": 78.35, "dayHigh": 81.5, "regularMarketPreviousClose": 78.3, "regularMarketOpen": 81.25, "regularMarketDayLow": 78.35, "regularMarketDayHigh": 81.5, "dividendRate": 2.0, "dividendYield": 0.0255, "exDividendDate": "2020-08-20 05:30:00", "payoutRatio": 0.16309999, "fiveYearAvgDividendYield": 4.91, "beta": 0.912288, "trailingPE": 6.6462417, "volume": 1679, "regularMarketVolume": 1679, "averageVolume": 2496, "averageVolume10days": 3138, "averageDailyVolume10Day": 3138, "bid": 0.0, "ask": 0.0, "bidSize": 0, "askSize": 0, "marketCap": 244050000, "fiftyTwoWeekLow": 33.8, "fiftyTwoWeekHigh": 92.05, "priceToSalesTrailing12Months": 1.7338994, "fiftyDayAverage": 81.90455, "twoHundredDayAverage": 69.50465, "trailingAnnualDividendRate": 2.0, "trailingAnnualDividendYield": 0.025542783, "currency": "INR", "fromCurrency": null, "lastMarket": null, "algorithm": null, "tradeable": false}, "incomeStatementHistoryQuarterly": {"incomeStatementHistory": [{"maxAge": 1, "endDate": "2020-12-31", "totalRevenue": 53541000, "costOfRevenue": 0, "grossProfit": 53541000, "researchDevelopment": {}, "sellingGeneralAdministrative": 3310000, "nonRecurring": {}, "otherOperatingExpenses": -604000, "totalOperatingExpenses": 3029000, "operatingIncome": 50512000, "totalOtherIncomeExpenseNet": -28000, "ebit": 50512000, "interestExpense": -28000, "incomeBeforeTax": 50484000, "incomeTaxExpense": 467000, "minorityInterest": {}, "netIncomeFromContinuingOps": 50017000, "discontinuedOperations": {}, "extraordinaryItems": {}, "effectOfAccountingCharges": {}, "otherItems": {}, "netIncome": 50017000, "netIncomeApplicableToCommonShares": 50017000}, {"maxAge": 1, "endDate": "2020-09-30", "totalRevenue": 27753000, "costOfRevenue": 0, "grossProfit": 27753000, "researchDevelopment": {}, "sellingGeneralAdministrative": 3119000, "nonRecurring": {}, "otherOperatingExpenses": -308000, "totalOperatingExpenses": 3124000, "operatingIncome": 24629000, "totalOtherIncomeExpenseNet": -35000, "ebit": 24629000, "interestExpense": -35000, "incomeBeforeTax": 24594000, "incomeTaxExpense": 11361000, "minorityInterest": {}, "netIncomeFromContinuingOps": 13233000, "discontinuedOperations": {}, "extraordinaryItems": {}, "effectOfAccountingCharges": {}, "otherItems": {}, "netIncome": 13233000, "netIncomeApplicableToCommonShares": 13233000}, {"maxAge": 1, "endDate": "2020-06-30", "totalRevenue": 47388000, "costOfRevenue": 0, "grossProfit": 47388000, "researchDevelopment": {}, "sellingGeneralAdministrative": 2961000, "nonRecurring": {}, "otherOperatingExpenses": -1118000, "totalOperatingExpenses": 2157000, "operatingIncome": 45231000, "totalOtherIncomeExpenseNet": -49000, "ebit": 45231000, "interestExpense": -49000, "incomeBeforeTax": 45182000, "incomeTaxExpense": 13676000, "minorityInterest": {}, "netIncomeFromContinuingOps": 31506000, "discontinuedOperations": {}, "extraordinaryItems": {}, "effectOfAccountingCharges": {}, "otherItems": {}, "netIncome": 31506000, "netIncomeApplicableToCommonShares": 31506000}, {"maxAge": 1, "endDate": "2020-03-31", "totalRevenue": 12069119, "costOfRevenue": 287938, "grossProfit": 11781181, "researchDevelopment": {}, "sellingGeneralAdministrative": 2976153, "nonRecurring": {}, "otherOperatingExpenses": -1337792, "totalOperatingExpenses": 2256020, "operatingIncome": 9813099, "totalOtherIncomeExpenseNet": -94027229, "ebit": 9813099, "interestExpense": -49340, "incomeBeforeTax": -84214130, "incomeTaxExpense": -26202708, "minorityInterest": {}, "netIncomeFromContinuingOps": -58011422, "discontinuedOperations": {}, "extraordinaryItems": {}, "effectOfAccountingCharges": {}, "otherItems": {}, "netIncome": -58011422, "netIncomeApplicableToCommonShares": -58011422}], "maxAge": 86400}, "cashflowStatementHistoryQuarterly": {"cashflowStatements": [{"maxAge": 1, "endDate": "2020-12-31", "netIncome": 50017000, "changeToLiabilities": 0}, {"maxAge": 1, "endDate": "2020-09-30", "netIncome": 13233000, "changeToLiabilities": 0}, {"maxAge": 1, "endDate": "2020-06-30", "netIncome": 31506000, "changeToLiabilities": 0}, {"maxAge": 1, "endDate": "2020-03-31", "netIncome": -58011422, "changeToLiabilities": 0}], "maxAge": 86400}, "insiderHolders": {"holders": [], "maxAge": 1}, "calendarEvents": {"maxAge": 1, "earnings": {"earningsDate": ["2021-02-03 05:30:S"]}, "exDividendDate": "2020-08-20 05:30:00"}, "upgradeDowngradeHistory": {"history": [], "maxAge": 86400}, "price": {"maxAge": 1, "regularMarketChangePercent": 0.038952686, "regularMarketChange": 3.0499954, "regularMarketTime": "2021-04-30 15:27:39", "priceHint": 2, "regularMarketPrice": 81.35, "regularMarketDayHigh": 81.5, "regularMarketDayLow": 78.35, "regularMarketVolume": 1679, "averageDailyVolume10Day": 3138, "averageDailyVolume3Month": 2496, "regularMarketPreviousClose": 78.3, "regularMarketSource": "FREE_REALTIME", "regularMarketOpen": 81.25, "exchange": "NSI", "exchangeName": "NSE", "exchangeDataDelayedBy": 15, "marketState": "CLOSED", "quoteType": "EQUITY", "symbol": "LFIC.NS", "underlyingSymbol": null, "shortName": "LAKSHMI FINANCE &", "longName": "Lakshmi Finance & Industrial Corporation Limited", "currency": "INR", "quoteSourceName": "Delayed Quote", "currencySymbol": "\u20b9", "fromCurrency": null, "lastMarket": null, "marketCap": 244050000}, "balanceSheetHistory": {"balanceSheetStatements": [{"maxAge": 1, "endDate": "2020-03-31", "cash": 19228035, "shortTermInvestments": 20000000, "netReceivables": 5018070, "otherCurrentAssets": 9309765, "totalCurrentAssets": 294781599, "longTermInvestments": 20000000, "propertyPlantEquipment": 1414861, "otherAssets": 40708474, "deferredLongTermAssetCharges": 35217590, "totalAssets": 356904934, "accountsPayable": 35837, "otherCurrentLiab": 8433828, "otherLiab": 8264436, "totalCurrentLiabilities": 10294080, "totalLiab": 19729444, "commonStock": 30000000, "retainedEarnings": 258592898, "treasuryStock": 47934372, "capitalSurplus": 648220, "otherStockholderEquity": 47934372, "totalStockholderEquity": 337175490, "netTangibleAssets": 337175490}, {"maxAge": 1, "endDate": "2019-03-31", "cash": 22901478, "shortTermInvestments": 37500000, "netReceivables": 4429956, "otherCurrentAssets": 8266021, "totalCurrentAssets": 414291614, "propertyPlantEquipment": 2594469, "otherAssets": 14325765, "deferredLongTermAssetCharges": 8698866, "totalAssets": 431211848, "accountsPayable": 37206, "otherCurrentLiab": 8436317, "otherLiab": 6134254, "totalCurrentLiabilities": 9679975, "totalLiab": 18045092, "commonStock": 30000000, "retainedEarnings": 333497967, "treasuryStock": 49020569, "capitalSurplus": 648220, "otherStockholderEquity": 49020569, "totalStockholderEquity": 413166756, "netTangibleAssets": 413166756}, {"maxAge": 1, "endDate": "2018-03-31", "cash": 59933790, "netReceivables": 30332468, "otherCurrentAssets": 2825205, "totalCurrentAssets": 93130958, "longTermInvestments": 333980235, "propertyPlantEquipment": 653328, "otherAssets": 7281846, "totalAssets": 435046367, "accountsPayable": 16133, "otherCurrentLiab": 8288488, "otherLiab": 5142406, "totalCurrentLiabilities": 8958224, "totalLiab": 14100630, "commonStock": 30000000, "retainedEarnings": 339945737, "treasuryStock": 50351780, "capitalSurplus": 648220, "otherStockholderEquity": 50351780, "totalStockholderEquity": 420945737, "netTangibleAssets": 420945737}, {"maxAge": 1, "endDate": "2017-03-31", "cash": 23241655, "netReceivables": 5952736, "otherCurrentAssets": 2154577, "totalCurrentAssets": 31566388, "longTermInvestments": 358893910, "propertyPlantEquipment": 901679, "otherAssets": 6447287, "totalAssets": 397809264, "accountsPayable": 9086, "otherCurrentLiab": 7878906, "otherLiab": 2198599, "totalCurrentLiabilities": 8202727, "totalLiab": 10401326, "commonStock": 30000000, "retainedEarnings": 306407938, "treasuryStock": 50351780, "capitalSurplus": 648220, "otherStockholderEquity": 50351780, "totalStockholderEquity": 387407938, "netTangibleAssets": 387407938}], "maxAge": 86400}, "financialData": {"maxAge": 86400, "currentPrice": 81.35, "recommendationKey": "none", "totalCash": 28454000, "totalCashPerShare": 9.483, "ebitda": 130381512, "totalDebt": 0, "totalRevenue": 140752112, "revenuePerShare": 46.887, "grossProfits": 27079181, "earningsGrowth": 4.292, "revenueGrowth": 7.888, "grossMargins": 0.99794996, "ebitdaMargins": 0.92632, "operatingMargins": 0.92491996, "profitMargins": 0.26106, "financialCurrency": "INR"}}}