{"LIBAS.NS": {"assetProfile": {"address1": "401, Crecent Royale", "address2": "4th Floor Off New Link Road, Lokhanwala Complex Andheri (West)", "city": "Mumbai", "zip": "400053", "country": "India", "phone": "91 22 6699 6568", "website": "http://www.libasdesignsltd.com", "industry": "Apparel Manufacturing", "sector": "Consumer Cyclical", "longBusinessSummary": "Libas Consumer Products Limited engages in the process of fabrication of fabric into garments and other products in India. The company offers fabrics, sherwanis, kurtis, shoes, and other related items, as well as various men and women accessories, curtains, etc. It markets its products under the LIBAS RIYAZ GANGJI and LIBAS reshma riyaz gangji brands. The company offers its products through its retail stores, Shoppers Shop, online retailers, and its website. The company was formerly known as Libas Designs Limited and changed its name to Libas Consumer Products Limited in November 2020. Libas Consumer Products Limited was incorporated in 2004 and is based in Mumbai, India.", "fullTimeEmployees": 22, "companyOfficers": [{"maxAge": 1, "name": "Mr. Nishant Mitrasen Mahimtura", "age": 73, "title": "Founder, Chairman & CFO", "yearBorn": 1947, "fiscalYear": 2020, "totalPay": 700000, "exercisedValue": 0, "unexercisedValue": 0}, {"maxAge": 1, "name": "Ms. Reshma Riyaz Ganji", "age": 47, "title": "MD & Director", "yearBorn": 1973, "fiscalYear": 2020, "totalPay": 1980000, "exercisedValue": 0, "unexercisedValue": 0}, {"maxAge": 1, "name": "Mr. Riyaz Eqbal Ahmed Ganji", "age": 50, "title": "Whole-Time Director", "yearBorn": 1970, "fiscalYear": 2020, "totalPay": 1980000, "exercisedValue": 0, "unexercisedValue": 0}, {"maxAge": 1, "name": "Ms. Nita  Mishra", "title": "Company Sec. & Compliance Officer", "exercisedValue": 0, "unexercisedValue": 0}], "compensationAsOfEpochDate": "2020-12-31 05:30:00", "maxAge": 86400}, "cashflowStatementHistory": {"cashflowStatements": [{"maxAge": 1, "endDate": "2020-03-31", "netIncome": 43424313, "depreciation": 4682581, "changeToNetincome": 11583592, "changeToAccountReceivables": 28351996, "changeToLiabilities": 11455348, "changeToInventory": -10718895, "changeToOperatingActivities": -4491985, "totalCashFromOperatingActivities": 84286950, "capitalExpenditures": -1595888, "investments": -102098424, "otherCashflowsFromInvestingActivities": 9944053, "totalCashflowsFromInvestingActivities": -93750259, "netBorrowings": -2508800, "otherCashflowsFromFinancingActivities": -20630919, "totalCashFromFinancingActivities": 30860281, "changeInCash": 21396972, "issuanceOfStock": 54000000}, {"maxAge": 1, "endDate": "2019-03-31", "netIncome": 57078800, "depreciation": 5369061, "changeToNetincome": 26627503, "changeToAccountReceivables": -19516752, "changeToLiabilities": -43772270, "changeToInventory": -11908235, "changeToOperatingActivities": -22019233, "totalCashFromOperatingActivities": -8141126, "capitalExpenditures": -6383789, "investments": -102098424, "otherCashflowsFromInvestingActivities": 1019973, "totalCashflowsFromInvestingActivities": -5363816, "netBorrowings": 39434842, "otherCashflowsFromFinancingActivities": -18142377, "totalCashFromFinancingActivities": 23181365, "changeInCash": 9676423, "issuanceOfStock": 1888900}, {"maxAge": 1, "endDate": "2018-03-31", "netIncome": 29110806, "depreciation": 2661506, "changeToNetincome": 19947911, "changeToAccountReceivables": -59129772, "changeToLiabilities": 12065368, "changeToInventory": -69882062, "changeToOperatingActivities": 83129918, "totalCashFromOperatingActivities": 17903675, "capitalExpenditures": -17051324, "investments": -1500000, "otherCashflowsFromInvestingActivities": 5797713, "totalCashflowsFromInvestingActivities": -12753611, "netBorrowings": 16119873, "otherCashflowsFromFinancingActivities": -18904486, "totalCashFromFinancingActivities": -2784613, "changeInCash": 2365451, "issuanceOfStock": 1888900}, {"maxAge": 1, "endDate": "2017-03-31", "netIncome": 10383363, "depreciation": 1668209, "changeToNetincome": 10229078, "changeToAccountReceivables": -272100, "changeToLiabilities": -5482113, "changeToInventory": -80053408, "changeToOperatingActivities": -22473881, "totalCashFromOperatingActivities": -86000852, "capitalExpenditures": -2311911, "investments": -95087757, "otherCashflowsFromInvestingActivities": 1550202, "totalCashflowsFromInvestingActivities": -95849466, "netBorrowings": 46547204, "otherCashflowsFromFinancingActivities": -13821785, "totalCashFromFinancingActivities": 188725419, "changeInCash": 6875102, "issuanceOfStock": 156000000}], "maxAge": 86400}, "institutionOwnership": {"ownershipList": [], "maxAge": 1}, "majorHoldersBreakdown": {"maxAge": 1}, "balanceSheetHistoryQuarterly": {"balanceSheetStatements": [{"maxAge": 1, "endDate": "2020-12-31", "totalStockholderEquity": 340780673, "netTangibleAssets": 340780673}, {"maxAge": 1, "endDate": "2020-09-30", "cash": 58959604, "shortTermInvestments": 8472193, "netReceivables": 199014709, "inventory": 220785334, "totalCurrentAssets": 487231840, "longTermInvestments": 3440541, "propertyPlantEquipment": 19478695, "otherAssets": 132871527, "totalAssets": 643022603, "accountsPayable": 95705489, "shortLongTermDebt": 154729837, "otherCurrentLiab": 8657186, "longTermDebt": 30734130, "otherLiab": 12415288, "totalCurrentLiabilities": 259092512, "totalLiab": 302241930, "commonStock": 122500000, "treasuryStock": 218280673, "otherStockholderEquity": 218280673, "totalStockholderEquity": 340780673, "netTangibleAssets": 340780673}, {"maxAge": 1, "endDate": "2020-06-30", "totalStockholderEquity": 387963616, "netTangibleAssets": 387963616}, {"maxAge": 1, "endDate": "2020-03-31", "cash": 42673421, "netReceivables": 166240404, "inventory": 253172781, "otherCurrentAssets": 8136138, "totalCurrentAssets": 470222744, "longTermInvestments": 4872193, "propertyPlantEquipment": 19000431, "otherAssets": 136179644, "totalAssets": 630275012, "accountsPayable": 41638420, "shortLongTermDebt": 6311341, "otherCurrentLiab": 17347218, "otherLiab": 14813943, "totalCurrentLiabilities": 227497453, "totalLiab": 242311396, "commonStock": 122500000, "retainedEarnings": 108122945, "capitalSurplus": 157340671, "totalStockholderEquity": 387963616, "netTangibleAssets": 387963616}], "maxAge": 86400}, "indexTrend": {"maxAge": 1, "symbol": "SP5", "peRatio": 19.7411, "pegRatio": 1.34172, "estimates": [{"period": "0q", "growth": 0.549}, {"period": "+1q", "growth": 0.431}, {"period": "0y", "growth": 0.305}, {"period": "+1y", "growth": 0.109}, {"period": "+5y", "growth": 0.120865}, {"period": "-5y"}]}, "defaultKeyStatistics": {"maxAge": 1, "priceHint": 2, "enterpriseValue": 768314880, "profitMargins": -0.088520005, "floatShares": 4030577, "sharesOutstanding": 14700000, "beta": 0.676131, "category": null, "bookValue": 23.115, "priceToBook": 1.9143413, "fundFamily": null, "legalType": null, "lastFiscalYearEnd": "2020-03-31 05:30:00", "nextFiscalYearEnd": "2022-03-31 05:30:00", "mostRecentQuarter": "2020-12-31 05:30:00", "earningsQuarterlyGrowth": -0.14, "netIncomeToCommon": -34900720, "trailingEps": -2.375, "lastSplitFactor": "6:5", "lastSplitDate": "2021-04-06 05:30:00", "enterpriseToRevenue": 1.949, "enterpriseToEbitda": 49.716}, "summaryProfile": {"address1": "401, Crecent Royale", "address2": "4th Floor Off New Link Road, Lokhanwala Complex Andheri (West)", "city": "Mumbai", "zip": "400053", "country": "India", "phone": "91 22 6699 6568", "website": "http://www.libasdesignsltd.com", "industry": "Apparel Manufacturing", "sector": "Consumer Cyclical", "longBusinessSummary": "Libas Consumer Products Limited engages in the process of fabrication of fabric into garments and other products in India. The company offers fabrics, sherwanis, kurtis, shoes, and other related items, as well as various men and women accessories, curtains, etc. It markets its products under the LIBAS RIYAZ GANGJI and LIBAS reshma riyaz gangji brands. The company offers its products through its retail stores, Shoppers Shop, online retailers, and its website. The company was formerly known as Libas Designs Limited and changed its name to Libas Consumer Products Limited in November 2020. Libas Consumer Products Limited was incorporated in 2004 and is based in Mumbai, India.", "fullTimeEmployees": 22, "companyOfficers": [], "maxAge": 86400}, "netSharePurchaseActivity": {"maxAge": 1, "period": "6m", "buyInfoCount": 0, "buyInfoShares": 0, "sellInfoCount": 0, "netInfoCount": 0, "netInfoShares": 0, "totalInsiderShares": 0}, "quoteType": {"exchange": "NSI", "quoteType": "EQUITY", "symbol": "LIBAS.NS", "underlyingSymbol": "LIBAS.NS", "shortName": "Libas Designs Limited", "longName": "Libas Consumer Products Limited", "firstTradeDateEpochUtc": "2017-03-15 09:15:00", "timeZoneFullName": "Asia/Kolkata", "timeZoneShortName": "IST", "uuid": "26ab4eb5-d892-30b5-86c4-1e965ac8398d", "gmtOffSetMilliseconds": 19800000, "maxAge": 1}, "incomeStatementHistory": {"incomeStatementHistory": [{"maxAge": 1, "endDate": "2020-03-31", "totalRevenue": 655295961, "costOfRevenue": 519274257, "grossProfit": 136021704, "researchDevelopment": {}, "sellingGeneralAdministrative": 42704771, "nonRecurring": {}, "otherOperatingExpenses": 31069713, "totalOperatingExpenses": 597731322, "operatingIncome": 57564639, "totalOtherIncomeExpenseNet": -13243600, "ebit": 57564639, "interestExpense": -22392763, "incomeBeforeTax": 44321039, "incomeTaxExpense": 896726, "minorityInterest": {}, "netIncomeFromContinuingOps": 43424313, "discontinuedOperations": {}, "extraordinaryItems": {}, "effectOfAccountingCharges": {}, "otherItems": {}, "netIncome": 43424313, "netIncomeApplicableToCommonShares": 43424313}, {"maxAge": 1, "endDate": "2019-03-31", "totalRevenue": 631781565, "costOfRevenue": 475759829, "grossProfit": 156021736, "researchDevelopment": {}, "sellingGeneralAdministrative": 21432420, "nonRecurring": {}, "otherOperatingExpenses": 40010114, "totalOperatingExpenses": 542944406, "operatingIncome": 88837159, "totalOtherIncomeExpenseNet": -17810719, "ebit": 88837159, "interestExpense": -16721897, "incomeBeforeTax": 71026440, "incomeTaxExpense": 13947640, "minorityInterest": {}, "netIncomeFromContinuingOps": 57078800, "discontinuedOperations": {}, "extraordinaryItems": {}, "effectOfAccountingCharges": {}, "otherItems": {}, "netIncome": 57078800, "netIncomeApplicableToCommonShares": 57078800}, {"maxAge": 1, "endDate": "2018-03-31", "totalRevenue": 440806877, "costOfRevenue": 317075163, "grossProfit": 123731714, "researchDevelopment": {}, "sellingGeneralAdministrative": 55085306, "nonRecurring": {}, "otherOperatingExpenses": 12158046, "totalOperatingExpenses": 386980021, "operatingIncome": 53826856, "totalOtherIncomeExpenseNet": -13082272, "ebit": 53826856, "interestExpense": -17881339, "incomeBeforeTax": 40744584, "incomeTaxExpense": 11633778, "minorityInterest": {}, "netIncomeFromContinuingOps": 29110806, "discontinuedOperations": {}, "extraordinaryItems": {}, "effectOfAccountingCharges": {}, "otherItems": {}, "netIncome": 29110806, "netIncomeApplicableToCommonShares": 29110806}, {"maxAge": 1, "endDate": "2017-03-31", "totalRevenue": 240996237, "costOfRevenue": 168084295, "grossProfit": 72911942, "researchDevelopment": {}, "sellingGeneralAdministrative": 34013812, "nonRecurring": {}, "otherOperatingExpenses": 11456230, "totalOperatingExpenses": 215222546, "operatingIncome": 25773691, "totalOtherIncomeExpenseNet": -9612253, "ebit": 25773691, "interestExpense": -11092184, "incomeBeforeTax": 16161438, "incomeTaxExpense": 5778075, "minorityInterest": {}, "netIncomeFromContinuingOps": 10383363, "discontinuedOperations": {}, "extraordinaryItems": {}, "effectOfAccountingCharges": {}, "otherItems": {}, "netIncome": 10383363, "netIncomeApplicableToCommonShares": 10383363}], "maxAge": 86400}, "fundOwnership": {"ownershipList": [], "maxAge": 1}, "summaryDetail": {"maxAge": 1, "priceHint": 2, "previousClose": 44.05, "open": 44.2, "dayLow": 43.25, "dayHigh": 44.7, "regularMarketPreviousClose": 44.05, "regularMarketOpen": 44.2, "regularMarketDayLow": 43.25, "regularMarketDayHigh": 44.7, "dividendRate": 0.17, "dividendYield": 0.0038, "exDividendDate": "2020-09-22 05:30:00", "payoutRatio": 0.0, "beta": 0.676131, "volume": 50898, "regularMarketVolume": 50898, "averageVolume": 63773, "averageVolume10days": 28801, "averageDailyVolume10Day": 28801, "bid": 0.0, "ask": 0.0, "marketCap": 650475008, "fiftyTwoWeekLow": 27.25, "fiftyTwoWeekHigh": 54.8, "priceToSalesTrailing12Months": 1.6498152, "fiftyDayAverage": 46.875, "twoHundredDayAverage": 37.50922, "trailingAnnualDividendRate": 0.2, "trailingAnnualDividendYield": 0.0045402953, "currency": "INR", "fromCurrency": null, "lastMarket": null, "algorithm": null, "tradeable": false}, "incomeStatementHistoryQuarterly": {"incomeStatementHistory": [{"maxAge": 1, "endDate": "2020-12-31", "totalRevenue": 107542132, "costOfRevenue": 70124705, "grossProfit": 37417427, "researchDevelopment": {}, "sellingGeneralAdministrative": 3494859, "nonRecurring": {}, "otherOperatingExpenses": 7172333, "totalOperatingExpenses": 85728559, "operatingIncome": 21813573, "totalOtherIncomeExpenseNet": -5754153, "ebit": 21813573, "interestExpense": -5754152, "incomeBeforeTax": 16059420, "incomeTaxExpense": -105800, "minorityInterest": {}, "netIncomeFromContinuingOps": 16165220, "discontinuedOperations": {}, "extraordinaryItems": {}, "effectOfAccountingCharges": {}, "otherItems": {}, "netIncome": 16165220, "netIncomeApplicableToCommonShares": 16165220}, {"maxAge": 1, "endDate": "2020-09-30", "totalRevenue": 143701485, "costOfRevenue": 114130274, "grossProfit": 29571211, "researchDevelopment": {}, "sellingGeneralAdministrative": 2084819, "nonRecurring": {}, "otherOperatingExpenses": 8718328, "totalOperatingExpenses": 127152452, "operatingIncome": 16549033, "totalOtherIncomeExpenseNet": -5625226, "ebit": 16549033, "interestExpense": -5868855, "incomeBeforeTax": 10923807, "incomeTaxExpense": -10777, "minorityInterest": {}, "netIncomeFromContinuingOps": 10934584, "discontinuedOperations": {}, "extraordinaryItems": {}, "effectOfAccountingCharges": {}, "otherItems": {}, "netIncome": 10934584, "netIncomeApplicableToCommonShares": 10934584}, {"maxAge": 1, "endDate": "2020-06-30", "totalRevenue": 29435763, "costOfRevenue": 25940177, "grossProfit": 3495586, "researchDevelopment": {}, "sellingGeneralAdministrative": 1977402, "nonRecurring": {}, "otherOperatingExpenses": 12262522, "totalOperatingExpenses": 40989950, "operatingIncome": -11554187, "totalOtherIncomeExpenseNet": -45671389, "ebit": -11554187, "interestExpense": -6115683, "incomeBeforeTax": -57225576, "incomeTaxExpense": 0, "minorityInterest": {}, "netIncomeFromContinuingOps": -57225576, "discontinuedOperations": {}, "extraordinaryItems": {}, "effectOfAccountingCharges": {}, "otherItems": {}, "netIncome": -57225576, "netIncomeApplicableToCommonShares": -57225576}, {"maxAge": 1, "endDate": "2020-03-31", "totalRevenue": 113592059, "costOfRevenue": 98469607, "grossProfit": 15122452, "researchDevelopment": {}, "sellingGeneralAdministrative": 25258081, "nonRecurring": {}, "otherOperatingExpenses": 791446, "totalOperatingExpenses": 125451206, "operatingIncome": -11859147, "totalOtherIncomeExpenseNet": -8735665, "ebit": -11859147, "interestExpense": -7368266, "incomeBeforeTax": -20594812, "incomeTaxExpense": -15981395, "minorityInterest": {}, "netIncomeFromContinuingOps": -4613417, "discontinuedOperations": {}, "extraordinaryItems": {}, "effectOfAccountingCharges": {}, "otherItems": {}, "netIncome": -4613417, "netIncomeApplicableToCommonShares": -4613417}], "maxAge": 86400}, "cashflowStatementHistoryQuarterly": {"cashflowStatements": [{"maxAge": 1, "endDate": "2020-12-31", "netIncome": 16165220, "changeToLiabilities": 0}, {"maxAge": 1, "endDate": "2020-09-30", "netIncome": 10934584, "changeToLiabilities": 0}, {"maxAge": 1, "endDate": "2020-06-30", "netIncome": -57225576, "changeToLiabilities": 0}, {"maxAge": 1, "endDate": "2020-03-31", "netIncome": -4613417, "changeToLiabilities": 0}], "maxAge": 86400}, "insiderHolders": {"holders": [], "maxAge": 1}, "calendarEvents": {"maxAge": 1, "earnings": {"earningsDate": []}, "exDividendDate": "2020-09-22 05:30:00"}, "upgradeDowngradeHistory": {"history": [], "maxAge": 86400}, "price": {"maxAge": 1, "regularMarketChangePercent": 0.0045403126, "regularMarketChange": 0.20000076, "regularMarketTime": "2021-04-30 15:29:18", "priceHint": 2, "regularMarketPrice": 44.25, "regularMarketDayHigh": 44.7, "regularMarketDayLow": 43.25, "regularMarketVolume": 50898, "averageDailyVolume10Day": 28801, "averageDailyVolume3Month": 63773, "regularMarketPreviousClose": 44.05, "regularMarketSource": "FREE_REALTIME", "regularMarketOpen": 44.2, "exchange": "NSI", "exchangeName": "NSE", "exchangeDataDelayedBy": 15, "marketState": "CLOSED", "quoteType": "EQUITY", "symbol": "LIBAS.NS", "underlyingSymbol": null, "shortName": "Libas Designs Limited", "longName": "Libas Consumer Products Limited", "currency": "INR", "quoteSourceName": "Delayed Quote", "currencySymbol": "\u20b9", "fromCurrency": null, "lastMarket": null, "marketCap": 650475008}, "balanceSheetHistory": {"balanceSheetStatements": [{"maxAge": 1, "endDate": "2020-03-31", "cash": 42673421, "netReceivables": 166240404, "inventory": 253172781, "otherCurrentAssets": 8136138, "totalCurrentAssets": 470222744, "longTermInvestments": 4872193, "propertyPlantEquipment": 19000431, "otherAssets": 136179644, "totalAssets": 630275012, "accountsPayable": 41638420, "shortLongTermDebt": 6311341, "otherCurrentLiab": 17347218, "otherLiab": 14813943, "totalCurrentLiabilities": 227497453, "totalLiab": 242311396, "commonStock": 122500000, "retainedEarnings": 108122945, "capitalSurplus": 157340671, "totalStockholderEquity": 387963616, "netTangibleAssets": 387963616}, {"maxAge": 1, "endDate": "2019-03-31", "cash": 21276449, "netReceivables": 192731121, "inventory": 242453886, "otherCurrentAssets": 2577215, "totalCurrentAssets": 459038671, "longTermInvestments": 7235216, "propertyPlantEquipment": 22087124, "otherAssets": 33834935, "totalAssets": 522195946, "accountsPayable": 30183072, "shortLongTermDebt": 7866517, "otherCurrentLiab": 26706007, "longTermDebt": 688315, "otherLiab": 17548417, "totalCurrentLiabilities": 218723374, "totalLiab": 236960106, "commonStock": 112500000, "retainedEarnings": 59395169, "capitalSurplus": 113340671, "totalStockholderEquity": 285235840, "netTangibleAssets": 285235840}, {"maxAge": 1, "endDate": "2018-03-31", "cash": 11665671, "shortTermInvestments": 25749612, "netReceivables": 149346073, "inventory": 230545650, "totalCurrentAssets": 417307006, "longTermInvestments": 6600000, "propertyPlantEquipment": 21072397, "otherAssets": 31899985, "totalAssets": 476879388, "accountsPayable": 70993251, "shortLongTermDebt": 792237, "otherCurrentLiab": 17324769, "otherLiab": 16608822, "totalCurrentLiabilities": 232113526, "totalLiab": 248722348, "commonStock": 75000000, "retainedEarnings": 39816369, "capitalSurplus": 113340671, "totalStockholderEquity": 228157040, "netTangibleAssets": 228157040}, {"maxAge": 1, "endDate": "2017-03-31", "cash": 9234575, "shortTermInvestments": 90672133, "netReceivables": 90216300, "inventory": 160663588, "otherCurrentAssets": 2659329, "totalCurrentAssets": 353445925, "longTermInvestments": 5100000, "propertyPlantEquipment": 6682577, "otherAssets": 22219248, "totalAssets": 387447750, "accountsPayable": 58927883, "shortLongTermDebt": 901592, "otherCurrentLiab": 8630134, "longTermDebt": 792237, "otherLiab": 14262000, "totalCurrentLiabilities": 170687951, "totalLiab": 185742188, "commonStock": 75000000, "retainedEarnings": 10705563, "capitalSurplus": 116000000, "totalStockholderEquity": 201705563, "netTangibleAssets": 201705563}], "maxAge": 86400}, "financialData": {"maxAge": 86400, "currentPrice": 44.25, "recommendationKey": "none", "totalCash": 67431800, "totalCashPerShare": 4.589, "ebitda": 15453927, "totalDebt": 185463968, "totalRevenue": 394271424, "debtToEquity": 54.423, "revenuePerShare": 26.831, "grossProfits": 136021704, "earningsGrowth": -0.143, "revenueGrowth": -0.425, "grossMargins": 0.21712999, "ebitdaMargins": 0.0392, "operatingMargins": 0.02863, "profitMargins": -0.088520005, "financialCurrency": "INR"}}}