{"LICHSGFIN.NS": {"assetProfile": {"address1": "131 Maker Tower, F Premises", "address2": "13th Floor Cuffe Parade", "city": "Mumbai", "zip": "400005", "country": "India", "phone": "91 22 2217 8600", "fax": "91 22 2217 8777", "website": "http://www.lichousing.com", "industry": "Mortgage Finance", "sector": "Financial Services", "longBusinessSummary": "LIC Housing Finance Limited, a housing finance company, provides loans for purchase, construction, repair, and renovation of houses/buildings in India. It offers deposits; home loans to resident and non-resident Indians, as well as before and after retirement loans to pensioners; construction finance and term loans for builders/developers; and loans for staff quarters and other lines of credit for corporates. The company also provides loans against properties for companies and individuals; loans against securities; loans under rental securitization; and loans to professionals. In addition, it manages, advises, and acts as a trustee to venture capital and alternative investment funds; develops residential projects for senior citizens; and markets life and general insurance products, mutual funds, and credit and LIC cards. The company markets its products through home loan agents, direct sales agents, and customer relation associates. As of March 31, 2020, it operated through a network of 25 back offices, 282 marketing offices, and 1 customer service point, as well as 9 regional offices in India; and representative offices in Dubai and Kuwait. LIC Housing Finance Limited was founded in 1989 and is based in Mumbai, India.", "fullTimeEmployees": 2392, "companyOfficers": [{"maxAge": 1, "name": "Mr. Sudipto  Sil", "title": "Chief Financial Officer", "fiscalYear": 2020, "totalPay": 3409413, "exercisedValue": 0, "unexercisedValue": 0}, {"maxAge": 1, "name": "Mr. Nitin K. Jage", "title": "GM of Taxation, Compliance Officer & Company Sec.", "fiscalYear": 2020, "totalPay": 4101999, "exercisedValue": 0, "unexercisedValue": 0}, {"maxAge": 1, "name": "Mr. Y. Viswanatha Gowd", "title": "CEO, MD & Exec. Director", "exercisedValue": 0, "unexercisedValue": 0}, {"maxAge": 1, "name": "Mr. Dipak Kumar Bardoloi", "title": "Gen. Mang. of HR, Audit, Legal, OS, Estates & Vigilance", "exercisedValue": 0, "unexercisedValue": 0}, {"maxAge": 1, "name": "Mr. N.  Mahesh", "title": "Chief Mang. of Marketing, PR & Publicity", "exercisedValue": 0, "unexercisedValue": 0}, {"maxAge": 1, "name": "Mr. D. S. Rawat", "title": "Chief Mang. of Marketing - Bus. Devel.", "exercisedValue": 0, "unexercisedValue": 0}, {"maxAge": 1, "name": "Ms. Purti Y Samant", "title": "Chief Risk Officer", "exercisedValue": 0, "unexercisedValue": 0}, {"maxAge": 1, "name": "Ms. Jayshri Waman Wartak", "title": "Chief Mang. of Audit", "exercisedValue": 0, "unexercisedValue": 0}, {"maxAge": 1, "name": "Mr. Anup Kumar Dutt", "title": "Chief Mang. of Credit Appraisal", "exercisedValue": 0, "unexercisedValue": 0}, {"maxAge": 1, "name": "Mr. J.  Sangameswar", "title": "Chief Mang. of Recovery", "exercisedValue": 0, "unexercisedValue": 0}], "auditRisk": 4, "boardRisk": 4, "compensationRisk": 1, "shareHolderRightsRisk": 5, "overallRisk": 3, "governanceEpochDate": "2021-04-01 05:30:00", "compensationAsOfEpochDate": "2020-12-31 05:30:00", "maxAge": 86400}, "recommendationTrend": {"trend": [{"period": "0m", "strongBuy": 0, "buy": 0, "hold": 0, "sell": 0, "strongSell": 0}, {"period": "-1m", "strongBuy": 0, "buy": 0, "hold": 0, "sell": 0, "strongSell": 0}, {"period": "-2m", "strongBuy": 0, "buy": 0, "hold": 0, "sell": 0, "strongSell": 0}, {"period": "-3m", "strongBuy": 0, "buy": 0, "hold": 0, "sell": 0, "strongSell": 0}], "maxAge": 86400}, "cashflowStatementHistory": {"cashflowStatements": [{"maxAge": 1, "endDate": "2020-03-31", "netIncome": 24032600000, "depreciation": 492600000, "changeToNetincome": -108801300000, "changeToLiabilities": 0, "changeToOperatingActivities": -63112600000, "totalCashFromOperatingActivities": -147376700000, "capitalExpenditures": -147200000, "investments": -18375600000, "otherCashflowsFromInvestingActivities": 3000000, "totalCashflowsFromInvestingActivities": -18514100000, "dividendsPaid": -3835500000, "netBorrowings": 156190500000, "otherCashflowsFromFinancingActivities": -799700000, "totalCashFromFinancingActivities": 151555300000, "changeInCash": -14335500000}, {"maxAge": 1, "endDate": "2019-03-31", "netIncome": 24339500000, "depreciation": 102900000, "changeToNetincome": -261031900000, "changeToLiabilities": 0, "changeToOperatingActivities": 21188500000, "totalCashFromOperatingActivities": -215384700000, "capitalExpenditures": -506600000, "investments": -16013700000, "otherCashflowsFromInvestingActivities": 85400000, "totalCashflowsFromInvestingActivities": -16423400000, "dividendsPaid": -3421400000, "netBorrowings": 244819000000, "otherCashflowsFromFinancingActivities": -714700000, "totalCashFromFinancingActivities": 240682900000, "changeInCash": 8874900000}, {"maxAge": 1, "endDate": "2018-03-31", "netIncome": 20079300000, "depreciation": 84000000, "changeToNetincome": -207303400000, "changeToLiabilities": 0, "changeToOperatingActivities": -2648300000, "totalCashFromOperatingActivities": -189770300000, "capitalExpenditures": -349400000, "investments": 13998100000, "otherCashflowsFromInvestingActivities": 30600000, "totalCashflowsFromInvestingActivities": 13679600000, "dividendsPaid": -3116300000, "netBorrowings": 184503700000, "otherCashflowsFromFinancingActivities": -643900000, "totalCashFromFinancingActivities": 180743500000, "changeInCash": 4652800000}, {"maxAge": 1, "endDate": "2017-03-31", "netIncome": 19422731000, "depreciation": 79427000, "changeToNetincome": -181819988000, "changeToLiabilities": 0, "changeToOperatingActivities": 19568354000, "totalCashFromOperatingActivities": -142731927000, "capitalExpenditures": -144928000, "investments": -2698605000, "otherCashflowsFromInvestingActivities": 66228000, "totalCashflowsFromInvestingActivities": -2776686000, "dividendsPaid": -2765856000, "netBorrowings": 154058948000, "otherCashflowsFromFinancingActivities": -572044000, "totalCashFromFinancingActivities": 150721048000, "changeInCash": 5212435000}], "maxAge": 86400}, "indexTrend": {"maxAge": 1, "symbol": "SP5", "peRatio": 19.7411, "pegRatio": 1.34172, "estimates": [{"period": "0q", "growth": 0.549}, {"period": "+1q", "growth": 0.431}, {"period": "0y", "growth": 0.305}, {"period": "+1y", "growth": 0.109}, {"period": "+5y", "growth": 0.120865}, {"period": "-5y"}]}, "defaultKeyStatistics": {"maxAge": 1, "priceHint": 2, "enterpriseValue": 1940611137536, "profitMargins": 0.54987997, "floatShares": 292619123, "sharesOutstanding": 504663008, "heldPercentInsiders": 0.02489, "heldPercentInstitutions": 0.69304, "beta": 0.899954, "category": null, "bookValue": 394.002, "priceToBook": 1.0296901, "fundFamily": null, "legalType": null, "lastFiscalYearEnd": "2020-03-31 05:30:00", "nextFiscalYearEnd": "2022-03-31 05:30:00", "mostRecentQuarter": "2020-12-31 05:30:00", "earningsQuarterlyGrowth": 0.198, "netIncomeToCommon": 27588399104, "trailingEps": 54.67, "forwardEps": 46.33, "lastSplitFactor": "5:1", "lastSplitDate": "2010-12-30 05:30:00", "enterpriseToRevenue": 38.679}, "industryTrend": {"maxAge": 1, "symbol": null, "estimates": []}, "quoteType": {"exchange": "NSI", "quoteType": "EQUITY", "symbol": "LICHSGFIN.NS", "underlyingSymbol": "LICHSGFIN.NS", "shortName": "LIC HOUSING FINAN", "longName": "LIC Housing Finance Limited", "firstTradeDateEpochUtc": "2002-07-01 09:15:00", "timeZoneFullName": "Asia/Kolkata", "timeZoneShortName": "IST", "uuid": "5fcecf15-1cda-38c2-8104-f6911f1d9f13", "gmtOffSetMilliseconds": 19800000, "maxAge": 1}, "incomeStatementHistory": {"incomeStatementHistory": [{"maxAge": 1, "endDate": "2020-03-31", "totalRevenue": 49587000000, "costOfRevenue": 622000000, "grossProfit": 48965000000, "researchDevelopment": {}, "sellingGeneralAdministrative": 3723600000, "nonRecurring": {}, "otherOperatingExpenses": 11219000000, "totalOperatingExpenses": 16426300000, "operatingIncome": 33160700000, "totalOtherIncomeExpenseNet": -338900000, "ebit": 0, "interestExpense": {}, "incomeBeforeTax": 32821800000, "incomeTaxExpense": 8785200000, "minorityInterest": 24400000, "netIncomeFromContinuingOps": 24036600000, "discontinuedOperations": {}, "extraordinaryItems": {}, "effectOfAccountingCharges": {}, "otherItems": {}, "netIncome": 24032600000, "netIncomeApplicableToCommonShares": 24032600000}, {"maxAge": 1, "endDate": "2019-03-31", "totalRevenue": 45073300000, "costOfRevenue": 209200000, "grossProfit": 44864100000, "researchDevelopment": {}, "sellingGeneralAdministrative": 3172300000, "nonRecurring": {}, "otherOperatingExpenses": 4999400000, "totalOperatingExpenses": 11156700000, "operatingIncome": 33916600000, "totalOtherIncomeExpenseNet": 900000, "ebit": 0, "interestExpense": {}, "incomeBeforeTax": 33917500000, "incomeTaxExpense": 9573800000, "minorityInterest": 21900000, "netIncomeFromContinuingOps": 24343700000, "discontinuedOperations": {}, "extraordinaryItems": {}, "effectOfAccountingCharges": {}, "otherItems": {}, "netIncome": 24339500000, "netIncomeApplicableToCommonShares": 24339500000}, {"maxAge": 1, "endDate": "2018-03-31", "totalRevenue": 37326200000, "costOfRevenue": 405600000, "grossProfit": 36920600000, "researchDevelopment": {}, "sellingGeneralAdministrative": 3068700000, "nonRecurring": {}, "otherOperatingExpenses": 5696900000, "totalOperatingExpenses": 9506200000, "operatingIncome": 27820000000, "totalOtherIncomeExpenseNet": -300000, "ebit": 0, "interestExpense": {}, "incomeBeforeTax": 27819700000, "incomeTaxExpense": 7738200000, "minorityInterest": 18800000, "netIncomeFromContinuingOps": 20081500000, "discontinuedOperations": {}, "extraordinaryItems": {}, "effectOfAccountingCharges": {}, "otherItems": {}, "netIncome": 20079300000, "netIncomeApplicableToCommonShares": 20079300000}, {"maxAge": 1, "endDate": "2017-03-31", "totalRevenue": 36394357000, "costOfRevenue": 2740410000, "grossProfit": 33653947000, "researchDevelopment": {}, "sellingGeneralAdministrative": 3312620000, "nonRecurring": {}, "otherOperatingExpenses": 93126000, "totalOperatingExpenses": 6747322000, "operatingIncome": 29647035000, "totalOtherIncomeExpenseNet": 89298000, "ebit": 0, "interestExpense": {}, "incomeBeforeTax": 29736333000, "incomeTaxExpense": 10313547000, "minorityInterest": 16351000, "netIncomeFromContinuingOps": 19422786000, "discontinuedOperations": {}, "extraordinaryItems": {}, "effectOfAccountingCharges": {}, "otherItems": {}, "netIncome": 19422731000, "netIncomeApplicableToCommonShares": 19422731000}], "maxAge": 86400}, "fundOwnership": {"ownershipList": [{"maxAge": 1, "reportDate": "2021-01-31", "organization": "Vanguard International Stock Index-Total Intl Stock Indx", "pctHeld": 0.0070999996, "position": 3571407, "value": 1413205749}, {"maxAge": 1, "reportDate": "2021-01-31", "organization": "Vanguard International Stock Index-Emerging Markets Stk", "pctHeld": 0.0068, "position": 3432671, "value": 1358307914}, {"maxAge": 1, "reportDate": "2021-03-31", "organization": "iShares Core MSCI Emerging Markets ETF", "pctHeld": 0.0052, "position": 2649277, "value": 1134420411}, {"maxAge": 1, "reportDate": "2021-01-31", "organization": "DFA Emerging Markets Core Equity Portfolio", "pctHeld": 0.0050999997, "position": 2563919, "value": 1014542748}, {"maxAge": 1, "reportDate": "2021-03-31", "organization": "Pear Tree Polaris Foreign Value Small Cap Fund", "pctHeld": 0.0047999998, "position": 2397700, "value": 1026695140}, {"maxAge": 1, "reportDate": "2021-01-31", "organization": "DFA Investment Dimensions-DFA Emerging Mkts Value", "pctHeld": 0.0044, "position": 2220271, "value": 878561234}, {"maxAge": 1, "reportDate": "2021-02-28", "organization": "Fidelity Strategic Advisers Emerging Markets Fund", "pctHeld": 0.0031, "position": 1548355, "value": 665018472}, {"maxAge": 1, "reportDate": "2021-02-28", "organization": "WisdomTree Tr-WisdomTree Emerging Markets Small Cap Dividend Fund", "pctHeld": 0.0021, "position": 1055131, "value": 453178764}, {"maxAge": 1, "reportDate": "2021-02-28", "organization": "Wells Fargo Emerging Markets Equity Income Fd", "pctHeld": 0.0021, "position": 1042758, "value": 447864561}, {"maxAge": 1, "reportDate": "2020-12-31", "organization": "Matthews International  Fds-Matthews India Fd", "pctHeld": 0.0017, "position": 881598, "value": 318477277}], "maxAge": 1}, "summaryDetail": {"maxAge": 1, "priceHint": 2, "previousClose": 411.5, "open": 406.8, "dayLow": 404.0, "dayHigh": 417.6, "regularMarketPreviousClose": 411.5, "regularMarketOpen": 406.8, "regularMarketDayLow": 404.0, "regularMarketDayHigh": 417.6, "dividendRate": 8.0, "dividendYield": 0.0194, "exDividendDate": "2020-09-17 05:30:00", "payoutRatio": 0.1463, "fiveYearAvgDividendYield": 1.53, "beta": 0.899954, "trailingPE": 7.4208894, "forwardPE": 8.756745, "volume": 2457354, "regularMarketVolume": 2457354, "averageVolume": 6197180, "averageVolume10days": 2938923, "averageDailyVolume10Day": 2938923, "bid": 0.0, "ask": 0.0, "bidSize": 0, "askSize": 0, "marketCap": 204741787648, "fiftyTwoWeekLow": 209.35, "fiftyTwoWeekHigh": 487.4, "priceToSalesTrailing12Months": 4.0808225, "fiftyDayAverage": 434.7353, "twoHundredDayAverage": 369.20105, "trailingAnnualDividendRate": 8.0, "trailingAnnualDividendYield": 0.01944107, "currency": "INR", "fromCurrency": null, "lastMarket": null, "algorithm": null, "tradeable": false}, "insiderHolders": {"holders": [{"maxAge": 1, "name": "Copthall Mauritius Investments Ltd", "relation": "Investment Advisor", "url": "", "transactionDescription": "Sale", "latestTransDate": "2012-09-17", "positionDirect": 19599922, "positionDirectDate": "2012-09-17"}, {"maxAge": 1, "name": "Life Insurance Corporation of India", "relation": "Promoter", "url": "", "transactionDescription": "Acquisition", "latestTransDate": "2012-04-04", "positionDirect": 203442495, "positionDirectDate": "2012-04-04"}], "maxAge": 1}, "calendarEvents": {"maxAge": 1, "earnings": {"earningsDate": [], "revenueAverage": 11267900000, "revenueLow": 10689000000, "revenueHigh": 11846900000}, "exDividendDate": "2020-09-17 05:30:00"}, "upgradeDowngradeHistory": {"history": [], "maxAge": 86400}, "price": {"maxAge": 1, "regularMarketChangePercent": -0.014094746, "regularMarketChange": -5.799988, "regularMarketTime": "2021-04-30 15:30:00", "priceHint": 2, "regularMarketPrice": 405.7, "regularMarketDayHigh": 417.6, "regularMarketDayLow": 404.0, "regularMarketVolume": 2457354, "averageDailyVolume10Day": 2938923, "averageDailyVolume3Month": 6197180, "regularMarketPreviousClose": 411.5, "regularMarketSource": "FREE_REALTIME", "regularMarketOpen": 406.8, "exchange": "NSI", "exchangeName": "NSE", "exchangeDataDelayedBy": 15, "marketState": "CLOSED", "quoteType": "EQUITY", "symbol": "LICHSGFIN.NS", "underlyingSymbol": null, "shortName": "LIC HOUSING FINAN", "longName": "LIC Housing Finance Limited", "currency": "INR", "quoteSourceName": "Delayed Quote", "currencySymbol": "\u20b9", "fromCurrency": null, "lastMarket": null, "marketCap": 204741787648}, "balanceSheetHistory": {"balanceSheetStatements": [{"maxAge": 1, "endDate": "2020-03-31", "cash": 13693000000, "netReceivables": 2080818300000, "otherCurrentAssets": 10669600000, "totalCurrentAssets": 2142157000000, "longTermInvestments": 18676000000, "propertyPlantEquipment": 2951300000, "goodWill": 2100000, "intangibleAssets": 20100000, "otherAssets": 5390900000, "deferredLongTermAssetCharges": 5262800000, "totalAssets": 2169197400000, "accountsPayable": 126956100000, "shortLongTermDebt": 429919100000, "otherCurrentLiab": 78500000, "longTermDebt": 1195907800000, "otherLiab": 7900800000, "minorityInterest": 24400000, "totalCurrentLiabilities": 781727000000, "totalLiab": 1986524300000, "commonStock": 1009300000, "retainedEarnings": 164144300000, "treasuryStock": 284200000, "capitalSurplus": 17210900000, "otherStockholderEquity": 284200000, "totalStockholderEquity": 182648700000, "netTangibleAssets": 182626500000}, {"maxAge": 1, "endDate": "2019-03-31", "cash": 28028500000, "netReceivables": 1930555200000, "otherCurrentAssets": 4611100000, "totalCurrentAssets": 1986632200000, "longTermInvestments": 13005800000, "propertyPlantEquipment": 1671500000, "goodWill": 2100000, "intangibleAssets": 29100000, "otherAssets": 5733500000, "deferredLongTermAssetCharges": 5617100000, "totalAssets": 2007074200000, "accountsPayable": 78186200000, "shortLongTermDebt": 393152600000, "otherCurrentLiab": 79700000, "longTermDebt": 1148903200000, "otherLiab": 3706400000, "minorityInterest": 21900000, "totalCurrentLiabilities": 691134500000, "totalLiab": 1843744100000, "commonStock": 1009300000, "retainedEarnings": 144803800000, "treasuryStock": 284200000, "capitalSurplus": 17210900000, "otherStockholderEquity": 284200000, "totalStockholderEquity": 163308200000, "netTangibleAssets": 163277000000}, {"maxAge": 1, "endDate": "2018-03-31", "cash": 19153500000, "netReceivables": 1661742100000, "otherCurrentAssets": 5008100000, "totalCurrentAssets": 1696857200000, "longTermInvestments": 9565200000, "propertyPlantEquipment": 1295700000, "goodWill": 2100000, "intangibleAssets": 24200000, "otherAssets": 4537200000, "deferredLongTermAssetCharges": 4496500000, "totalAssets": 1712281600000, "accountsPayable": 68227300000, "shortLongTermDebt": 290048400000, "otherCurrentLiab": 78200000, "longTermDebt": 1069334300000, "otherLiab": 3628100000, "minorityInterest": 18800000, "totalCurrentLiabilities": 496188600000, "totalLiab": 1569151000000, "commonStock": 1009300000, "retainedEarnings": 124798500000, "treasuryStock": 93100000, "capitalSurplus": 17210900000, "otherStockholderEquity": 93100000, "totalStockholderEquity": 143111800000, "netTangibleAssets": 143085500000}, {"maxAge": 1, "endDate": "2017-03-31", "cash": 45225354000, "netReceivables": 1455279244000, "otherCurrentAssets": 170604000, "totalCurrentAssets": 1500675202000, "longTermInvestments": 5373965000, "propertyPlantEquipment": 1035634000, "goodWill": 2052000, "intangibleAssets": 36646000, "otherAssets": 2846912000, "deferredLongTermAssetCharges": 172000, "totalAssets": 1509970411000, "accountsPayable": 514399000, "shortLongTermDebt": 150157270000, "otherCurrentLiab": 3269217000, "longTermDebt": 1037401291000, "otherLiab": 31034137000, "minorityInterest": 16351000, "totalCurrentLiabilities": 329960169000, "totalLiab": 1398395597000, "commonStock": 1009326000, "retainedEarnings": 93332852000, "treasuryStock": 5430000, "capitalSurplus": 17210855000, "otherStockholderEquity": 5430000, "totalStockholderEquity": 111558463000, "netTangibleAssets": 111519765000}], "maxAge": 86400}, "earningsTrend": {"trend": [{"maxAge": 1, "period": "0q", "endDate": "2018-12-31", "growth": {}, "earningsEstimate": {"avg": 0.0, "low": 0.0, "high": 0.0, "yearAgoEps": 9.73, "numberOfAnalysts": 0, "growth": {}}, "revenueEstimate": {"avg": 11267900000, "low": 10689000000, "high": 11846900000, "numberOfAnalysts": 2, "yearAgoRevenue": 9527660000, "growth": 0.183}, "epsTrend": {"current": 0.0, "7daysAgo": 13.19, "30daysAgo": 13.19, "60daysAgo": 13.19, "90daysAgo": 13.19}, "epsRevisions": {"upLast7days": 0, "upLast30days": 0, "downLast30days": 0, "downLast90days": {}}}, {"maxAge": 1, "period": "+1q", "endDate": "2019-03-31", "growth": {}, "earningsEstimate": {"avg": 0.0, "low": 0.0, "high": 0.0, "yearAgoEps": 10.69, "numberOfAnalysts": 0, "growth": {}}, "revenueEstimate": {"avg": 10683300000, "low": 10245500000, "high": 11121000000, "numberOfAnalysts": 2, "yearAgoRevenue": 10910600000, "growth": -0.021}, "epsTrend": {"current": 0.0, "7daysAgo": 13.85, "30daysAgo": 13.85, "60daysAgo": 13.85, "90daysAgo": 13.85}, "epsRevisions": {"upLast7days": 0, "upLast30days": 0, "downLast30days": 0, "downLast90days": {}}}, {"maxAge": 1, "period": "0y", "endDate": "2019-03-31", "growth": {}, "earningsEstimate": {"avg": 0.0, "low": 0.0, "high": 0.0, "yearAgoEps": {}, "numberOfAnalysts": 0, "growth": {}}, "revenueEstimate": {"avg": 43914000000, "low": 40538000000, "high": 47406000000, "numberOfAnalysts": 29, "yearAgoRevenue": 39482600000, "growth": 0.111999996}, "epsTrend": {"current": 0.0, "7daysAgo": 44.81, "30daysAgo": 44.81, "60daysAgo": 44.81, "90daysAgo": 44.81}, "epsRevisions": {"upLast7days": 0, "upLast30days": 0, "downLast30days": 0, "downLast90days": {}}}, {"maxAge": 1, "period": "+1y", "endDate": "2020-03-31", "growth": {}, "earningsEstimate": {"avg": 0.0, "low": 0.0, "high": 0.0, "yearAgoEps": {}, "numberOfAnalysts": 0, "growth": {}}, "revenueEstimate": {"avg": 48402300000, "low": 5602300000, "high": 56000000000, "numberOfAnalysts": 29, "yearAgoRevenue": 43914000000, "growth": 0.102}, "epsTrend": {"current": 0.0, "7daysAgo": 51.68, "30daysAgo": 51.68, "60daysAgo": 51.68, "90daysAgo": 51.68}, "epsRevisions": {"upLast7days": 1, "upLast30days": 2, "downLast30days": 0, "downLast90days": {}}}, {"maxAge": 1, "period": "+5y", "endDate": null, "growth": 0.1299, "earningsEstimate": {"avg": {}, "low": {}, "high": {}, "yearAgoEps": {}, "numberOfAnalysts": {}, "growth": {}}, "revenueEstimate": {"avg": {}, "low": {}, "high": {}, "numberOfAnalysts": {}, "yearAgoRevenue": {}, "growth": {}}, "epsTrend": {"current": {}, "7daysAgo": {}, "30daysAgo": {}, "60daysAgo": {}, "90daysAgo": {}}, "epsRevisions": {"upLast7days": {}, "upLast30days": {}, "downLast30days": {}, "downLast90days": {}}}, {"maxAge": 1, "period": "-5y", "endDate": null, "growth": {}, "earningsEstimate": {"avg": {}, "low": {}, "high": {}, "yearAgoEps": {}, "numberOfAnalysts": {}, "growth": {}}, "revenueEstimate": {"avg": {}, "low": {}, "high": {}, "numberOfAnalysts": {}, "yearAgoRevenue": {}, "growth": {}}, "epsTrend": {"current": {}, "7daysAgo": {}, "30daysAgo": {}, "60daysAgo": {}, "90daysAgo": {}}, "epsRevisions": {"upLast7days": {}, "upLast30days": {}, "downLast30days": {}, "downLast90days": {}}}], "maxAge": 1}, "institutionOwnership": {"ownershipList": [], "maxAge": 1}, "majorHoldersBreakdown": {"maxAge": 1, "insidersPercentHeld": 0.02489, "institutionsPercentHeld": 0.69304, "institutionsFloatPercentHeld": 0.71072, "institutionsCount": 121}, "balanceSheetHistoryQuarterly": {"balanceSheetStatements": [{"maxAge": 1, "endDate": "2020-12-31", "totalStockholderEquity": 198775900000, "netTangibleAssets": 198757200000}, {"maxAge": 1, "endDate": "2020-09-30", "cash": 19383600000, "netReceivables": 2105969000000, "otherCurrentAssets": 639900000, "totalCurrentAssets": 2125992500000, "longTermInvestments": 52809400000, "propertyPlantEquipment": 2855600000, "goodWill": 2100000, "intangibleAssets": 16600000, "otherAssets": 7320000000, "deferredLongTermAssetCharges": 6382000000, "totalAssets": 2188996200000, "accountsPayable": 161980800000, "longTermDebt": 1741255600000, "otherLiab": 75878100000, "minorityInterest": 25100000, "totalCurrentLiabilities": 171761500000, "totalLiab": 1990195200000, "commonStock": 1009300000, "treasuryStock": 197766600000, "otherStockholderEquity": 197766600000, "totalStockholderEquity": 198775900000, "netTangibleAssets": 198757200000}, {"maxAge": 1, "endDate": "2020-06-30", "totalStockholderEquity": 182648700000, "netTangibleAssets": 182626500000}, {"maxAge": 1, "endDate": "2020-03-31", "cash": 13693000000, "netReceivables": 2080818300000, "otherCurrentAssets": 10669600000, "totalCurrentAssets": 2142157000000, "longTermInvestments": 18676000000, "propertyPlantEquipment": 2951300000, "goodWill": 2100000, "intangibleAssets": 20100000, "otherAssets": 5390900000, "deferredLongTermAssetCharges": 5262800000, "totalAssets": 2169197400000, "accountsPayable": 126956100000, "shortLongTermDebt": 429919100000, "otherCurrentLiab": 78500000, "longTermDebt": 1195907800000, "otherLiab": 7900800000, "minorityInterest": 24400000, "totalCurrentLiabilities": 781727000000, "totalLiab": 1986524300000, "commonStock": 1009300000, "retainedEarnings": 164144300000, "treasuryStock": 284200000, "capitalSurplus": 17210900000, "otherStockholderEquity": 284200000, "totalStockholderEquity": 182648700000, "netTangibleAssets": 182626500000}], "maxAge": 86400}, "earningsHistory": {"history": [{"maxAge": 1, "epsActual": 9.73, "epsEstimate": 10.4, "epsDifference": -0.67, "surprisePercent": -0.064, "quarter": "2017-12-31", "period": "-4q"}, {"maxAge": 1, "epsActual": 10.69, "epsEstimate": 10.24, "epsDifference": 0.45, "surprisePercent": 0.044, "quarter": "2018-03-31", "period": "-3q"}, {"maxAge": 1, "epsActual": 11.25, "epsEstimate": 10.51, "epsDifference": 0.74, "surprisePercent": 0.07, "quarter": "2018-06-30", "period": "-2q"}, {"maxAge": 1, "epsActual": 11.36, "epsEstimate": 11.78, "epsDifference": -0.42, "surprisePercent": -0.036, "quarter": "2018-09-30", "period": "-1q"}], "maxAge": 86400}, "summaryProfile": {"address1": "131 Maker Tower, F Premises", "address2": "13th Floor Cuffe Parade", "city": "Mumbai", "zip": "400005", "country": "India", "phone": "91 22 2217 8600", "fax": "91 22 2217 8777", "website": "http://www.lichousing.com", "industry": "Mortgage Finance", "sector": "Financial Services", "longBusinessSummary": "LIC Housing Finance Limited, a housing finance company, provides loans for purchase, construction, repair, and renovation of houses/buildings in India. It offers deposits; home loans to resident and non-resident Indians, as well as before and after retirement loans to pensioners; construction finance and term loans for builders/developers; and loans for staff quarters and other lines of credit for corporates. The company also provides loans against properties for companies and individuals; loans against securities; loans under rental securitization; and loans to professionals. In addition, it manages, advises, and acts as a trustee to venture capital and alternative investment funds; develops residential projects for senior citizens; and markets life and general insurance products, mutual funds, and credit and LIC cards. The company markets its products through home loan agents, direct sales agents, and customer relation associates. As of March 31, 2020, it operated through a network of 25 back offices, 282 marketing offices, and 1 customer service point, as well as 9 regional offices in India; and representative offices in Dubai and Kuwait. LIC Housing Finance Limited was founded in 1989 and is based in Mumbai, India.", "fullTimeEmployees": 2392, "companyOfficers": [], "maxAge": 86400}, "netSharePurchaseActivity": {"maxAge": 1, "period": "6m", "buyInfoCount": 0, "buyInfoShares": 0, "sellInfoCount": 0, "netInfoCount": 0, "netInfoShares": 0, "netPercentInsiderShares": 0.0, "totalInsiderShares": 12558913}, "insiderTransactions": {"transactions": [{"maxAge": 1, "shares": 10716463, "filerUrl": "", "transactionText": "", "filerName": "Copthall Mauritius Investments Ltd", "filerRelation": "Investment Advisor", "moneyText": "", "startDate": "2012-09-17", "ownership": "D"}, {"maxAge": 1, "shares": 30000000, "filerUrl": "", "transactionText": "", "filerName": "Life Insurance Corporation of India", "filerRelation": "Promoter", "moneyText": "", "startDate": "2012-04-04", "ownership": "D"}, {"maxAge": 1, "shares": 16315930, "filerUrl": "", "transactionText": "", "filerName": "Copthall Mauritius Investments Ltd", "filerRelation": "Investment Advisor", "moneyText": "", "startDate": "2012-03-21", "ownership": "D"}, {"maxAge": 1, "shares": 10066595, "filerUrl": "", "transactionText": "", "filerName": "Copthall Mauritius Investments Ltd", "filerRelation": "Investment Advisor", "moneyText": "", "startDate": "2012-03-16", "ownership": "D"}, {"maxAge": 1, "shares": 100090, "filerUrl": "", "transactionText": "", "filerName": "Copthall Mauritius Investments Ltd", "filerRelation": "Investment Advisor", "moneyText": "", "startDate": "2012-03-16", "ownership": "D"}, {"maxAge": 1, "shares": 9576537, "filerUrl": "", "transactionText": "", "filerName": "Copthall Mauritius Investments Ltd", "filerRelation": "Investment Advisor", "moneyText": "", "startDate": "2011-07-22", "ownership": "D"}, {"maxAge": 1, "shares": 28932901, "filerUrl": "", "transactionText": "", "filerName": "Copthall Mauritius Investments Ltd", "filerRelation": "Investment Advisor", "moneyText": "", "startDate": "2011-03-31", "ownership": "D"}, {"maxAge": 1, "shares": 629794, "filerUrl": "", "transactionText": "", "filerName": "Copthall Mauritius Investments Ltd", "filerRelation": "Investment Advisor", "moneyText": "", "startDate": "2010-09-28", "ownership": "D"}], "maxAge": 1}, "sectorTrend": {"maxAge": 1, "symbol": null, "estimates": []}, "incomeStatementHistoryQuarterly": {"incomeStatementHistory": [{"maxAge": 1, "endDate": "2020-12-31", "totalRevenue": 13166200000, "costOfRevenue": 173800000, "grossProfit": 12992400000, "researchDevelopment": {}, "sellingGeneralAdministrative": 840800000, "nonRecurring": {}, "otherOperatingExpenses": 2469100000, "totalOperatingExpenses": 3621600000, "operatingIncome": 9544600000, "totalOtherIncomeExpenseNet": 156200000, "ebit": 0, "interestExpense": {}, "incomeBeforeTax": 9700800000, "incomeTaxExpense": 2489700000, "minorityInterest": {}, "netIncomeFromContinuingOps": 7211100000, "discontinuedOperations": {}, "extraordinaryItems": {}, "effectOfAccountingCharges": {}, "otherItems": {}, "netIncome": 7210400000, "netIncomeApplicableToCommonShares": 7210400000}, {"maxAge": 1, "endDate": "2020-09-30", "totalRevenue": 12774800000, "costOfRevenue": 111800000, "grossProfit": 12663000000, "researchDevelopment": {}, "sellingGeneralAdministrative": 858600000, "nonRecurring": {}, "otherOperatingExpenses": 1668100000, "totalOperatingExpenses": 2769800000, "operatingIncome": 10005000000, "totalOtherIncomeExpenseNet": 103000000, "ebit": 0, "interestExpense": {}, "incomeBeforeTax": 10108000000, "incomeTaxExpense": 2211300000, "minorityInterest": 25100000, "netIncomeFromContinuingOps": 7896700000, "discontinuedOperations": {}, "extraordinaryItems": {}, "effectOfAccountingCharges": {}, "otherItems": {}, "netIncome": 7895500000, "netIncomeApplicableToCommonShares": 7895500000}, {"maxAge": 1, "endDate": "2020-06-30", "totalRevenue": 12475900000, "costOfRevenue": 112500000, "grossProfit": 12363400000, "researchDevelopment": {}, "sellingGeneralAdministrative": 850000000, "nonRecurring": {}, "otherOperatingExpenses": 910100000, "totalOperatingExpenses": 2003300000, "operatingIncome": 10472600000, "totalOtherIncomeExpenseNet": -254900000, "ebit": 0, "interestExpense": {}, "incomeBeforeTax": 10217700000, "incomeTaxExpense": 1976900000, "minorityInterest": 25100000, "netIncomeFromContinuingOps": 8240800000, "discontinuedOperations": {}, "extraordinaryItems": {}, "effectOfAccountingCharges": {}, "otherItems": {}, "netIncome": 8240000000, "netIncomeApplicableToCommonShares": 8240000000}, {"maxAge": 1, "endDate": "2020-03-31", "totalRevenue": 11754600000, "costOfRevenue": 264400000, "grossProfit": 11490200000, "researchDevelopment": {}, "sellingGeneralAdministrative": 1392800000, "nonRecurring": {}, "otherOperatingExpenses": 904000000, "totalOperatingExpenses": 3062900000, "operatingIncome": 8691700000, "totalOtherIncomeExpenseNet": -362300000, "ebit": 0, "interestExpense": {}, "incomeBeforeTax": 8329400000, "incomeTaxExpense": 4086200000, "minorityInterest": 24400000, "netIncomeFromContinuingOps": 4243200000, "discontinuedOperations": {}, "extraordinaryItems": {}, "effectOfAccountingCharges": {}, "otherItems": {}, "netIncome": 4242600000, "netIncomeApplicableToCommonShares": 4242600000}], "maxAge": 86400}, "cashflowStatementHistoryQuarterly": {"cashflowStatements": [{"maxAge": 1, "endDate": "2020-12-31", "netIncome": 7210400000, "changeToLiabilities": 0}, {"maxAge": 1, "endDate": "2020-09-30", "netIncome": 7895500000, "changeToLiabilities": 0}, {"maxAge": 1, "endDate": "2020-06-30", "netIncome": 8240000000, "changeToLiabilities": 0}, {"maxAge": 1, "endDate": "2020-03-31", "netIncome": 4242600000, "changeToLiabilities": 0}], "maxAge": 86400}, "earnings": {"maxAge": 86400, "earningsChart": {"quarterly": [{"date": "4Q2017", "actual": 9.73, "estimate": 10.4}, {"date": "1Q2018", "actual": 10.69, "estimate": 10.24}, {"date": "2Q2018", "actual": 11.25, "estimate": 10.51}, {"date": "3Q2018", "actual": 11.36, "estimate": 11.78}], "currentQuarterEstimateDate": "4Q", "currentQuarterEstimateYear": 2018, "earningsDate": []}, "financialsChart": {"yearly": [{"date": 2017, "revenue": 36394357000, "earnings": 19422731000}, {"date": 2018, "revenue": 37326200000, "earnings": 20079300000}, {"date": 2019, "revenue": 45073300000, "earnings": 24339500000}, {"date": 2020, "revenue": 49587000000, "earnings": 24032600000}], "quarterly": [{"date": "1Q2020", "revenue": 11754600000, "earnings": 4242600000}, {"date": "2Q2020", "revenue": 12475900000, "earnings": 8240000000}, {"date": "3Q2020", "revenue": 12774800000, "earnings": 7895500000}, {"date": "4Q2020", "revenue": 13166200000, "earnings": 7210400000}]}, "financialCurrency": "INR"}, "financialData": {"maxAge": 86400, "currentPrice": 405.7, "targetHighPrice": 610.0, "targetLowPrice": 360.0, "targetMeanPrice": 501.83, "targetMedianPrice": 515.0, "recommendationKey": "none", "numberOfAnalystOpinions": 35, "totalCash": 19383599104, "totalCashPerShare": 38.416, "totalDebt": 1752336302080, "totalRevenue": 50171699200, "debtToEquity": 881.452, "revenuePerShare": 99.421, "grossProfits": 48965000000, "earningsGrowth": 0.198, "revenueGrowth": 0.019, "grossMargins": 0.98462, "ebitdaMargins": 0.0, "operatingMargins": 0.77165, "profitMargins": 0.54987997, "financialCurrency": "INR"}}}