{"LICHSGFIN.BO": {"cashflowStatementHistory": {"cashflowStatements": [{"maxAge": 1, "endDate": "2020-03-31", "netIncome": 24032600000, "depreciation": 492600000, "changeToNetincome": -108801300000, "changeToLiabilities": 0, "changeToOperatingActivities": -63112600000, "totalCashFromOperatingActivities": -147376700000, "capitalExpenditures": -147200000, "investments": -18375600000, "otherCashflowsFromInvestingActivities": 3000000, "totalCashflowsFromInvestingActivities": -18514100000, "dividendsPaid": -3835500000, "netBorrowings": 156190500000, "otherCashflowsFromFinancingActivities": -799700000, "totalCashFromFinancingActivities": 151555300000, "changeInCash": -14335500000}, {"maxAge": 1, "endDate": "2019-03-31", "netIncome": 24339500000, "depreciation": 102900000, "changeToNetincome": -261031900000, "changeToLiabilities": 0, "changeToOperatingActivities": 21188500000, "totalCashFromOperatingActivities": -215384700000, "capitalExpenditures": -506600000, "investments": -16013700000, "otherCashflowsFromInvestingActivities": 85400000, "totalCashflowsFromInvestingActivities": -16423400000, "dividendsPaid": -3421400000, "netBorrowings": 244819000000, "otherCashflowsFromFinancingActivities": -714700000, "totalCashFromFinancingActivities": 240682900000, "changeInCash": 8874900000}, {"maxAge": 1, "endDate": "2018-03-31", "netIncome": 20079300000, "depreciation": 84000000, "changeToNetincome": -207303400000, "changeToLiabilities": 0, "changeToOperatingActivities": -2648300000, "totalCashFromOperatingActivities": -189770300000, "capitalExpenditures": -349400000, "investments": 13998100000, "otherCashflowsFromInvestingActivities": 30600000, "totalCashflowsFromInvestingActivities": 13679600000, "dividendsPaid": -3116300000, "netBorrowings": 184503700000, "otherCashflowsFromFinancingActivities": -643900000, "totalCashFromFinancingActivities": 180743500000, "changeInCash": 4652800000}, {"maxAge": 1, "endDate": "2017-03-31", "netIncome": 19422731000, "depreciation": 79427000, "changeToNetincome": -181819988000, "changeToLiabilities": 0, "changeToOperatingActivities": 19568354000, "totalCashFromOperatingActivities": -142731927000, "capitalExpenditures": -144928000, "investments": -2698605000, "otherCashflowsFromInvestingActivities": 66228000, "totalCashflowsFromInvestingActivities": -2776686000, "dividendsPaid": -2765856000, "netBorrowings": 154058948000, "otherCashflowsFromFinancingActivities": -572044000, "totalCashFromFinancingActivities": 150721048000, "changeInCash": 5212435000}], "maxAge": 86400}, "institutionOwnership": {"ownershipList": [], "maxAge": 1}, "balanceSheetHistoryQuarterly": {"balanceSheetStatements": [{"maxAge": 1, "endDate": "2020-06-30", "totalStockholderEquity": 182648700000, "netTangibleAssets": 182626500000}, {"maxAge": 1, "endDate": "2020-03-31", "cash": 13693000000, "netReceivables": 2080818300000, "otherCurrentAssets": 10669600000, "totalCurrentAssets": 2142157000000, "longTermInvestments": 18676000000, "propertyPlantEquipment": 2951300000, "goodWill": 2100000, "intangibleAssets": 20100000, "otherAssets": 5390900000, "deferredLongTermAssetCharges": 5262800000, "totalAssets": 2169197400000, "accountsPayable": 126956100000, "shortLongTermDebt": 429919100000, "otherCurrentLiab": 78500000, "longTermDebt": 1195907800000, "otherLiab": 7900800000, "minorityInterest": 24400000, "totalCurrentLiabilities": 781727000000, "totalLiab": 1986524300000, "commonStock": 1009300000, "retainedEarnings": 164144300000, "treasuryStock": 284200000, "capitalSurplus": 17210900000, "otherStockholderEquity": 284200000, "totalStockholderEquity": 182648700000, "netTangibleAssets": 182626500000}, {"maxAge": 1, "endDate": "2019-12-31", "totalStockholderEquity": 172416600000, "netTangibleAssets": 171221400000}, {"maxAge": 1, "endDate": "2019-09-30", "cash": 10614200000, "netReceivables": 2008195600000, "otherCurrentAssets": 4070500000, "totalCurrentAssets": 2023025300000, "longTermInvestments": 37536500000, "propertyPlantEquipment": 1632200000, "goodWill": 2100000, "intangibleAssets": 1193100000, "otherAssets": 7658900000, "deferredLongTermAssetCharges": 6686800000, "totalAssets": 2071048100000, "accountsPayable": 105537300000, "otherCurrentLiab": 1145000000, "longTermDebt": 1684715400000, "otherLiab": 74209500000, "minorityInterest": 22200000, "totalCurrentLiabilities": 139684400000, "totalLiab": 1898609300000, "commonStock": 1009300000, "treasuryStock": 171407300000, "otherStockholderEquity": 171407300000, "totalStockholderEquity": 172416600000, "netTangibleAssets": 171221400000}], "maxAge": 86400}, "indexTrend": {"maxAge": 1, "symbol": "SP5", "peRatio": 19.7411, "pegRatio": 1.34172, "estimates": [{"period": "0q", "growth": 0.549}, {"period": "+1q", "growth": 0.431}, {"period": "0y", "growth": 0.305}, {"period": "+1y", "growth": 0.109}, {"period": "+5y", "growth": 0.120865}, {"period": "-5y"}]}, "insiderTransactions": {"transactions": [{"maxAge": 1, "shares": 10716463, "filerUrl": "", "transactionText": "", "filerName": "Copthall Mauritius Investments Ltd", "filerRelation": "Investment Advisor", "moneyText": "", "startDate": "2012-09-17", "ownership": "D"}, {"maxAge": 1, "shares": 30000000, "filerUrl": "", "transactionText": "", "filerName": "Life Insurance Corporation of India", "filerRelation": "Promoter", "moneyText": "", "startDate": "2012-04-04", "ownership": "D"}, {"maxAge": 1, "shares": 16315930, "filerUrl": "", "transactionText": "", "filerName": "Copthall Mauritius Investments Ltd", "filerRelation": "Investment Advisor", "moneyText": "", "startDate": "2012-03-21", "ownership": "D"}, {"maxAge": 1, "shares": 10066595, "filerUrl": "", "transactionText": "", "filerName": "Copthall Mauritius Investments Ltd", "filerRelation": "Investment Advisor", "moneyText": "", "startDate": "2012-03-16", "ownership": "D"}, {"maxAge": 1, "shares": 100090, "filerUrl": "", "transactionText": "", "filerName": "Copthall Mauritius Investments Ltd", "filerRelation": "Investment Advisor", "moneyText": "", "startDate": "2012-03-16", "ownership": "D"}, {"maxAge": 1, "shares": 9576537, "filerUrl": "", "transactionText": "", "filerName": "Copthall Mauritius Investments Ltd", "filerRelation": "Investment Advisor", "moneyText": "", "startDate": "2011-07-22", "ownership": "D"}, {"maxAge": 1, "shares": 28932901, "filerUrl": "", "transactionText": "", "filerName": "Copthall Mauritius Investments Ltd", "filerRelation": "Investment Advisor", "moneyText": "", "startDate": "2011-03-31", "ownership": "D"}, {"maxAge": 1, "shares": 629794, "filerUrl": "", "transactionText": "", "filerName": "Copthall Mauritius Investments Ltd", "filerRelation": "Investment Advisor", "moneyText": "", "startDate": "2010-09-28", "ownership": "D"}], "maxAge": 1}, "quoteType": {"exchange": "BSE", "quoteType": "EQUITY", "symbol": "LICHSGFIN.BO", "underlyingSymbol": "LICHSGFIN.BO", "shortName": "LIC HOUSING FINANCE LTD.", "longName": "LIC Housing Finance Limited", "firstTradeDateEpochUtc": "2000-01-03 09:15:00", "timeZoneFullName": "Asia/Kolkata", "timeZoneShortName": "IST", "uuid": "9766a492-2337-352d-ba57-9d59df213c99", "gmtOffSetMilliseconds": 19800000, "maxAge": 1}, "incomeStatementHistory": {"incomeStatementHistory": [{"maxAge": 1, "endDate": "2020-03-31", "totalRevenue": 49587000000, "costOfRevenue": 622000000, "grossProfit": 48965000000, "researchDevelopment": {}, "sellingGeneralAdministrative": 3723600000, "nonRecurring": {}, "otherOperatingExpenses": 11219000000, "totalOperatingExpenses": 16426300000, "operatingIncome": 33160700000, "totalOtherIncomeExpenseNet": -338900000, "ebit": 0, "interestExpense": {}, "incomeBeforeTax": 32821800000, "incomeTaxExpense": 8785200000, "minorityInterest": 24400000, "netIncomeFromContinuingOps": 24036600000, "discontinuedOperations": {}, "extraordinaryItems": {}, "effectOfAccountingCharges": {}, "otherItems": {}, "netIncome": 24032600000, "netIncomeApplicableToCommonShares": 24032600000}, {"maxAge": 1, "endDate": "2019-03-31", "totalRevenue": 45073300000, "costOfRevenue": 209200000, "grossProfit": 44864100000, "researchDevelopment": {}, "sellingGeneralAdministrative": 3172300000, "nonRecurring": {}, "otherOperatingExpenses": 4999400000, "totalOperatingExpenses": 11156700000, "operatingIncome": 33916600000, "totalOtherIncomeExpenseNet": 900000, "ebit": 0, "interestExpense": {}, "incomeBeforeTax": 33917500000, "incomeTaxExpense": 9573800000, "minorityInterest": 21900000, "netIncomeFromContinuingOps": 24343700000, "discontinuedOperations": {}, "extraordinaryItems": {}, "effectOfAccountingCharges": {}, "otherItems": {}, "netIncome": 24339500000, "netIncomeApplicableToCommonShares": 24339500000}, {"maxAge": 1, "endDate": "2018-03-31", "totalRevenue": 37326200000, "costOfRevenue": 405600000, "grossProfit": 36920600000, "researchDevelopment": {}, "sellingGeneralAdministrative": 3068700000, "nonRecurring": {}, "otherOperatingExpenses": 5696900000, "totalOperatingExpenses": 9506200000, "operatingIncome": 27820000000, "totalOtherIncomeExpenseNet": -300000, "ebit": 0, "interestExpense": {}, "incomeBeforeTax": 27819700000, "incomeTaxExpense": 7738200000, "minorityInterest": 18800000, "netIncomeFromContinuingOps": 20081500000, "discontinuedOperations": {}, "extraordinaryItems": {}, "effectOfAccountingCharges": {}, "otherItems": {}, "netIncome": 20079300000, "netIncomeApplicableToCommonShares": 20079300000}, {"maxAge": 1, "endDate": "2017-03-31", "totalRevenue": 36394357000, "costOfRevenue": 2740410000, "grossProfit": 33653947000, "researchDevelopment": {}, "sellingGeneralAdministrative": 3312620000, "nonRecurring": {}, "otherOperatingExpenses": 93126000, "totalOperatingExpenses": 6747322000, "operatingIncome": 29647035000, "totalOtherIncomeExpenseNet": 89298000, "ebit": 0, "interestExpense": {}, "incomeBeforeTax": 29736333000, "incomeTaxExpense": 10313547000, "minorityInterest": 16351000, "netIncomeFromContinuingOps": 19422786000, "discontinuedOperations": {}, "extraordinaryItems": {}, "effectOfAccountingCharges": {}, "otherItems": {}, "netIncome": 19422731000, "netIncomeApplicableToCommonShares": 19422731000}], "maxAge": 86400}, "fundOwnership": {"ownershipList": [], "maxAge": 1}, "summaryDetail": {"maxAge": 1, "priceHint": 2, "previousClose": 411.4, "open": 409.0, "dayLow": 404.3, "dayHigh": 417.5, "regularMarketPreviousClose": 411.4, "regularMarketOpen": 409.0, "regularMarketDayLow": 404.3, "regularMarketDayHigh": 417.5, "trailingPE": 7.820088, "volume": 74860, "regularMarketVolume": 74860, "averageVolume": 326675, "averageVolume10days": 443297, "averageDailyVolume10Day": 443297, "bid": 404.3, "ask": 0.0, "bidSize": 0, "askSize": 0, "marketCap": 204933038080, "fiftyTwoWeekLow": 186.0, "fiftyTwoWeekHigh": 463.7, "fiftyDayAverage": 397.48788, "twoHundredDayAverage": 320.97464, "trailingAnnualDividendRate": 8.0, "trailingAnnualDividendYield": 0.019445796, "currency": "INR", "fromCurrency": null, "lastMarket": null, "algorithm": null, "tradeable": false}, "incomeStatementHistoryQuarterly": {"incomeStatementHistory": [{"maxAge": 1, "endDate": "2020-06-30", "totalRevenue": 12221000000, "costOfRevenue": 112500000, "grossProfit": 12108500000, "researchDevelopment": {}, "sellingGeneralAdministrative": 850000000, "nonRecurring": {}, "otherOperatingExpenses": 910100000, "totalOperatingExpenses": 2003300000, "operatingIncome": 10217700000, "totalOtherIncomeExpenseNet": 0, "ebit": 0, "interestExpense": {}, "incomeBeforeTax": 10217700000, "incomeTaxExpense": 1976900000, "minorityInterest": {}, "netIncomeFromContinuingOps": 8240800000, "discontinuedOperations": {}, "extraordinaryItems": {}, "effectOfAccountingCharges": {}, "otherItems": {}, "netIncome": 8240000000, "netIncomeApplicableToCommonShares": 8240000000}, {"maxAge": 1, "endDate": "2020-03-31", "totalRevenue": 11731200000, "costOfRevenue": 264400000, "grossProfit": 11466800000, "researchDevelopment": {}, "sellingGeneralAdministrative": 1392800000, "nonRecurring": {}, "otherOperatingExpenses": 904000000, "totalOperatingExpenses": 3062900000, "operatingIncome": 8668300000, "totalOtherIncomeExpenseNet": -338900000, "ebit": 0, "interestExpense": {}, "incomeBeforeTax": 8329400000, "incomeTaxExpense": 4086200000, "minorityInterest": 24400000, "netIncomeFromContinuingOps": 4243200000, "discontinuedOperations": {}, "extraordinaryItems": {}, "effectOfAccountingCharges": {}, "otherItems": {}, "netIncome": 4242600000, "netIncomeApplicableToCommonShares": 4242600000}, {"maxAge": 1, "endDate": "2019-12-31", "totalRevenue": 12923200000, "costOfRevenue": 158900000, "grossProfit": 12764300000, "researchDevelopment": {}, "sellingGeneralAdministrative": 811400000, "nonRecurring": {}, "otherOperatingExpenses": 4308900000, "totalOperatingExpenses": 5409600000, "operatingIncome": 7513600000, "totalOtherIncomeExpenseNet": 0, "ebit": 0, "interestExpense": {}, "incomeBeforeTax": 7513600000, "incomeTaxExpense": 1491100000, "minorityInterest": 24400000, "netIncomeFromContinuingOps": 6022500000, "discontinuedOperations": {}, "extraordinaryItems": {}, "effectOfAccountingCharges": {}, "otherItems": {}, "netIncome": 6021000000, "netIncomeApplicableToCommonShares": 6021000000}, {"maxAge": 1, "endDate": "2019-09-30", "totalRevenue": 12790300000, "costOfRevenue": 192600000, "grossProfit": 12597700000, "researchDevelopment": {}, "sellingGeneralAdministrative": 839800000, "nonRecurring": {}, "otherOperatingExpenses": 3100400000, "totalOperatingExpenses": 4257500000, "operatingIncome": 8532800000, "totalOtherIncomeExpenseNet": 0, "ebit": 0, "interestExpense": {}, "incomeBeforeTax": 8532800000, "incomeTaxExpense": 853300000, "minorityInterest": 22200000, "netIncomeFromContinuingOps": 7679500000, "discontinuedOperations": {}, "extraordinaryItems": {}, "effectOfAccountingCharges": {}, "otherItems": {}, "netIncome": 7680500000, "netIncomeApplicableToCommonShares": 7680500000}], "maxAge": 86400}, "cashflowStatementHistoryQuarterly": {"cashflowStatements": [{"maxAge": 1, "endDate": "2020-06-30", "netIncome": 8240000000, "changeToLiabilities": 0}, {"maxAge": 1, "endDate": "2020-03-31", "netIncome": 4242600000, "changeToLiabilities": 0}, {"maxAge": 1, "endDate": "2019-12-31", "netIncome": 6021000000, "changeToLiabilities": 0}, {"maxAge": 1, "endDate": "2019-09-30", "netIncome": 7680500000, "changeToLiabilities": 0}], "maxAge": 86400}, "insiderHolders": {"holders": [{"maxAge": 1, "name": "Copthall Mauritius Investments Ltd", "relation": "Investment Advisor", "url": "", "transactionDescription": "Sale", "latestTransDate": "2012-09-17", "positionDirect": 19599922, "positionDirectDate": "2012-09-17"}, {"maxAge": 1, "name": "Life Insurance Corporation of India", "relation": "Promoter", "url": "", "transactionDescription": "Acquisition", "latestTransDate": "2012-04-04", "positionDirect": 203442495, "positionDirectDate": "2012-04-04"}], "maxAge": 1}, "calendarEvents": {"maxAge": 1, "earnings": {"earningsDate": []}}, "upgradeDowngradeHistory": {"history": [], "maxAge": 86400}, "price": {"maxAge": 1, "regularMarketChangePercent": -0.013612071, "regularMarketChange": -5.600006, "regularMarketTime": "2021-04-30 15:40:31", "priceHint": 2, "regularMarketPrice": 405.8, "regularMarketDayHigh": 417.5, "regularMarketDayLow": 404.3, "regularMarketVolume": 74860, "averageDailyVolume10Day": 443297, "averageDailyVolume3Month": 326675, "regularMarketPreviousClose": 411.4, "regularMarketSource": "FREE_REALTIME", "regularMarketOpen": 409.0, "exchange": "BSE", "exchangeName": "BSE", "exchangeDataDelayedBy": 0, "marketState": "CLOSED", "quoteType": "EQUITY", "symbol": "LICHSGFIN.BO", "underlyingSymbol": null, "shortName": "LIC HOUSING FINANCE LTD.", "longName": "LIC Housing Finance Limited", "currency": "INR", "quoteSourceName": "Delayed Quote", "currencySymbol": "\u20b9", "fromCurrency": null, "lastMarket": null, "marketCap": 204933038080}, "balanceSheetHistory": {"balanceSheetStatements": [{"maxAge": 1, "endDate": "2020-03-31", "cash": 13693000000, "netReceivables": 2080818300000, "otherCurrentAssets": 10669600000, "totalCurrentAssets": 2142157000000, "longTermInvestments": 18676000000, "propertyPlantEquipment": 2951300000, "goodWill": 2100000, "intangibleAssets": 20100000, "otherAssets": 5390900000, "deferredLongTermAssetCharges": 5262800000, "totalAssets": 2169197400000, "accountsPayable": 126956100000, "shortLongTermDebt": 429919100000, "otherCurrentLiab": 78500000, "longTermDebt": 1195907800000, "otherLiab": 7900800000, "minorityInterest": 24400000, "totalCurrentLiabilities": 781727000000, "totalLiab": 1986524300000, "commonStock": 1009300000, "retainedEarnings": 164144300000, "treasuryStock": 284200000, "capitalSurplus": 17210900000, "otherStockholderEquity": 284200000, "totalStockholderEquity": 182648700000, "netTangibleAssets": 182626500000}, {"maxAge": 1, "endDate": "2019-03-31", "cash": 28028500000, "netReceivables": 1930555200000, "otherCurrentAssets": 4611100000, "totalCurrentAssets": 1986632200000, "longTermInvestments": 13005800000, "propertyPlantEquipment": 1671500000, "goodWill": 2100000, "intangibleAssets": 29100000, "otherAssets": 5733500000, "deferredLongTermAssetCharges": 5617100000, "totalAssets": 2007074200000, "accountsPayable": 78186200000, "shortLongTermDebt": 393152600000, "otherCurrentLiab": 79700000, "longTermDebt": 1148903200000, "otherLiab": 3706400000, "minorityInterest": 21900000, "totalCurrentLiabilities": 691134500000, "totalLiab": 1843744100000, "commonStock": 1009300000, "retainedEarnings": 144803800000, "treasuryStock": 284200000, "capitalSurplus": 17210900000, "otherStockholderEquity": 284200000, "totalStockholderEquity": 163308200000, "netTangibleAssets": 163277000000}, {"maxAge": 1, "endDate": "2018-03-31", "cash": 19153500000, "netReceivables": 1661742100000, "otherCurrentAssets": 5008100000, "totalCurrentAssets": 1696857200000, "longTermInvestments": 9565200000, "propertyPlantEquipment": 1295700000, "goodWill": 2100000, "intangibleAssets": 24200000, "otherAssets": 4537200000, "deferredLongTermAssetCharges": 4496500000, "totalAssets": 1712281600000, "accountsPayable": 68227300000, "shortLongTermDebt": 290048400000, "otherCurrentLiab": 78200000, "longTermDebt": 1069334300000, "otherLiab": 3628100000, "minorityInterest": 18800000, "totalCurrentLiabilities": 496188600000, "totalLiab": 1569151000000, "commonStock": 1009300000, "retainedEarnings": 124798500000, "treasuryStock": 93100000, "capitalSurplus": 17210900000, "otherStockholderEquity": 93100000, "totalStockholderEquity": 143111800000, "netTangibleAssets": 143085500000}, {"maxAge": 1, "endDate": "2017-03-31", "cash": 45225354000, "netReceivables": 1455279244000, "otherCurrentAssets": 170604000, "totalCurrentAssets": 1500675202000, "longTermInvestments": 5373965000, "propertyPlantEquipment": 1035634000, "goodWill": 2052000, "intangibleAssets": 36646000, "otherAssets": 2846912000, "deferredLongTermAssetCharges": 172000, "totalAssets": 1509970411000, "accountsPayable": 514399000, "shortLongTermDebt": 150157270000, "otherCurrentLiab": 3269217000, "longTermDebt": 1037401291000, "otherLiab": 31034137000, "minorityInterest": 16351000, "totalCurrentLiabilities": 329960169000, "totalLiab": 1398395597000, "commonStock": 1009326000, "retainedEarnings": 93332852000, "treasuryStock": 5430000, "capitalSurplus": 17210855000, "otherStockholderEquity": 5430000, "totalStockholderEquity": 111558463000, "netTangibleAssets": 111519765000}], "maxAge": 86400}, "financialData": {"maxAge": 86400, "currentPrice": 405.8, "recommendationKey": "none", "grossProfits": 48965000000, "financialCurrency": "INR"}}}