{"LINDEINDIA.BO": {"recommendationTrend": {"trend": [{"period": "0m", "strongBuy": 0, "buy": 0, "hold": 0, "sell": 0, "strongSell": 0}, {"period": "-1m", "strongBuy": 0, "buy": 0, "hold": 0, "sell": 0, "strongSell": 0}, {"period": "-2m", "strongBuy": 0, "buy": 0, "hold": 0, "sell": 0, "strongSell": 0}, {"period": "-3m", "strongBuy": 0, "buy": 0, "hold": 0, "sell": 0, "strongSell": 0}], "maxAge": 86400}, "cashflowStatementHistory": {"cashflowStatements": [{"maxAge": 1, "endDate": "2019-12-31", "netIncome": 7271790000, "depreciation": 1767410000, "changeToNetincome": -4961410000, "changeToAccountReceivables": -491060000, "changeToLiabilities": 0, "changeToInventory": -31120000, "changeToOperatingActivities": -293250000, "totalCashFromOperatingActivities": 3267490000, "capitalExpenditures": -833200000, "investments": 120000, "otherCashflowsFromInvestingActivities": -3484130000, "totalCashflowsFromInvestingActivities": 9812910000, "dividendsPaid": -127930000, "netBorrowings": -10789700000, "otherCashflowsFromFinancingActivities": -1008120000, "totalCashFromFinancingActivities": -11925750000, "changeInCash": 1154650000}, {"maxAge": 1, "endDate": "2018-12-31", "netIncome": 256920000, "depreciation": 1986220000, "changeToNetincome": 995160000, "changeToAccountReceivables": -63770000, "changeToLiabilities": 0, "changeToInventory": -26300000, "changeToOperatingActivities": 602240000, "totalCashFromOperatingActivities": 3755630000, "capitalExpenditures": -941240000, "investments": 3530000, "otherCashflowsFromInvestingActivities": 163140000, "totalCashflowsFromInvestingActivities": -727980000, "dividendsPaid": -85280000, "netBorrowings": -1014290000, "otherCashflowsFromFinancingActivities": -1056810000, "totalCashFromFinancingActivities": -2156380000, "changeInCash": 871270000}, {"maxAge": 1, "endDate": "2017-12-31", "netIncome": 161890000, "depreciation": 2013520000, "changeToNetincome": 1115900000, "changeToAccountReceivables": 41340000, "changeToLiabilities": 0, "changeToInventory": 3560000, "changeToOperatingActivities": -821080000, "totalCashFromOperatingActivities": 2520860000, "capitalExpenditures": -798320000, "investments": -7910000, "otherCashflowsFromInvestingActivities": 93110000, "totalCashflowsFromInvestingActivities": -592900000, "dividendsPaid": -63960000, "netBorrowings": -1360740000, "otherCashflowsFromFinancingActivities": -1185750000, "totalCashFromFinancingActivities": -2610450000, "changeInCash": -682500000}, {"maxAge": 1, "endDate": "2016-12-31", "netIncome": 190120000, "depreciation": 1929460000, "changeToNetincome": 816240000, "changeToAccountReceivables": -174130000, "changeToLiabilities": 0, "changeToInventory": -33830000, "changeToOperatingActivities": 191690000, "totalCashFromOperatingActivities": 2926130000, "capitalExpenditures": -1482450000, "investments": -7910000, "otherCashflowsFromInvestingActivities": 43200000, "totalCashflowsFromInvestingActivities": -1277930000, "dividendsPaid": -63960000, "netBorrowings": 500000000, "otherCashflowsFromFinancingActivities": -1232830000, "totalCashFromFinancingActivities": -796790000, "changeInCash": 851410000}], "maxAge": 86400}, "institutionOwnership": {"maxAge": 1, "ownershipList": []}, "balanceSheetHistoryQuarterly": {"balanceSheetStatements": [{"maxAge": 1, "endDate": "2020-06-30", "cash": 2013180000, "netReceivables": 4255710000, "inventory": 699600000, "otherCurrentAssets": 2252610000, "totalCurrentAssets": 9221100000, "longTermInvestments": 62400000, "propertyPlantEquipment": 20461550000, "intangibleAssets": 5610000, "otherAssets": 1949510000, "totalAssets": 31700170000, "accountsPayable": 4088250000, "shortLongTermDebt": 620440000, "otherCurrentLiab": 1589450000, "otherLiab": 2963820000, "totalCurrentLiabilities": 6384530000, "totalLiab": 9410150000, "commonStock": 852840000, "treasuryStock": 21437180000, "otherStockholderEquity": 21437180000, "totalStockholderEquity": 22290020000, "netTangibleAssets": 22284410000}, {"maxAge": 1, "endDate": "2020-03-31", "totalStockholderEquity": 21719090000, "netTangibleAssets": 21715740000}, {"maxAge": 1, "endDate": "2019-12-31", "cash": 2400410000, "shortTermInvestments": 131920000, "netReceivables": 5426490000, "inventory": 686480000, "otherCurrentAssets": 825180000, "totalCurrentAssets": 9565800000, "longTermInvestments": 290000, "propertyPlantEquipment": 20877430000, "intangibleAssets": 3350000, "otherAssets": 2051980000, "totalAssets": 32498850000, "accountsPayable": 3549830000, "shortLongTermDebt": 1000000000, "otherCurrentLiab": 2956510000, "otherLiab": 2935090000, "totalCurrentLiabilities": 7844670000, "totalLiab": 10779760000, "commonStock": 852840000, "retainedEarnings": 13893540000, "treasuryStock": 190000, "capitalSurplus": 6972520000, "otherStockholderEquity": 190000, "totalStockholderEquity": 21719090000, "netTangibleAssets": 21715740000}, {"maxAge": 1, "endDate": "2019-09-30", "cash": 2400410000, "shortTermInvestments": 131920000, "netReceivables": 5426490000, "inventory": 686480000, "otherCurrentAssets": 825180000, "totalCurrentAssets": 9565800000, "longTermInvestments": 290000, "propertyPlantEquipment": 20877430000, "intangibleAssets": 3350000, "otherAssets": 2051980000, "totalAssets": 32498850000, "accountsPayable": 3549830000, "shortLongTermDebt": 1000000000, "otherCurrentLiab": 2956510000, "otherLiab": 2935090000, "totalCurrentLiabilities": 7844670000, "totalLiab": 10779760000, "commonStock": 852840000, "retainedEarnings": 13893540000, "treasuryStock": 190000, "capitalSurplus": 6972520000, "otherStockholderEquity": 190000, "totalStockholderEquity": 21719090000, "netTangibleAssets": 21715740000}], "maxAge": 86400}, "earningsHistory": {"history": [{"maxAge": 1, "epsActual": {}, "epsEstimate": {}, "epsDifference": {}, "surprisePercent": {}, "quarter": {}, "period": "-4q"}, {"maxAge": 1, "epsActual": {}, "epsEstimate": {}, "epsDifference": {}, "surprisePercent": {}, "quarter": {}, "period": "-3q"}, {"maxAge": 1, "epsActual": {}, "epsEstimate": {}, "epsDifference": {}, "surprisePercent": {}, "quarter": {}, "period": "-2q"}, {"maxAge": 1, "epsActual": {}, "epsEstimate": {}, "epsDifference": {}, "surprisePercent": {}, "quarter": {}, "period": "-1q"}], "maxAge": 86400}, "indexTrend": {"maxAge": 1, "symbol": "SP5", "peRatio": 19.7411, "pegRatio": 1.34172, "estimates": [{"period": "0q", "growth": 0.549}, {"period": "+1q", "growth": 0.431}, {"period": "0y", "growth": 0.305}, {"period": "+1y", "growth": 0.109}, {"period": "+5y", "growth": 0.120865}, {"period": "-5y"}]}, "industryTrend": {"maxAge": 1, "symbol": null, "estimates": []}, "insiderTransactions": {"transactions": [{"maxAge": 1, "shares": 25276, "filerUrl": "", "transactionText": "", "filerName": "BOC Group plc UK a part of the Linde Group", "filerRelation": "Promoter", "moneyText": "", "startDate": "2020-04-27", "ownership": "D"}, {"maxAge": 1, "shares": 25276, "filerUrl": "", "transactionText": "", "filerName": "BOC Group plc UK a part of the Linde Group", "filerRelation": "Promoter", "moneyText": "", "startDate": "2019-09-30", "ownership": "D"}], "maxAge": 1}, "quoteType": {"exchange": "BSE", "quoteType": "EQUITY", "symbol": "LINDEINDIA.BO", "underlyingSymbol": "LINDEINDIA.BO", "shortName": "LINDE INDIA LIMITED", "longName": "Linde India Limited", "firstTradeDateEpochUtc": "1992-01-23 09:15:00", "timeZoneFullName": "Asia/Kolkata", "timeZoneShortName": "IST", "uuid": "40acfec3-b677-3638-9c8f-0c058e6a0db6", "messageBoardId": null, "gmtOffSetMilliseconds": 19800000, "maxAge": 1}, "incomeStatementHistory": {"incomeStatementHistory": [{"maxAge": 1, "endDate": "2019-12-31", "totalRevenue": 17617860000, "costOfRevenue": 8104430000, "grossProfit": 9513430000, "researchDevelopment": {}, "sellingGeneralAdministrative": 1190730000, "nonRecurring": {}, "otherOperatingExpenses": 4114470000, "totalOperatingExpenses": 15182170000, "operatingIncome": 2435690000, "totalOtherIncomeExpenseNet": 7693360000, "ebit": 2435690000, "interestExpense": -862500000, "incomeBeforeTax": 10129050000, "incomeTaxExpense": 2857260000, "minorityInterest": {}, "netIncomeFromContinuingOps": 7271790000, "discontinuedOperations": {}, "extraordinaryItems": {}, "effectOfAccountingCharges": {}, "otherItems": {}, "netIncome": 7271790000, "netIncomeApplicableToCommonShares": 7271790000}, {"maxAge": 1, "endDate": "2018-12-31", "totalRevenue": 21916540000, "costOfRevenue": 13213060000, "grossProfit": 8703480000, "researchDevelopment": {}, "sellingGeneralAdministrative": 1346180000, "nonRecurring": {}, "otherOperatingExpenses": 4005000000, "totalOperatingExpenses": 20555620000, "operatingIncome": 1360920000, "totalOtherIncomeExpenseNet": -967160000, "ebit": 1360920000, "interestExpense": -1027010000, "incomeBeforeTax": 393760000, "incomeTaxExpense": 136840000, "minorityInterest": {}, "netIncomeFromContinuingOps": 256920000, "discontinuedOperations": {}, "extraordinaryItems": {}, "effectOfAccountingCharges": {}, "otherItems": {}, "netIncome": 256920000, "netIncomeApplicableToCommonShares": 256920000}, {"maxAge": 1, "endDate": "2017-12-31", "totalRevenue": 20384200000, "costOfRevenue": 12331800000, "grossProfit": 8052400000, "researchDevelopment": {}, "sellingGeneralAdministrative": 1229090000, "nonRecurring": {}, "otherOperatingExpenses": 3452890000, "totalOperatingExpenses": 19033030000, "operatingIncome": 1351170000, "totalOtherIncomeExpenseNet": -1217100000, "ebit": 1351170000, "interestExpense": -1164690000, "incomeBeforeTax": 134070000, "incomeTaxExpense": -27820000, "minorityInterest": {}, "netIncomeFromContinuingOps": 161890000, "discontinuedOperations": {}, "extraordinaryItems": {}, "effectOfAccountingCharges": {}, "otherItems": {}, "netIncome": 161890000, "netIncomeApplicableToCommonShares": 161890000}, {"maxAge": 1, "endDate": "2016-12-31", "totalRevenue": 18301200000, "costOfRevenue": 10965520000, "grossProfit": 7335680000, "researchDevelopment": {}, "sellingGeneralAdministrative": 1032760000, "nonRecurring": {}, "otherOperatingExpenses": 3255980000, "totalOperatingExpenses": 17269480000, "operatingIncome": 1031720000, "totalOtherIncomeExpenseNet": -873580000, "ebit": 1031720000, "interestExpense": -1155740000, "incomeBeforeTax": 158140000, "incomeTaxExpense": -31980000, "minorityInterest": {}, "netIncomeFromContinuingOps": 190120000, "discontinuedOperations": {}, "extraordinaryItems": {}, "effectOfAccountingCharges": {}, "otherItems": {}, "netIncome": 190120000, "netIncomeApplicableToCommonShares": 190120000}], "maxAge": 86400}, "fundOwnership": {"maxAge": 1, "ownershipList": [{"maxAge": 1, "reportDate": "2020-07-31", "organization": "DFA Emerging Markets Small Cap Series", "pctHeld": 0.0011999999, "position": 103584, "value": 65439192}, {"maxAge": 1, "reportDate": "2020-07-31", "organization": "DFA Investment Dimensions-DFA Emerging Mkts Value", "pctHeld": 0.00059999997, "position": 55381, "value": 34986946}, {"maxAge": 1, "reportDate": "2020-07-31", "organization": "DFA Emerging Markets Core Equity Portfolio", "pctHeld": 0.00059999997, "position": 52952, "value": 33452426}, {"maxAge": 1, "reportDate": "2020-08-31", "organization": "iShares MSCI India Small Cap ETF", "pctHeld": 0.0005, "position": 44800, "value": 32600960}, {"maxAge": 1, "reportDate": "2020-08-31", "organization": "SPDR Portfolio Emerging Markets ETF", "pctHeld": 0.00029999999, "position": 22797, "value": 16589376}, {"maxAge": 1, "reportDate": "2020-07-31", "organization": "DFA Investment Dimensions-Emerging Markets Social Core Equity", "pctHeld": 0.0001, "position": 11710, "value": 7397792}, {"maxAge": 1, "reportDate": "2020-08-31", "organization": "SPDR (R) Idx Shares-SPDR (R) Emerging Markets Small Cap ETF", "pctHeld": 0.0001, "position": 6935, "value": 5046599}, {"maxAge": 1, "reportDate": "2020-07-31", "organization": "DFA T.A. World Ex U.S. Core Equity Portfolio", "pctHeld": 0.0001, "position": 5728, "value": 3618664}, {"maxAge": 1, "reportDate": "2020-07-31", "organization": "John Hancock Var Ins Tr-Emerging Markets Value Tr", "pctHeld": 0.0001, "position": 5094, "value": 3218134}]}, "summaryDetail": {"maxAge": 1, "priceHint": 2, "previousClose": 1848.2, "open": 1825.0, "dayLow": 1822.0, "dayHigh": 1858.0, "regularMarketPreviousClose": 1848.2, "regularMarketOpen": 1825.0, "regularMarketDayLow": 1822.0, "regularMarketDayHigh": 1858.0, "trailingPE": 21.404041, "volume": 11063, "regularMarketVolume": 11063, "averageVolume": 6894, "averageVolume10days": 18378, "averageDailyVolume10Day": 18378, "bid": 0.0, "ask": 1832.4, "bidSize": 0, "askSize": 0, "marketCap": 156274769920, "fiftyTwoWeekLow": 378.0, "fiftyTwoWeekHigh": 1858.0, "fiftyDayAverage": 980.35443, "twoHundredDayAverage": 847.9125, "trailingAnnualDividendRate": 1.5, "trailingAnnualDividendYield": 0.0008116005, "currency": "INR", "fromCurrency": null, "toCurrency": null, "lastMarket": null, "algorithm": null, "tradeable": false}, "sectorTrend": {"maxAge": 1, "symbol": null, "estimates": []}, "incomeStatementHistoryQuarterly": {"incomeStatementHistory": [{"maxAge": 1, "endDate": "2020-06-30", "totalRevenue": 2510440000, "costOfRevenue": 1234520000, "grossProfit": 1275920000, "researchDevelopment": {}, "sellingGeneralAdministrative": 375940000, "nonRecurring": {}, "otherOperatingExpenses": 160000000, "totalOperatingExpenses": 2187840000, "operatingIncome": 322600000, "totalOtherIncomeExpenseNet": -16080000, "ebit": 322600000, "interestExpense": -19180000, "incomeBeforeTax": 306520000, "incomeTaxExpense": 108470000, "minorityInterest": {}, "netIncomeFromContinuingOps": 198050000, "discontinuedOperations": {}, "extraordinaryItems": {}, "effectOfAccountingCharges": {}, "otherItems": {}, "netIncome": 198050000, "netIncomeApplicableToCommonShares": 198050000}, {"maxAge": 1, "endDate": "2020-03-31", "totalRevenue": 3937940000, "costOfRevenue": 1853570000, "grossProfit": 2084370000, "researchDevelopment": {}, "sellingGeneralAdministrative": 539200000, "nonRecurring": {}, "otherOperatingExpenses": 510510000, "totalOperatingExpenses": 3342150000, "operatingIncome": 595790000, "totalOtherIncomeExpenseNet": -29940000, "ebit": 595790000, "interestExpense": -29940000, "incomeBeforeTax": 565850000, "incomeTaxExpense": 175540000, "minorityInterest": {}, "netIncomeFromContinuingOps": 390310000, "discontinuedOperations": {}, "extraordinaryItems": {}, "effectOfAccountingCharges": {}, "otherItems": {}, "netIncome": 390310000, "netIncomeApplicableToCommonShares": 390310000}, {"maxAge": 1, "endDate": "2019-12-31", "totalRevenue": 4075570000, "costOfRevenue": 1698150000, "grossProfit": 2377420000, "researchDevelopment": {}, "sellingGeneralAdministrative": -153405000, "nonRecurring": {}, "otherOperatingExpenses": 1500055000, "totalOperatingExpenses": 3505805000, "operatingIncome": 569765000, "totalOtherIncomeExpenseNet": 4079250000, "ebit": 569765000, "interestExpense": -198680000, "incomeBeforeTax": 4649015000, "incomeTaxExpense": 1291800000, "minorityInterest": {}, "netIncomeFromContinuingOps": 3357215000, "discontinuedOperations": {}, "extraordinaryItems": {}, "effectOfAccountingCharges": {}, "otherItems": {}, "netIncome": 3357215000, "netIncomeApplicableToCommonShares": 3357215000}, {"maxAge": 1, "endDate": "2019-09-30", "totalRevenue": 4075570000, "costOfRevenue": 1698150000, "grossProfit": 2377420000, "researchDevelopment": {}, "sellingGeneralAdministrative": -153405000, "nonRecurring": {}, "otherOperatingExpenses": 1500055000, "totalOperatingExpenses": 3505805000, "operatingIncome": 569765000, "totalOtherIncomeExpenseNet": 4079250000, "ebit": 569765000, "interestExpense": -198680000, "incomeBeforeTax": 4649015000, "incomeTaxExpense": 1291800000, "minorityInterest": {}, "netIncomeFromContinuingOps": 3357215000, "discontinuedOperations": {}, "extraordinaryItems": {}, "effectOfAccountingCharges": {}, "otherItems": {}, "netIncome": 3357215000, "netIncomeApplicableToCommonShares": 3357215000}], "maxAge": 86400}, "cashflowStatementHistoryQuarterly": {"cashflowStatements": [{"maxAge": 1, "endDate": "2020-06-30", "netIncome": 198050000, "changeToLiabilities": 0}, {"maxAge": 1, "endDate": "2020-03-31", "netIncome": 390310000, "changeToLiabilities": 0}, {"maxAge": 1, "endDate": "2019-12-31", "netIncome": 3357215000, "depreciation": 458440000, "changeToNetincome": -2755830000, "changeToAccountReceivables": 116630000, "changeToLiabilities": 0, "changeToInventory": -8655000, "changeToOperatingActivities": -158320000, "totalCashFromOperatingActivities": 1012045000, "capitalExpenditures": -111275000, "investments": 340000, "otherCashflowsFromInvestingActivities": -1761545000, "totalCashflowsFromInvestingActivities": 5036330000, "netBorrowings": -5077060000, "otherCashflowsFromFinancingActivities": -255085000, "totalCashFromFinancingActivities": -5332145000, "changeInCash": 716230000}, {"maxAge": 1, "endDate": "2019-09-30", "netIncome": 3357215000, "depreciation": 458440000, "changeToNetincome": -2755830000, "changeToAccountReceivables": 116630000, "changeToLiabilities": 0, "changeToInventory": -8655000, "changeToOperatingActivities": -158320000, "totalCashFromOperatingActivities": 1012045000, "capitalExpenditures": -111275000, "investments": 340000, "otherCashflowsFromInvestingActivities": -1761545000, "totalCashflowsFromInvestingActivities": 5036330000, "netBorrowings": -5077060000, "otherCashflowsFromFinancingActivities": -255085000, "totalCashFromFinancingActivities": -5332145000, "changeInCash": 716230000}], "maxAge": 86400}, "insiderHolders": {"holders": [{"maxAge": 1, "name": "BOC Group plc UK a part of the Linde Group", "relation": "Promoter", "url": "", "transactionDescription": "Sale", "latestTransDate": "2020-04-27", "positionDirect": 63963167, "positionDirectDate": "2020-04-27"}], "maxAge": 1}, "earnings": {"maxAge": 86400, "earningsChart": {"quarterly": [], "earningsDate": []}, "financialsChart": {"yearly": [{"date": 2016, "revenue": 18301200000, "earnings": 190120000}, {"date": 2017, "revenue": 20384200000, "earnings": 161890000}, {"date": 2018, "revenue": 21916540000, "earnings": 256920000}, {"date": 2019, "revenue": 17617860000, "earnings": 7271790000}], "quarterly": [{"date": "3Q2019", "revenue": 4075570000, "earnings": 3357215000}, {"date": "4Q2019", "revenue": 4075570000, "earnings": 3357215000}, {"date": "1Q2020", "revenue": 3937940000, "earnings": 390310000}, {"date": "2Q2020", "revenue": 2510440000, "earnings": 198050000}]}, "financialCurrency": "INR"}, "calendarEvents": {"maxAge": 1, "earnings": {"earningsDate": [], "revenueLow": 5286100000, "revenueHigh": 5286100000}}, "price": {"maxAge": 1, "regularMarketChangePercent": -0.0085488185, "regularMarketChange": -15.799927, "regularMarketTime": "2021-04-30 15:59:38", "priceHint": 2, "regularMarketPrice": 1832.4, "regularMarketDayHigh": 1858.0, "regularMarketDayLow": 1822.0, "regularMarketVolume": 11063, "averageDailyVolume10Day": 18378, "averageDailyVolume3Month": 6894, "regularMarketPreviousClose": 1848.2, "regularMarketSource": "FREE_REALTIME", "regularMarketOpen": 1825.0, "exchange": "BSE", "exchangeName": "BSE", "exchangeDataDelayedBy": 0, "marketState": "CLOSED", "quoteType": "EQUITY", "symbol": "LINDEINDIA.BO", "underlyingSymbol": null, "shortName": "LINDE INDIA LIMITED", "longName": "Linde India Limited", "currency": "INR", "quoteSourceName": "Delayed Quote", "currencySymbol": "\u20b9", "fromCurrency": null, "toCurrency": null, "lastMarket": null, "marketCap": 156274769920}, "balanceSheetHistory": {"balanceSheetStatements": [{"maxAge": 1, "endDate": "2019-12-31", "cash": 2400410000, "shortTermInvestments": 131920000, "netReceivables": 5426490000, "inventory": 686480000, "otherCurrentAssets": 825180000, "totalCurrentAssets": 9565800000, "longTermInvestments": 290000, "propertyPlantEquipment": 20877430000, "intangibleAssets": 3350000, "otherAssets": 2051980000, "totalAssets": 32498850000, "accountsPayable": 3549830000, "shortLongTermDebt": 1000000000, "otherCurrentLiab": 2956510000, "otherLiab": 2935090000, "totalCurrentLiabilities": 7844670000, "totalLiab": 10779760000, "commonStock": 852840000, "retainedEarnings": 13893540000, "treasuryStock": 190000, "capitalSurplus": 6972520000, "otherStockholderEquity": 190000, "totalStockholderEquity": 21719090000, "netTangibleAssets": 21715740000}, {"maxAge": 1, "endDate": "2018-12-31", "cash": 1245760000, "shortTermInvestments": 165350000, "netReceivables": 4831040000, "inventory": 797330000, "otherCurrentAssets": 3299530000, "totalCurrentAssets": 10403280000, "longTermInvestments": 310000, "propertyPlantEquipment": 22052740000, "intangibleAssets": 7360000, "otherAssets": 1735610000, "totalAssets": 34199300000, "accountsPayable": 2948800000, "shortLongTermDebt": 5329160000, "otherCurrentLiab": 2422750000, "longTermDebt": 4167760000, "otherLiab": 1777690000, "totalCurrentLiabilities": 13635090000, "totalLiab": 19580540000, "commonStock": 852840000, "retainedEarnings": 6792270000, "treasuryStock": 1130000, "capitalSurplus": 6972520000, "otherStockholderEquity": 1130000, "totalStockholderEquity": 14618760000, "netTangibleAssets": 14611400000}, {"maxAge": 1, "endDate": "2017-12-31", "cash": 374490000, "shortTermInvestments": 258750000, "netReceivables": 4893150000, "inventory": 851340000, "otherCurrentAssets": 330240000, "totalCurrentAssets": 6749760000, "longTermInvestments": 578910000, "propertyPlantEquipment": 25324520000, "intangibleAssets": 10140000, "otherAssets": 1457160000, "totalAssets": 34120490000, "accountsPayable": 2425360000, "shortLongTermDebt": 3555070000, "otherCurrentLiab": 2308010000, "longTermDebt": 7763570000, "otherLiab": 1654080000, "totalCurrentLiabilities": 10197030000, "totalLiab": 19614680000, "commonStock": 852840000, "retainedEarnings": 6696300000, "treasuryStock": -15850000, "capitalSurplus": 6972520000, "otherStockholderEquity": -15850000, "totalStockholderEquity": 14505810000, "netTangibleAssets": 14495670000}, {"maxAge": 1, "endDate": "2016-12-31", "cash": 1056990000, "shortTermInvestments": 185250000, "netReceivables": 4963430000, "inventory": 856470000, "otherCurrentAssets": 605190000, "totalCurrentAssets": 7694710000, "longTermInvestments": 606290000, "propertyPlantEquipment": 26467620000, "goodWill": 43300000, "intangibleAssets": 19400000, "otherAssets": 1250840000, "totalAssets": 36082160000, "accountsPayable": 2845670000, "shortLongTermDebt": 3556220000, "otherCurrentLiab": 2340130000, "longTermDebt": 9897320000, "otherLiab": 1640960000, "totalCurrentLiabilities": 10134340000, "totalLiab": 21672620000, "commonStock": 852840000, "retainedEarnings": 6619080000, "treasuryStock": -34900000, "capitalSurplus": 6972520000, "otherStockholderEquity": -34900000, "totalStockholderEquity": 14409540000, "netTangibleAssets": 14346840000}], "maxAge": 86400}, "earningsTrend": {"trend": [{"maxAge": 1, "period": "0q", "endDate": "2017-12-31", "growth": {}, "earningsEstimate": {"avg": 0.0, "low": 0.0, "high": 0.0, "yearAgoEps": {}, "numberOfAnalysts": 0, "growth": {}}, "revenueEstimate": {"avg": 0, "low": 5286100000, "high": 5286100000, "numberOfAnalysts": 1, "yearAgoRevenue": {}, "growth": {}}, "epsTrend": {"current": 0.0, "7daysAgo": 2.03, "30daysAgo": 2.03, "60daysAgo": 2.03, "90daysAgo": 2.03}, "epsRevisions": {"upLast7days": 0, "upLast30days": 0, "downLast30days": 0, "downLast90days": {}}}, {"maxAge": 1, "period": "+1q", "endDate": "2018-03-31", "growth": {}, "earningsEstimate": {"avg": 0.0, "low": 0.0, "high": 0.0, "yearAgoEps": {}, "numberOfAnalysts": 0, "growth": {}}, "revenueEstimate": {"avg": 0, "low": 0, "high": 0, "numberOfAnalysts": 0, "yearAgoRevenue": {}, "growth": {}}, "epsTrend": {"current": 0.0, "7daysAgo": 0.0, "30daysAgo": 0.0, "60daysAgo": 0.0, "90daysAgo": 0.0}, "epsRevisions": {"upLast7days": 0, "upLast30days": 0, "downLast30days": 0, "downLast90days": {}}}, {"maxAge": 1, "period": "0y", "endDate": "2017-12-31", "growth": {}, "earningsEstimate": {"avg": 0.0, "low": 0.0, "high": 0.0, "yearAgoEps": {}, "numberOfAnalysts": 0, "growth": {}}, "revenueEstimate": {"avg": 0, "low": 20942300000, "high": 20942300000, "numberOfAnalysts": 1, "yearAgoRevenue": {}, "growth": {}}, "epsTrend": {"current": 0.0, "7daysAgo": 1.91, "30daysAgo": 1.91, "60daysAgo": 1.91, "90daysAgo": 1.91}, "epsRevisions": {"upLast7days": 0, "upLast30days": 0, "downLast30days": 0, "downLast90days": {}}}, {"maxAge": 1, "period": "+1y", "endDate": "2018-12-31", "growth": {}, "earningsEstimate": {"avg": 0.0, "low": 0.0, "high": 0.0, "yearAgoEps": {}, "numberOfAnalysts": 0, "growth": {}}, "revenueEstimate": {"avg": 23036600000, "low": 23036600000, "high": 23036600000, "numberOfAnalysts": 1, "yearAgoRevenue": {}, "growth": {}}, "epsTrend": {"current": 0.0, "7daysAgo": 2.65, "30daysAgo": 2.65, "60daysAgo": 2.65, "90daysAgo": 2.65}, "epsRevisions": {"upLast7days": 0, "upLast30days": 0, "downLast30days": 0, "downLast90days": {}}}, {"maxAge": 1, "period": "+5y", "endDate": null, "growth": {}, "earningsEstimate": {"avg": {}, "low": {}, "high": {}, "yearAgoEps": {}, "numberOfAnalysts": {}, "growth": {}}, "revenueEstimate": {"avg": {}, "low": {}, "high": {}, "numberOfAnalysts": {}, "yearAgoRevenue": {}, "growth": {}}, "epsTrend": {"current": {}, "7daysAgo": {}, "30daysAgo": {}, "60daysAgo": {}, "90daysAgo": {}}, "epsRevisions": {"upLast7days": {}, "upLast30days": {}, "downLast30days": {}, "downLast90days": {}}}, {"maxAge": 1, "period": "-5y", "endDate": null, "growth": {}, "earningsEstimate": {"avg": {}, "low": {}, "high": {}, "yearAgoEps": {}, "numberOfAnalysts": {}, "growth": {}}, "revenueEstimate": {"avg": {}, "low": {}, "high": {}, "numberOfAnalysts": {}, "yearAgoRevenue": {}, "growth": {}}, "epsTrend": {"current": {}, "7daysAgo": {}, "30daysAgo": {}, "60daysAgo": {}, "90daysAgo": {}}, "epsRevisions": {"upLast7days": {}, "upLast30days": {}, "downLast30days": {}, "downLast90days": {}}}], "maxAge": 1}, "financialData": {"maxAge": 86400, "currentPrice": 1832.4, "recommendationKey": "none", "grossProfits": 9513430000, "financialCurrency": "INR"}}}