{"LINKPH.BO": {"cashflowStatementHistory": {"cashflowStatements": [{"maxAge": 1, "endDate": "2020-03-31", "netIncome": 9498651, "depreciation": 9278915, "changeToNetincome": 17162853, "changeToAccountReceivables": -19509390, "changeToLiabilities": -5567485, "changeToInventory": 12378983, "changeToOperatingActivities": 6302209, "totalCashFromOperatingActivities": 29544736, "capitalExpenditures": -17129877, "investments": -524572, "otherCashflowsFromInvestingActivities": 712923, "totalCashflowsFromInvestingActivities": -16616526, "netBorrowings": 9140003, "otherCashflowsFromFinancingActivities": -3611657, "totalCashFromFinancingActivities": 5528346, "changeInCash": 18456556}, {"maxAge": 1, "endDate": "2019-03-31", "netIncome": 6581380, "depreciation": 8948702, "changeToNetincome": 4435178, "changeToAccountReceivables": 1415365, "changeToLiabilities": -531032, "changeToInventory": -2353558, "changeToOperatingActivities": -4864173, "totalCashFromOperatingActivities": 13631862, "capitalExpenditures": -8794293, "investments": -888724, "otherCashflowsFromInvestingActivities": 4944, "totalCashflowsFromInvestingActivities": -9603073, "netBorrowings": -711959, "otherCashflowsFromFinancingActivities": -3855442, "totalCashFromFinancingActivities": -4567401, "changeInCash": -538612}, {"maxAge": 1, "endDate": "2018-03-31", "netIncome": 11348115, "depreciation": 8595288, "changeToNetincome": 5429361, "changeToAccountReceivables": -10088196, "changeToLiabilities": 6796091, "changeToInventory": 16340707, "changeToOperatingActivities": -541547, "totalCashFromOperatingActivities": 37879819, "capitalExpenditures": -11718492, "investments": 82220, "otherCashflowsFromInvestingActivities": 3445, "totalCashflowsFromInvestingActivities": -11507828, "netBorrowings": -20185623, "otherCashflowsFromFinancingActivities": -6155715, "totalCashFromFinancingActivities": -26341338, "changeInCash": 30653}, {"maxAge": 1, "endDate": "2017-03-31", "netIncome": 2265686, "depreciation": 8288996, "changeToNetincome": 14567376, "changeToAccountReceivables": 854955, "changeToLiabilities": 1912578, "changeToInventory": -6028231, "changeToOperatingActivities": 442188, "totalCashFromOperatingActivities": 22303548, "capitalExpenditures": -9333968, "investments": 1011337, "otherCashflowsFromInvestingActivities": 260971, "totalCashflowsFromInvestingActivities": -7326060, "netBorrowings": -6781415, "otherCashflowsFromFinancingActivities": -7990164, "totalCashFromFinancingActivities": -14771579, "changeInCash": 205909}], "maxAge": 86400}, "institutionOwnership": {"ownershipList": [], "maxAge": 1}, "balanceSheetHistoryQuarterly": {"balanceSheetStatements": [{"maxAge": 1, "endDate": "2020-06-30", "totalStockholderEquity": 114331000, "netTangibleAssets": 114331000}, {"maxAge": 1, "endDate": "2020-03-31", "cash": 18703706, "shortTermInvestments": 1821495, "netReceivables": 50529622, "inventory": 16312572, "otherCurrentAssets": 2841552, "totalCurrentAssets": 90834710, "longTermInvestments": 291578, "propertyPlantEquipment": 88053781, "otherAssets": 10492137, "totalAssets": 189672206, "accountsPayable": 30111486, "shortLongTermDebt": 3867731, "otherCurrentLiab": 50000, "longTermDebt": 31674770, "otherLiab": 9126404, "totalCurrentLiabilities": 34539894, "totalLiab": 75341068, "commonStock": 44405680, "retainedEarnings": 41212931, "capitalSurplus": 28712527, "totalStockholderEquity": 114331138, "netTangibleAssets": 114331138}, {"maxAge": 1, "endDate": "2019-12-31", "totalStockholderEquity": 106661000, "netTangibleAssets": 106661000}, {"maxAge": 1, "endDate": "2019-09-30", "cash": 1821000, "netReceivables": 41124000, "inventory": 16218000, "otherCurrentAssets": 11013000, "totalCurrentAssets": 70176000, "longTermInvestments": 303000, "propertyPlantEquipment": 96390000, "otherAssets": 17289000, "totalAssets": 184158000, "accountsPayable": 39395000, "otherCurrentLiab": 9974000, "longTermDebt": 15569000, "otherLiab": 10607000, "totalCurrentLiabilities": 51321000, "totalLiab": 77497000, "commonStock": 44406000, "treasuryStock": 62255000, "otherStockholderEquity": 62255000, "totalStockholderEquity": 106661000, "netTangibleAssets": 106661000}], "maxAge": 86400}, "indexTrend": {"maxAge": 1, "symbol": "SP5", "peRatio": 19.7411, "pegRatio": 1.34172, "estimates": [{"period": "0q", "growth": 0.549}, {"period": "+1q", "growth": 0.431}, {"period": "0y", "growth": 0.305}, {"period": "+1y", "growth": 0.109}, {"period": "+5y", "growth": 0.120859005}, {"period": "-5y"}]}, "insiderTransactions": {"transactions": [{"maxAge": 1, "shares": 598158, "filerUrl": "", "transactionText": "", "filerName": "Retarekar (Balvant V)", "filerRelation": "UNREPORTED", "moneyText": "", "startDate": "2020-06-22", "ownership": "D"}, {"maxAge": 1, "shares": 15135, "filerUrl": "", "transactionText": "", "filerName": "Retarekar (Himanshu Balvant)", "filerRelation": "UNREPORTED", "moneyText": "", "startDate": "2020-06-22", "ownership": "D"}, {"maxAge": 1, "shares": 14935, "filerUrl": "", "transactionText": "", "filerName": "Retarekar (Mayank Balvant)", "filerRelation": "UNREPORTED", "moneyText": "", "startDate": "2020-06-22", "ownership": "D"}, {"maxAge": 1, "shares": 465089, "filerUrl": "", "transactionText": "", "filerName": "Retarekar (Neha B)", "filerRelation": "UNREPORTED", "moneyText": "", "startDate": "2020-06-22", "ownership": "D"}, {"maxAge": 1, "shares": 0, "filerUrl": "", "transactionText": "", "filerName": "Thakur (Maya S)", "filerRelation": "UNREPORTED", "moneyText": "", "startDate": "2020-06-22", "ownership": "I"}, {"maxAge": 1, "shares": 0, "filerUrl": "", "transactionText": "", "filerName": "Thakur (Rishikesh Satish)", "filerRelation": "UNREPORTED", "moneyText": "", "startDate": "2020-06-22", "ownership": "I"}, {"maxAge": 1, "shares": 0, "filerUrl": "", "transactionText": "", "filerName": "Thakur (Sonia Satish)", "filerRelation": "UNREPORTED", "moneyText": "", "startDate": "2020-06-22", "ownership": "I"}, {"maxAge": 1, "shares": 465089, "filerUrl": "", "transactionText": "", "filerName": "Thakur (Maya S)", "filerRelation": "UNREPORTED", "moneyText": "", "startDate": "2020-03-20", "ownership": "D"}, {"maxAge": 1, "shares": 15135, "filerUrl": "", "transactionText": "", "filerName": "Thakur (Rishikesh Satish)", "filerRelation": "UNREPORTED", "moneyText": "", "startDate": "2020-03-20", "ownership": "D"}, {"maxAge": 1, "shares": 0, "filerUrl": "", "transactionText": "", "filerName": "Thakur (Rishikesh Satish)", "filerRelation": "UNREPORTED", "moneyText": "", "startDate": "2020-03-20", "ownership": "I"}, {"maxAge": 1, "shares": 14935, "filerUrl": "", "transactionText": "", "filerName": "Thakur (Sonia Satish)", "filerRelation": "UNREPORTED", "moneyText": "", "startDate": "2020-03-20", "ownership": "D"}], "maxAge": 1}, "quoteType": {"exchange": "BSE", "quoteType": "EQUITY", "symbol": "LINKPH.BO", "underlyingSymbol": "LINKPH.BO", "shortName": "LINK PHARMA CHEM LTD.", "longName": "Link Pharma Chem Limited", "firstTradeDateEpochUtc": "2000-01-03 09:15:00", "timeZoneFullName": "Asia/Kolkata", "timeZoneShortName": "IST", "uuid": "d820bc77-b0e4-3ba0-bd89-d70f7835b85c", "gmtOffSetMilliseconds": 19800000, "maxAge": 1}, "incomeStatementHistory": {"incomeStatementHistory": [{"maxAge": 1, "endDate": "2020-03-31", "totalRevenue": 254709552, "costOfRevenue": 109743987, "grossProfit": 144965565, "researchDevelopment": {}, "sellingGeneralAdministrative": 49951774, "nonRecurring": {}, "otherOperatingExpenses": 60611819, "totalOperatingExpenses": 229586495, "operatingIncome": 25123057, "totalOtherIncomeExpenseNet": -10710723, "ebit": 25123057, "interestExpense": -3175973, "incomeBeforeTax": 14412334, "incomeTaxExpense": 4913683, "minorityInterest": {}, "netIncomeFromContinuingOps": 9498651, "discontinuedOperations": {}, "extraordinaryItems": {}, "effectOfAccountingCharges": {}, "otherItems": {}, "netIncome": 9498651, "netIncomeApplicableToCommonShares": 9498651}, {"maxAge": 1, "endDate": "2019-03-31", "totalRevenue": 245000695, "costOfRevenue": 120809219, "grossProfit": 124191476, "researchDevelopment": {}, "sellingGeneralAdministrative": 47316154, "nonRecurring": {}, "otherOperatingExpenses": 51481533, "totalOperatingExpenses": 232512668, "operatingIncome": 12488027, "totalOtherIncomeExpenseNet": -3187188, "ebit": 12488027, "interestExpense": -3073944, "incomeBeforeTax": 9300839, "incomeTaxExpense": 2719459, "minorityInterest": {}, "netIncomeFromContinuingOps": 6581380, "discontinuedOperations": {}, "extraordinaryItems": {}, "effectOfAccountingCharges": {}, "otherItems": {}, "netIncome": 6581380, "netIncomeApplicableToCommonShares": 6581380}, {"maxAge": 1, "endDate": "2018-03-31", "totalRevenue": 235323660, "costOfRevenue": 98966784, "grossProfit": 136356876, "researchDevelopment": {}, "sellingGeneralAdministrative": 48977926, "nonRecurring": {}, "otherOperatingExpenses": 59000530, "totalOperatingExpenses": 215540528, "operatingIncome": 19783132, "totalOtherIncomeExpenseNet": -6077730, "ebit": 19783132, "interestExpense": -5724971, "incomeBeforeTax": 13705402, "incomeTaxExpense": 2357287, "minorityInterest": {}, "netIncomeFromContinuingOps": 11348115, "discontinuedOperations": {}, "extraordinaryItems": {}, "effectOfAccountingCharges": {}, "otherItems": {}, "netIncome": 11348115, "netIncomeApplicableToCommonShares": 11348115}, {"maxAge": 1, "endDate": "2017-03-31", "totalRevenue": 161469887, "costOfRevenue": 58099429, "grossProfit": 103370458, "researchDevelopment": {}, "sellingGeneralAdministrative": 36097817, "nonRecurring": {}, "otherOperatingExpenses": 40820350, "totalOperatingExpenses": 143884106, "operatingIncome": 17585781, "totalOtherIncomeExpenseNet": -12745938, "ebit": 17585781, "interestExpense": -6972662, "incomeBeforeTax": 4839843, "incomeTaxExpense": 2574157, "minorityInterest": {}, "netIncomeFromContinuingOps": 2265686, "discontinuedOperations": {}, "extraordinaryItems": {}, "effectOfAccountingCharges": {}, "otherItems": {}, "netIncome": 2265686, "netIncomeApplicableToCommonShares": 2265686}], "maxAge": 86400}, "fundOwnership": {"ownershipList": [], "maxAge": 1}, "summaryDetail": {"maxAge": 1, "priceHint": 2, "previousClose": 35.3, "open": 32.0, "dayLow": 31.8, "dayHigh": 33.5, "regularMarketPreviousClose": 35.3, "regularMarketOpen": 32.0, "regularMarketDayLow": 31.8, "regularMarketDayHigh": 33.5, "trailingPE": 13.978262, "volume": 90580, "regularMarketVolume": 90580, "averageVolume": 2409, "averageVolume10days": 9932, "averageDailyVolume10Day": 9932, "bid": 0.0, "ask": 32.0, "bidSize": 0, "askSize": 0, "marketCap": 142764336, "fiftyTwoWeekLow": 11.41, "fiftyTwoWeekHigh": 33.5, "fiftyDayAverage": 23.73182, "twoHundredDayAverage": 22.045, "currency": "INR", "fromCurrency": null, "lastMarket": null, "algorithm": null, "tradeable": false}, "incomeStatementHistoryQuarterly": {"incomeStatementHistory": [{"maxAge": 1, "endDate": "2020-06-30", "totalRevenue": 51002000, "costOfRevenue": 11768000, "grossProfit": 39234000, "researchDevelopment": {}, "sellingGeneralAdministrative": 11318000, "nonRecurring": {}, "otherOperatingExpenses": 20114000, "totalOperatingExpenses": 45520000, "operatingIncome": 5482000, "totalOtherIncomeExpenseNet": -1033000, "ebit": 5482000, "interestExpense": -1034000, "incomeBeforeTax": 4449000, "incomeTaxExpense": 1200000, "minorityInterest": {}, "netIncomeFromContinuingOps": 3249000, "discontinuedOperations": {}, "extraordinaryItems": {}, "effectOfAccountingCharges": {}, "otherItems": {}, "netIncome": 3249000, "netIncomeApplicableToCommonShares": 3249000}, {"maxAge": 1, "endDate": "2020-03-31", "totalRevenue": 58074552, "costOfRevenue": 26390987, "grossProfit": 31683565, "researchDevelopment": {}, "sellingGeneralAdministrative": 11133774, "nonRecurring": {}, "otherOperatingExpenses": 3550819, "totalOperatingExpenses": 43642495, "operatingIncome": 14432057, "totalOtherIncomeExpenseNet": -8183723, "ebit": 14432057, "interestExpense": -646973, "incomeBeforeTax": 6248334, "incomeTaxExpense": 3342683, "minorityInterest": {}, "netIncomeFromContinuingOps": 2905651, "discontinuedOperations": {}, "extraordinaryItems": {}, "effectOfAccountingCharges": {}, "otherItems": {}, "netIncome": 2905651, "netIncomeApplicableToCommonShares": 2905651}, {"maxAge": 1, "endDate": "2019-12-31", "totalRevenue": 73652000, "costOfRevenue": 32730000, "grossProfit": 40922000, "researchDevelopment": {}, "sellingGeneralAdministrative": 13213000, "nonRecurring": {}, "otherOperatingExpenses": 20185000, "totalOperatingExpenses": 68366000, "operatingIncome": 5286000, "totalOtherIncomeExpenseNet": -923000, "ebit": 5286000, "interestExpense": -926000, "incomeBeforeTax": 4363000, "incomeTaxExpense": 840000, "minorityInterest": {}, "netIncomeFromContinuingOps": 3523000, "discontinuedOperations": {}, "extraordinaryItems": {}, "effectOfAccountingCharges": {}, "otherItems": {}, "netIncome": 3523000, "netIncomeApplicableToCommonShares": 3523000}, {"maxAge": 1, "endDate": "2019-09-30", "totalRevenue": 67224000, "costOfRevenue": 28523000, "grossProfit": 38701000, "researchDevelopment": {}, "sellingGeneralAdministrative": 13632000, "nonRecurring": {}, "otherOperatingExpenses": 21972000, "totalOperatingExpenses": 66364000, "operatingIncome": 860000, "totalOtherIncomeExpenseNet": -626000, "ebit": 860000, "interestExpense": -625000, "incomeBeforeTax": 234000, "incomeTaxExpense": -295000, "minorityInterest": {}, "netIncomeFromContinuingOps": 529000, "discontinuedOperations": {}, "extraordinaryItems": {}, "effectOfAccountingCharges": {}, "otherItems": {}, "netIncome": 529000, "netIncomeApplicableToCommonShares": 529000}], "maxAge": 86400}, "cashflowStatementHistoryQuarterly": {"cashflowStatements": [{"maxAge": 1, "endDate": "2020-06-30", "netIncome": 3249000, "changeToLiabilities": 0}, {"maxAge": 1, "endDate": "2020-03-31", "netIncome": 2905651, "changeToLiabilities": 0}, {"maxAge": 1, "endDate": "2019-12-31", "netIncome": 3523000, "changeToLiabilities": 0}, {"maxAge": 1, "endDate": "2019-09-30", "netIncome": 529000, "changeToLiabilities": 0}], "maxAge": 86400}, "insiderHolders": {"holders": [{"maxAge": 1, "name": "Retarekar (Balvant V)", "relation": "UNREPORTED", "url": "", "transactionDescription": "Other", "latestTransDate": "2020-06-22", "positionDirect": 0, "positionDirectDate": "2020-06-22"}, {"maxAge": 1, "name": "Retarekar (Himanshu Balvant)", "relation": "UNREPORTED", "url": "", "transactionDescription": "Other", "latestTransDate": "2020-06-22", "positionDirect": 0, "positionDirectDate": "2020-06-22"}, {"maxAge": 1, "name": "Retarekar (Mayank Balvant)", "relation": "UNREPORTED", "url": "", "transactionDescription": "Other", "latestTransDate": "2020-06-22", "positionDirect": 0, "positionDirectDate": "2020-06-22"}, {"maxAge": 1, "name": "Retarekar (Neha B)", "relation": "UNREPORTED", "url": "", "transactionDescription": "Other", "latestTransDate": "2020-06-22", "positionDirect": 0, "positionDirectDate": "2020-06-22"}, {"maxAge": 1, "name": "Thakur (Maya S)", "relation": "UNREPORTED", "url": "", "transactionDescription": "Other", "latestTransDate": "2020-06-22", "positionIndirect": 690346, "positionIndirectDate": 1592784000}, {"maxAge": 1, "name": "Thakur (Rishikesh Satish)", "relation": "UNREPORTED", "url": "", "transactionDescription": "Other", "latestTransDate": "2020-06-22", "positionIndirect": 626627, "positionIndirectDate": 1592784000}, {"maxAge": 1, "name": "Thakur (Sonia Satish)", "relation": "UNREPORTED", "url": "", "transactionDescription": "Other", "latestTransDate": "2020-06-22", "positionIndirect": 214670, "positionIndirectDate": 1592784000}], "maxAge": 1}, "calendarEvents": {"maxAge": 1, "earnings": {"earningsDate": ["2020-08-05 05:30:S"]}}, "upgradeDowngradeHistory": {"history": [], "maxAge": 86400}, "price": {"maxAge": 1, "regularMarketChangePercent": -0.08923507, "regularMarketChange": -3.1499977, "regularMarketTime": "2021-04-30 15:29:39", "priceHint": 2, "regularMarketPrice": 32.15, "regularMarketDayHigh": 33.5, "regularMarketDayLow": 31.8, "regularMarketVolume": 90580, "averageDailyVolume10Day": 9932, "averageDailyVolume3Month": 2409, "regularMarketPreviousClose": 35.3, "regularMarketSource": "FREE_REALTIME", "regularMarketOpen": 32.0, "exchange": "BSE", "exchangeName": "BSE", "exchangeDataDelayedBy": 0, "marketState": "CLOSED", "quoteType": "EQUITY", "symbol": "LINKPH.BO", "underlyingSymbol": null, "shortName": "LINK PHARMA CHEM LTD.", "longName": "Link Pharma Chem Limited", "currency": "INR", "quoteSourceName": "Delayed Quote", "currencySymbol": "\u20b9", "fromCurrency": null, "lastMarket": null, "marketCap": 142764336}, "balanceSheetHistory": {"balanceSheetStatements": [{"maxAge": 1, "endDate": "2020-03-31", "cash": 18703706, "shortTermInvestments": 1821495, "netReceivables": 50529622, "inventory": 16312572, "otherCurrentAssets": 2841552, "totalCurrentAssets": 90834710, "longTermInvestments": 291578, "propertyPlantEquipment": 88053781, "otherAssets": 10492137, "totalAssets": 189672206, "accountsPayable": 30111486, "shortLongTermDebt": 3867731, "otherCurrentLiab": 50000, "longTermDebt": 31674770, "otherLiab": 9126404, "totalCurrentLiabilities": 34539894, "totalLiab": 75341068, "commonStock": 44405680, "retainedEarnings": 41212931, "capitalSurplus": 28712527, "totalStockholderEquity": 114331138, "netTangibleAssets": 114331138}, {"maxAge": 1, "endDate": "2019-03-31", "cash": 247150, "shortTermInvestments": 1731674, "netReceivables": 31663207, "inventory": 28691555, "otherCurrentAssets": 9096203, "totalCurrentAssets": 71833110, "longTermInvestments": 303179, "propertyPlantEquipment": 95662807, "otherAssets": 12229831, "totalAssets": 180028927, "accountsPayable": 33714466, "shortLongTermDebt": 2766693, "otherCurrentLiab": 2807862, "longTermDebt": 17061185, "otherLiab": 10382417, "totalCurrentLiabilities": 48769188, "totalLiab": 76212790, "commonStock": 44405680, "retainedEarnings": 30697930, "treasuryStock": 59410000, "capitalSurplus": 28712527, "otherStockholderEquity": 59410000, "totalStockholderEquity": 103816137, "netTangibleAssets": 103816137}, {"maxAge": 1, "endDate": "2018-03-31", "cash": 785763, "shortTermInvestments": 1231674, "netReceivables": 32165595, "inventory": 26337997, "otherCurrentAssets": 4894345, "totalCurrentAssets": 65826475, "longTermInvestments": 295888, "propertyPlantEquipment": 97716114, "otherAssets": 8077430, "totalAssets": 171915907, "accountsPayable": 33706041, "shortLongTermDebt": 2766693, "otherCurrentLiab": 4737118, "longTermDebt": 22485415, "otherLiab": 7911156, "totalCurrentLiabilities": 43624219, "totalLiab": 74020790, "commonStock": 44405680, "retainedEarnings": 24776910, "capitalSurplus": 28712527, "totalStockholderEquity": 97895117, "netTangibleAssets": 97895117}, {"maxAge": 1, "endDate": "2017-03-31", "cash": 755109, "shortTermInvestments": 1231674, "netReceivables": 22049098, "inventory": 42678704, "otherCurrentAssets": 4487720, "totalCurrentAssets": 71553479, "longTermInvestments": 288364, "propertyPlantEquipment": 95728392, "otherAssets": 3827701, "totalAssets": 171397936, "accountsPayable": 30294653, "shortLongTermDebt": 2342427, "otherCurrentLiab": 3631479, "longTermDebt": 11800100, "otherLiab": 3976991, "totalCurrentLiabilities": 69592877, "totalLiab": 85369968, "commonStock": 44405680, "retainedEarnings": 12909761, "capitalSurplus": 28712527, "totalStockholderEquity": 86027968, "netTangibleAssets": 86027968}], "maxAge": 86400}, "financialData": {"maxAge": 86400, "currentPrice": 32.15, "recommendationKey": "none", "grossProfits": 144965565, "financialCurrency": "INR"}}}