{"LKPFIN.BO": {"recommendationTrend": {"trend": [{"period": "0m", "strongBuy": 0, "buy": 0, "hold": 0, "sell": 0, "strongSell": 0}, {"period": "-1m", "strongBuy": 0, "buy": 0, "hold": 0, "sell": 0, "strongSell": 0}, {"period": "-2m", "strongBuy": 0, "buy": 0, "hold": 0, "sell": 0, "strongSell": 0}, {"period": "-3m", "strongBuy": 0, "buy": 0, "hold": 0, "sell": 0, "strongSell": 0}], "maxAge": 86400}, "cashflowStatementHistory": {"cashflowStatements": [{"maxAge": 1, "endDate": "2020-03-31", "netIncome": -227333000, "depreciation": 142000, "changeToNetincome": 157019000, "changeToLiabilities": 30169000, "changeToOperatingActivities": -62575000, "totalCashFromOperatingActivities": -102578000, "investments": 158549000, "otherCashflowsFromInvestingActivities": 18007000, "totalCashflowsFromInvestingActivities": 145216000, "dividendsPaid": -25137000, "otherCashflowsFromFinancingActivities": -15723000, "totalCashFromFinancingActivities": -40860000, "changeInCash": 1778000}, {"maxAge": 1, "endDate": "2019-03-31", "netIncome": 198040000, "depreciation": 1088000, "changeToNetincome": -9223000, "changeToLiabilities": -604000, "changeToOperatingActivities": -204672000, "totalCashFromOperatingActivities": -15371000, "investments": -188873000, "otherCashflowsFromInvestingActivities": 37311000, "totalCashflowsFromInvestingActivities": -453481000, "dividendsPaid": -75713000, "netBorrowings": -198818000, "otherCashflowsFromFinancingActivities": -11844000, "totalCashFromFinancingActivities": -269634000, "changeInCash": -738486000, "issuanceOfStock": 16741000}, {"maxAge": 1, "endDate": "2018-03-31", "netIncome": 196666363, "depreciation": 2333716, "changeToNetincome": 402592738, "changeToLiabilities": -127399316, "changeToInventory": 156874589, "changeToOperatingActivities": -53939868, "totalCashFromOperatingActivities": 577128222, "capitalExpenditures": -9517187, "investments": -292587132, "otherCashflowsFromInvestingActivities": 16701872, "totalCashflowsFromInvestingActivities": 77798867, "dividendsPaid": -29328390, "netBorrowings": -396380743, "otherCashflowsFromFinancingActivities": -44504329, "totalCashFromFinancingActivities": -452333462, "changeInCash": 202593627, "issuanceOfStock": 17880000}, {"maxAge": 1, "endDate": "2017-03-31", "netIncome": 100141163, "depreciation": 1510061, "changeToNetincome": 111232266, "changeToLiabilities": -198432917, "changeToInventory": -97228858, "changeToOperatingActivities": 701774, "totalCashFromOperatingActivities": -82076511, "capitalExpenditures": -8406355, "investments": -168576346, "otherCashflowsFromInvestingActivities": 22939360, "totalCashflowsFromInvestingActivities": -46945987, "dividendsPaid": -17384622, "netBorrowings": 309789062, "otherCashflowsFromFinancingActivities": -133547835, "totalCashFromFinancingActivities": 158856605, "changeInCash": 29834107, "issuanceOfStock": 17880000}], "maxAge": 86400}, "institutionOwnership": {"maxAge": 1, "ownershipList": []}, "balanceSheetHistoryQuarterly": {"balanceSheetStatements": [{"maxAge": 1, "endDate": "2020-09-30", "cash": 218872000, "netReceivables": 526586000, "otherCurrentAssets": 610000, "totalCurrentAssets": 746068000, "longTermInvestments": 1400638000, "propertyPlantEquipment": 1774000, "goodWill": 14300000, "otherAssets": 229221000, "deferredLongTermAssetCharges": 66320000, "totalAssets": 2392001000, "otherCurrentLiab": 110342000, "longTermDebt": 503524000, "totalCurrentLiabilities": 111235000, "totalLiab": 614759000, "commonStock": 125686000, "treasuryStock": 1651556000, "otherStockholderEquity": 1651556000, "totalStockholderEquity": 1777242000, "netTangibleAssets": 1762942000}, {"maxAge": 1, "endDate": "2020-06-30", "totalStockholderEquity": 1443535000, "netTangibleAssets": 1429235000}, {"maxAge": 1, "endDate": "2020-03-31", "cash": 41809000, "netReceivables": 499240000, "otherCurrentAssets": 262163000, "totalCurrentAssets": 1618990000, "propertyPlantEquipment": 1845000, "goodWill": 14300000, "otherAssets": 229082000, "deferredLongTermAssetCharges": 66320000, "totalAssets": 1864217000, "accountsPayable": 13349000, "shortLongTermDebt": 359665000, "otherCurrentLiab": 33123000, "longTermDebt": 1650000, "totalCurrentLiabilities": 419032000, "totalLiab": 420682000, "commonStock": 125686000, "retainedEarnings": 1240220000, "treasuryStock": 40626000, "capitalSurplus": 37003000, "otherStockholderEquity": 40626000, "totalStockholderEquity": 1443535000, "netTangibleAssets": 1429235000}, {"maxAge": 1, "endDate": "2019-12-31", "totalStockholderEquity": 1693756000, "netTangibleAssets": 1693756000}], "maxAge": 86400}, "earningsHistory": {"history": [{"maxAge": 1, "epsActual": {}, "epsEstimate": {}, "epsDifference": {}, "surprisePercent": {}, "quarter": {}, "period": "-4q"}, {"maxAge": 1, "epsActual": {}, "epsEstimate": {}, "epsDifference": {}, "surprisePercent": {}, "quarter": {}, "period": "-3q"}, {"maxAge": 1, "epsActual": {}, "epsEstimate": {}, "epsDifference": {}, "surprisePercent": {}, "quarter": {}, "period": "-2q"}, {"maxAge": 1, "epsActual": {}, "epsEstimate": {}, "epsDifference": {}, "surprisePercent": {}, "quarter": {}, "period": "-1q"}], "maxAge": 86400}, "indexTrend": {"maxAge": 1, "symbol": "SP5", "peRatio": 19.7411, "pegRatio": 1.34172, "estimates": [{"period": "0q", "growth": 0.549}, {"period": "+1q", "growth": 0.431}, {"period": "0y", "growth": 0.305}, {"period": "+1y", "growth": 0.109}, {"period": "+5y", "growth": 0.120859005}, {"period": "-5y"}]}, "industryTrend": {"maxAge": 1, "symbol": null, "estimates": []}, "insiderTransactions": {"transactions": [{"maxAge": 1, "shares": 2258604, "filerUrl": "", "transactionText": "", "filerName": "Doshi (Mahendra Vasantrai)", "filerRelation": "Promoter", "moneyText": "", "startDate": "2020-03-04", "ownership": "D"}, {"maxAge": 1, "shares": 100000, "filerUrl": "", "transactionText": "", "filerName": "Doshi (Samaya Pratik)", "filerRelation": "Promoter", "moneyText": "", "startDate": "2020-03-04", "ownership": "D"}, {"maxAge": 1, "shares": 100000, "filerUrl": "", "transactionText": "", "filerName": "Doshi (Ira Pratik)", "filerRelation": "Promoter", "moneyText": "", "startDate": "2020-03-04", "ownership": "D"}, {"maxAge": 1, "shares": 13815, "filerUrl": "", "transactionText": "", "filerName": "Waghela (Dinesh)", "filerRelation": "UNREPORTED", "moneyText": "", "startDate": "2018-11-14", "ownership": "D"}, {"maxAge": 1, "shares": 1646, "filerUrl": "", "transactionText": "", "filerName": "Gulati (Satvinderpal Singh)", "filerRelation": "UNREPORTED", "moneyText": "", "startDate": "2018-11-14", "ownership": "D"}, {"maxAge": 1, "shares": 60000, "filerUrl": "", "transactionText": "", "filerName": "Gulati (Satvinderpal Singh)", "filerRelation": "UNREPORTED", "moneyText": "", "startDate": "2018-11-14", "ownership": "D"}, {"maxAge": 1, "shares": 285492, "filerUrl": "", "transactionText": "", "filerName": "Basu (Sayanta)", "filerRelation": "Divisional Officer", "moneyText": "", "startDate": "2018-11-14", "ownership": "D"}, {"maxAge": 1, "shares": 14500, "filerUrl": "", "transactionText": "", "filerName": "Innani (Girish Kumar)", "filerRelation": "Compliance Officer", "moneyText": "", "startDate": "2018-11-14", "ownership": "D"}], "maxAge": 1}, "quoteType": {"exchange": "BSE", "quoteType": "EQUITY", "symbol": "LKPFIN.BO", "underlyingSymbol": "LKPFIN.BO", "shortName": "LKP FINANCE LIMITED", "longName": "LKP Finance Limited", "firstTradeDateEpochUtc": "2000-02-22 09:15:00", "timeZoneFullName": "Asia/Kolkata", "timeZoneShortName": "IST", "uuid": "a1cdebcb-1c58-33da-bffc-cf3ce4cd7086", "messageBoardId": null, "gmtOffSetMilliseconds": 19800000, "maxAge": 1}, "incomeStatementHistory": {"incomeStatementHistory": [{"maxAge": 1, "endDate": "2020-03-31", "totalRevenue": 183585000, "costOfRevenue": 5434000, "grossProfit": 178151000, "researchDevelopment": {}, "sellingGeneralAdministrative": 50225000, "nonRecurring": {}, "otherOperatingExpenses": 355413000, "totalOperatingExpenses": 411214000, "operatingIncome": -227629000, "totalOtherIncomeExpenseNet": 296000, "ebit": 0, "interestExpense": {}, "incomeBeforeTax": -227333000, "incomeTaxExpense": 0, "minorityInterest": {}, "netIncomeFromContinuingOps": -227333000, "discontinuedOperations": {}, "extraordinaryItems": {}, "effectOfAccountingCharges": {}, "otherItems": {}, "netIncome": -227333000, "netIncomeApplicableToCommonShares": -227333000}, {"maxAge": 1, "endDate": "2019-03-31", "totalRevenue": 135368000, "costOfRevenue": 813000, "grossProfit": 134555000, "researchDevelopment": {}, "sellingGeneralAdministrative": 26134000, "nonRecurring": {}, "otherOperatingExpenses": -158338000, "totalOperatingExpenses": -130303000, "operatingIncome": 265671000, "totalOtherIncomeExpenseNet": -3302000, "ebit": 0, "interestExpense": {}, "incomeBeforeTax": 262369000, "incomeTaxExpense": 64329000, "minorityInterest": {}, "netIncomeFromContinuingOps": 198040000, "discontinuedOperations": {}, "extraordinaryItems": {}, "effectOfAccountingCharges": {}, "otherItems": {}, "netIncome": 198040000, "netIncomeApplicableToCommonShares": 198040000}, {"maxAge": 1, "endDate": "2018-03-31", "totalRevenue": 741974136, "costOfRevenue": 2251428, "grossProfit": 739722708, "researchDevelopment": {}, "sellingGeneralAdministrative": 59296592, "nonRecurring": {}, "otherOperatingExpenses": 468212202, "totalOperatingExpenses": 532093938, "operatingIncome": 209880198, "totalOtherIncomeExpenseNet": 0, "ebit": 0, "interestExpense": {}, "incomeBeforeTax": 209880198, "incomeTaxExpense": 13213835, "minorityInterest": {}, "netIncomeFromContinuingOps": 196666363, "discontinuedOperations": {}, "extraordinaryItems": {}, "effectOfAccountingCharges": {}, "otherItems": {}, "netIncome": 196666363, "netIncomeApplicableToCommonShares": 196666363}, {"maxAge": 1, "endDate": "2017-03-31", "totalRevenue": 306083906, "costOfRevenue": 4771400, "grossProfit": 301312506, "researchDevelopment": {}, "sellingGeneralAdministrative": 90570589, "nonRecurring": {}, "otherOperatingExpenses": 87603112, "totalOperatingExpenses": 184455162, "operatingIncome": 121628744, "totalOtherIncomeExpenseNet": 1356325, "ebit": 0, "interestExpense": {}, "incomeBeforeTax": 122985069, "incomeTaxExpense": 22843906, "minorityInterest": {}, "netIncomeFromContinuingOps": 100141163, "discontinuedOperations": {}, "extraordinaryItems": {}, "effectOfAccountingCharges": {}, "otherItems": {}, "netIncome": 100141163, "netIncomeApplicableToCommonShares": 100141163}], "maxAge": 86400}, "fundOwnership": {"maxAge": 1, "ownershipList": []}, "summaryDetail": {"maxAge": 1, "priceHint": 2, "previousClose": 75.6, "open": 70.05, "dayLow": 70.05, "dayHigh": 78.0, "regularMarketPreviousClose": 75.6, "regularMarketOpen": 70.05, "regularMarketDayLow": 70.05, "regularMarketDayHigh": 78.0, "trailingPE": 16.245487, "volume": 14057, "regularMarketVolume": 14057, "averageVolume": 21691, "averageVolume10days": 3538, "averageDailyVolume10Day": 3538, "bid": 74.15, "ask": 74.5, "bidSize": 0, "askSize": 0, "marketCap": 961497920, "fiftyTwoWeekLow": 46.4, "fiftyTwoWeekHigh": 135.0, "fiftyDayAverage": 114.56143, "twoHundredDayAverage": 81.54598, "trailingAnnualDividendRate": 0.0, "trailingAnnualDividendYield": 0.0, "currency": "INR", "fromCurrency": null, "toCurrency": null, "lastMarket": null, "algorithm": null, "tradeable": false}, "sectorTrend": {"maxAge": 1, "symbol": null, "estimates": []}, "incomeStatementHistoryQuarterly": {"incomeStatementHistory": [{"maxAge": 1, "endDate": "2020-09-30", "totalRevenue": 82827000, "costOfRevenue": 0, "grossProfit": 82827000, "researchDevelopment": {}, "sellingGeneralAdministrative": 10552000, "nonRecurring": {}, "otherOperatingExpenses": 7844000, "totalOperatingExpenses": 18432000, "operatingIncome": 64395000, "totalOtherIncomeExpenseNet": 1000, "ebit": 0, "interestExpense": {}, "incomeBeforeTax": 64396000, "incomeTaxExpense": 12500000, "minorityInterest": {}, "netIncomeFromContinuingOps": 51896000, "discontinuedOperations": {}, "extraordinaryItems": {}, "effectOfAccountingCharges": {}, "otherItems": {}, "netIncome": 51896000, "netIncomeApplicableToCommonShares": 51896000}, {"maxAge": 1, "endDate": "2020-06-30", "totalRevenue": 372197000, "costOfRevenue": 0, "grossProfit": 372197000, "researchDevelopment": {}, "sellingGeneralAdministrative": 29747000, "nonRecurring": {}, "otherOperatingExpenses": 16708000, "totalOperatingExpenses": 46491000, "operatingIncome": 325706000, "totalOtherIncomeExpenseNet": 0, "ebit": 0, "interestExpense": {}, "incomeBeforeTax": 325706000, "incomeTaxExpense": 60000000, "minorityInterest": {}, "netIncomeFromContinuingOps": 265706000, "discontinuedOperations": {}, "extraordinaryItems": {}, "effectOfAccountingCharges": {}, "otherItems": {}, "netIncome": 265706000, "netIncomeApplicableToCommonShares": 265706000}, {"maxAge": 1, "endDate": "2020-03-31", "totalRevenue": 62625000, "costOfRevenue": 5434000, "grossProfit": 57191000, "researchDevelopment": {}, "sellingGeneralAdministrative": 17645000, "nonRecurring": {}, "otherOperatingExpenses": 338536000, "totalOperatingExpenses": 361649000, "operatingIncome": -299024000, "totalOtherIncomeExpenseNet": 296000, "ebit": 0, "interestExpense": {}, "incomeBeforeTax": -298728000, "incomeTaxExpense": -14767000, "minorityInterest": {}, "netIncomeFromContinuingOps": -283961000, "discontinuedOperations": {}, "extraordinaryItems": {}, "effectOfAccountingCharges": {}, "otherItems": {}, "netIncome": -283961000, "netIncomeApplicableToCommonShares": -283961000}, {"maxAge": 1, "endDate": "2019-12-31", "totalRevenue": 46514000, "costOfRevenue": 0, "grossProfit": 46514000, "researchDevelopment": {}, "sellingGeneralAdministrative": 6906000, "nonRecurring": {}, "otherOperatingExpenses": 7352000, "totalOperatingExpenses": 14291000, "operatingIncome": 32223000, "totalOtherIncomeExpenseNet": 0, "ebit": 0, "interestExpense": {}, "incomeBeforeTax": 32223000, "incomeTaxExpense": 6667000, "minorityInterest": {}, "netIncomeFromContinuingOps": 25556000, "discontinuedOperations": {}, "extraordinaryItems": {}, "effectOfAccountingCharges": {}, "otherItems": {}, "netIncome": 25556000, "netIncomeApplicableToCommonShares": 25556000}], "maxAge": 86400}, "cashflowStatementHistoryQuarterly": {"cashflowStatements": [{"maxAge": 1, "endDate": "2020-09-30", "netIncome": 51896000, "changeToLiabilities": 0}, {"maxAge": 1, "endDate": "2020-06-30", "netIncome": 265706000, "changeToLiabilities": 0}, {"maxAge": 1, "endDate": "2020-03-31", "netIncome": -283961000, "changeToLiabilities": 0}, {"maxAge": 1, "endDate": "2019-12-31", "netIncome": 25556000, "changeToLiabilities": 0}], "maxAge": 86400}, "insiderHolders": {"holders": [{"maxAge": 1, "name": "Basu (Sayanta)", "relation": "Divisional Officer", "url": "", "transactionDescription": "Sale", "latestTransDate": "2018-11-14", "positionDirect": 0, "positionDirectDate": "2018-11-14"}, {"maxAge": 1, "name": "Doshi (Ira Pratik)", "relation": "Promoter", "url": "", "transactionDescription": "Gift", "latestTransDate": "2020-03-04", "positionDirect": 200000, "positionDirectDate": "2020-03-04"}, {"maxAge": 1, "name": "Doshi (Mahendra Vasantrai)", "relation": "Promoter", "url": "", "transactionDescription": "Gift", "latestTransDate": "2020-03-04", "positionDirect": 1449363, "positionDirectDate": "2020-03-04"}, {"maxAge": 1, "name": "Doshi (Samaya Pratik)", "relation": "Promoter", "url": "", "transactionDescription": "Gift", "latestTransDate": "2020-03-04", "positionDirect": 200000, "positionDirectDate": "2020-03-04"}, {"maxAge": 1, "name": "Gulati (Satvinderpal Singh)", "relation": "UNREPORTED", "url": "", "transactionDescription": "Sale", "latestTransDate": "2018-11-14", "positionDirect": 0, "positionDirectDate": "2018-11-14"}, {"maxAge": 1, "name": "Innani (Girish Kumar)", "relation": "Compliance Officer", "url": "", "transactionDescription": "Sale", "latestTransDate": "2018-11-14", "positionDirect": 0, "positionDirectDate": "2018-11-14"}, {"maxAge": 1, "name": "Waghela (Dinesh)", "relation": "UNREPORTED", "url": "", "transactionDescription": "Sale", "latestTransDate": "2018-11-14", "positionDirect": 1185, "positionDirectDate": "2018-11-14"}], "maxAge": 1}, "earnings": {"maxAge": 86400, "earningsChart": {"quarterly": [], "earningsDate": ["2020-10-16 05:30:S"]}, "financialsChart": {"yearly": [{"date": 2017, "revenue": 306083906, "earnings": 100141163}, {"date": 2018, "revenue": 741974136, "earnings": 196666363}, {"date": 2019, "revenue": 135368000, "earnings": 198040000}, {"date": 2020, "revenue": 183585000, "earnings": -227333000}], "quarterly": [{"date": "4Q2019", "revenue": 46514000, "earnings": 25556000}, {"date": "1Q2020", "revenue": 62625000, "earnings": -283961000}, {"date": "2Q2020", "revenue": 372197000, "earnings": 265706000}, {"date": "3Q2020", "revenue": 82827000, "earnings": 51896000}]}, "financialCurrency": "INR"}, "calendarEvents": {"maxAge": 1, "earnings": {"earningsDate": ["2020-10-16 05:30:S"]}}, "price": {"maxAge": 1, "regularMarketChangePercent": 0.011904782, "regularMarketChange": 0.9000015, "regularMarketTime": "2021-04-30 15:25:33", "priceHint": 2, "regularMarketPrice": 76.5, "regularMarketDayHigh": 78.0, "regularMarketDayLow": 70.05, "regularMarketVolume": 14057, "averageDailyVolume10Day": 3538, "averageDailyVolume3Month": 21691, "regularMarketPreviousClose": 75.6, "regularMarketSource": "FREE_REALTIME", "regularMarketOpen": 70.05, "exchange": "BSE", "exchangeName": "BSE", "exchangeDataDelayedBy": 0, "marketState": "CLOSED", "quoteType": "EQUITY", "symbol": "LKPFIN.BO", "underlyingSymbol": null, "shortName": "LKP FINANCE LIMITED", "longName": "LKP Finance Limited", "currency": "INR", "quoteSourceName": "Delayed Quote", "currencySymbol": "\u20b9", "fromCurrency": null, "toCurrency": null, "lastMarket": null, "marketCap": 961497920}, "balanceSheetHistory": {"balanceSheetStatements": [{"maxAge": 1, "endDate": "2020-03-31", "cash": 41809000, "netReceivables": 499240000, "otherCurrentAssets": 262163000, "totalCurrentAssets": 1618990000, "propertyPlantEquipment": 1845000, "goodWill": 14300000, "otherAssets": 229082000, "deferredLongTermAssetCharges": 66320000, "totalAssets": 1864217000, "accountsPayable": 13349000, "shortLongTermDebt": 359665000, "otherCurrentLiab": 33123000, "longTermDebt": 1650000, "totalCurrentLiabilities": 419032000, "totalLiab": 420682000, "commonStock": 125686000, "retainedEarnings": 1240220000, "treasuryStock": 40626000, "capitalSurplus": 37003000, "otherStockholderEquity": 40626000, "totalStockholderEquity": 1443535000, "netTangibleAssets": 1429235000}, {"maxAge": 1, "endDate": "2019-03-31", "cash": 40031000, "netReceivables": 526340000, "otherCurrentAssets": 262138000, "totalCurrentAssets": 1961877000, "propertyPlantEquipment": 2191000, "goodWill": 14300000, "otherAssets": 100902000, "deferredLongTermAssetCharges": 66320000, "totalAssets": 2079270000, "shortLongTermDebt": 359665000, "otherCurrentLiab": 16542000, "longTermDebt": 1650000, "totalCurrentLiabilities": 379555000, "totalLiab": 381205000, "commonStock": 125686000, "retainedEarnings": 1498201000, "treasuryStock": 37175000, "capitalSurplus": 37003000, "otherStockholderEquity": 37175000, "totalStockholderEquity": 1698065000, "netTangibleAssets": 1683765000}, {"maxAge": 1, "endDate": "2018-03-31", "cash": 878135263, "netReceivables": 105075198, "otherCurrentAssets": 37281687, "totalCurrentAssets": 1289517781, "longTermInvestments": 497700056, "propertyPlantEquipment": 18422022, "goodWill": 14300000, "otherAssets": 198784476, "deferredLongTermAssetCharges": 1028599, "totalAssets": 2018724335, "accountsPayable": 1382500, "otherCurrentLiab": 11390206, "longTermDebt": 1650000, "totalCurrentLiabilities": 579514752, "totalLiab": 581164752, "commonStock": 124215230, "retainedEarnings": 1297105303, "treasuryStock": 594050, "capitalSurplus": 15645000, "otherStockholderEquity": 594050, "totalStockholderEquity": 1437559583, "netTangibleAssets": 1423259583}, {"maxAge": 1, "endDate": "2017-03-31", "cash": 139006945, "netReceivables": 892136497, "otherCurrentAssets": 7010702, "totalCurrentAssets": 1464054366, "longTermInvestments": 657147613, "propertyPlantEquipment": 12681145, "goodWill": 14300000, "otherAssets": 214779236, "deferredLongTermAssetCharges": 206031, "totalAssets": 2362962360, "accountsPayable": 62087448, "shortLongTermDebt": 1100748, "otherCurrentLiab": 49032953, "longTermDebt": 3501795, "totalCurrentLiabilities": 1135870770, "totalLiab": 1139372565, "commonStock": 121980230, "retainedEarnings": 1100438939, "treasuryStock": 1170626, "otherStockholderEquity": 1170626, "totalStockholderEquity": 1223589795, "netTangibleAssets": 1209289795}], "maxAge": 86400}, "earningsTrend": {"trend": [{"maxAge": 1, "period": "0q", "endDate": null, "growth": {}, "earningsEstimate": {"avg": 0.0, "low": 0.0, "high": 0.0, "yearAgoEps": {}, "numberOfAnalysts": 0, "growth": {}}, "revenueEstimate": {"avg": 0, "low": 0, "high": 0, "numberOfAnalysts": 0, "yearAgoRevenue": {}, "growth": {}}, "epsTrend": {"current": 0.0, "7daysAgo": 0.0, "30daysAgo": 0.0, "60daysAgo": 0.0, "90daysAgo": 0.0}, "epsRevisions": {"upLast7days": 0, "upLast30days": 0, "downLast30days": 0, "downLast90days": {}}}, {"maxAge": 1, "period": "+1q", "endDate": null, "growth": {}, "earningsEstimate": {"avg": 0.0, "low": 0.0, "high": 0.0, "yearAgoEps": {}, "numberOfAnalysts": 0, "growth": {}}, "revenueEstimate": {"avg": 0, "low": 0, "high": 0, "numberOfAnalysts": 0, "yearAgoRevenue": {}, "growth": {}}, "epsTrend": {"current": 0.0, "7daysAgo": 0.0, "30daysAgo": 0.0, "60daysAgo": 0.0, "90daysAgo": 0.0}, "epsRevisions": {"upLast7days": 0, "upLast30days": 0, "downLast30days": 0, "downLast90days": {}}}, {"maxAge": 1, "period": "0y", "endDate": null, "growth": {}, "earningsEstimate": {"avg": 0.0, "low": 0.0, "high": 0.0, "yearAgoEps": {}, "numberOfAnalysts": 0, "growth": {}}, "revenueEstimate": {"avg": 0, "low": 0, "high": 0, "numberOfAnalysts": 0, "yearAgoRevenue": {}, "growth": {}}, "epsTrend": {"current": 0.0, "7daysAgo": 0.0, "30daysAgo": 0.0, "60daysAgo": 0.0, "90daysAgo": 0.0}, "epsRevisions": {"upLast7days": 0, "upLast30days": 0, "downLast30days": 0, "downLast90days": {}}}, {"maxAge": 1, "period": "+1y", "endDate": null, "growth": {}, "earningsEstimate": {"avg": 0.0, "low": 0.0, "high": 0.0, "yearAgoEps": {}, "numberOfAnalysts": 0, "growth": {}}, "revenueEstimate": {"avg": 0, "low": 0, "high": 0, "numberOfAnalysts": 0, "yearAgoRevenue": {}, "growth": {}}, "epsTrend": {"current": 0.0, "7daysAgo": 0.0, "30daysAgo": 0.0, "60daysAgo": 0.0, "90daysAgo": 0.0}, "epsRevisions": {"upLast7days": 0, "upLast30days": 0, "downLast30days": 0, "downLast90days": {}}}, {"maxAge": 1, "period": "+5y", "endDate": null, "growth": {}, "earningsEstimate": {"avg": {}, "low": {}, "high": {}, "yearAgoEps": {}, "numberOfAnalysts": {}, "growth": {}}, "revenueEstimate": {"avg": {}, "low": {}, "high": {}, "numberOfAnalysts": {}, "yearAgoRevenue": {}, "growth": {}}, "epsTrend": {"current": {}, "7daysAgo": {}, "30daysAgo": {}, "60daysAgo": {}, "90daysAgo": {}}, "epsRevisions": {"upLast7days": {}, "upLast30days": {}, "downLast30days": {}, "downLast90days": {}}}, {"maxAge": 1, "period": "-5y", "endDate": null, "growth": {}, "earningsEstimate": {"avg": {}, "low": {}, "high": {}, "yearAgoEps": {}, "numberOfAnalysts": {}, "growth": {}}, "revenueEstimate": {"avg": {}, "low": {}, "high": {}, "numberOfAnalysts": {}, "yearAgoRevenue": {}, "growth": {}}, "epsTrend": {"current": {}, "7daysAgo": {}, "30daysAgo": {}, "60daysAgo": {}, "90daysAgo": {}}, "epsRevisions": {"upLast7days": {}, "upLast30days": {}, "downLast30days": {}, "downLast90days": {}}}], "maxAge": 1}, "financialData": {"maxAge": 86400, "currentPrice": 76.5, "recommendationKey": "none", "grossProfits": 178151000, "financialCurrency": "INR"}}}