{"LKPSEC.BO": {"cashflowStatementHistory": {"cashflowStatements": [{"maxAge": 1, "endDate": "2020-03-31", "netIncome": 16269000, "depreciation": 8950000, "changeToNetincome": -44450000, "changeToAccountReceivables": -54501000, "changeToLiabilities": 86887000, "totalCashFromOperatingActivities": 15790000, "capitalExpenditures": -4561000, "investments": 149730000, "otherCashflowsFromInvestingActivities": 69613000, "totalCashflowsFromInvestingActivities": 241479000, "netBorrowings": -105177000, "otherCashflowsFromFinancingActivities": -35344000, "totalCashFromFinancingActivities": -140521000, "changeInCash": 116747000}, {"maxAge": 1, "endDate": "2019-03-31", "netIncome": 21166000, "depreciation": 7090000, "changeToNetincome": -62362000, "changeToAccountReceivables": 343954000, "changeToLiabilities": 138477000, "totalCashFromOperatingActivities": 450067000, "capitalExpenditures": -20500000, "investments": -5259000, "otherCashflowsFromInvestingActivities": 89550000, "totalCashflowsFromInvestingActivities": 36475000, "dividendsPaid": -7322000, "netBorrowings": -381225000, "otherCashflowsFromFinancingActivities": -69550000, "totalCashFromFinancingActivities": -453103000, "changeInCash": 33438000, "issuanceOfStock": 4994000}, {"maxAge": 1, "endDate": "2018-03-31", "netIncome": 82178000, "depreciation": 8079000, "changeToNetincome": -28393000, "changeToAccountReceivables": -191230000, "changeToLiabilities": 212380000, "totalCashFromOperatingActivities": 84509000, "capitalExpenditures": -10895000, "investments": -109568000, "otherCashflowsFromInvestingActivities": 114462000, "totalCashflowsFromInvestingActivities": 54342000, "dividendsPaid": -7322000, "netBorrowings": -25950000, "otherCashflowsFromFinancingActivities": -60599000, "totalCashFromFinancingActivities": -86549000, "changeInCash": 52301000, "issuanceOfStock": 4994000}, {"maxAge": 1, "endDate": "2017-03-31", "netIncome": 5976000, "depreciation": 9428000, "changeToNetincome": 26160000, "changeToAccountReceivables": 127915000, "changeToLiabilities": 143188000, "totalCashFromOperatingActivities": 314191000, "capitalExpenditures": -63062000, "investments": -90872000, "otherCashflowsFromInvestingActivities": 19000000, "totalCashflowsFromInvestingActivities": -133586000, "dividendsPaid": -7322000, "netBorrowings": -91931000, "otherCashflowsFromFinancingActivities": -37773000, "totalCashFromFinancingActivities": -129704000, "changeInCash": 50901000, "issuanceOfStock": 4994000}], "maxAge": 86400}, "institutionOwnership": {"ownershipList": [], "maxAge": 1}, "balanceSheetHistoryQuarterly": {"balanceSheetStatements": [{"maxAge": 1, "endDate": "2020-09-30", "cash": 655056000, "netReceivables": 309782000, "otherCurrentAssets": 12325000, "totalCurrentAssets": 977163000, "longTermInvestments": 651082000, "propertyPlantEquipment": 56542000, "goodWill": 65231000, "intangibleAssets": 8398000, "otherAssets": 38517000, "deferredLongTermAssetCharges": 38517000, "totalAssets": 1796933000, "accountsPayable": 657034000, "otherCurrentLiab": 60769000, "otherLiab": 441475000, "totalCurrentLiabilities": 900815000, "totalLiab": 1342290000, "commonStock": 147869000, "treasuryStock": 306774000, "otherStockholderEquity": 306774000, "totalStockholderEquity": 454643000, "netTangibleAssets": 381014000}, {"maxAge": 1, "endDate": "2020-06-30", "totalStockholderEquity": 401796000, "netTangibleAssets": 379373000}, {"maxAge": 1, "endDate": "2020-03-31", "cash": 301379000, "netReceivables": 241689000, "otherCurrentAssets": 730180000, "totalCurrentAssets": 1340422000, "propertyPlantEquipment": 40870000, "goodWill": 12559000, "intangibleAssets": 9864000, "otherAssets": 46001000, "deferredLongTermAssetCharges": 46001000, "totalAssets": 1449716000, "accountsPayable": 507757000, "otherCurrentLiab": 308933000, "otherLiab": 51801000, "totalCurrentLiabilities": 988231000, "totalLiab": 1047920000, "commonStock": 147869000, "retainedEarnings": 46526000, "treasuryStock": 198447000, "capitalSurplus": 8954000, "otherStockholderEquity": 198447000, "totalStockholderEquity": 401796000, "netTangibleAssets": 379373000}, {"maxAge": 1, "endDate": "2019-12-31", "totalStockholderEquity": 387045000, "netTangibleAssets": 367282000}], "maxAge": 86400}, "indexTrend": {"maxAge": 1, "symbol": "SP5", "peRatio": 19.7411, "pegRatio": 1.34172, "estimates": [{"period": "0q", "growth": 0.549}, {"period": "+1q", "growth": 0.431}, {"period": "0y", "growth": 0.305}, {"period": "+1y", "growth": 0.109}, {"period": "+5y", "growth": 0.120859005}, {"period": "-5y"}]}, "insiderTransactions": {"transactions": [{"maxAge": 1, "shares": 655000, "filerUrl": "", "transactionText": "", "filerName": "Sea Glimpse Investments Pvt Ltd", "filerRelation": "Promoter", "moneyText": "", "startDate": "2019-04-05", "ownership": "D"}, {"maxAge": 1, "shares": 265000, "filerUrl": "", "transactionText": "", "filerName": "Bhavana Holdings Pvt. Ltd.", "filerRelation": "Promoter", "moneyText": "", "startDate": "2018-12-17", "ownership": "D"}], "maxAge": 1}, "quoteType": {"exchange": "BSE", "quoteType": "EQUITY", "symbol": "LKPSEC.BO", "underlyingSymbol": "LKPSEC.BO", "shortName": "LKP Securities Limited", "longName": "LKP Securities Limited", "firstTradeDateEpochUtc": "2016-12-01 09:15:00", "timeZoneFullName": "Asia/Kolkata", "timeZoneShortName": "IST", "uuid": "16fa2ff8-10a7-3830-8fa6-e3465393a7ac", "gmtOffSetMilliseconds": 19800000, "maxAge": 1}, "incomeStatementHistory": {"incomeStatementHistory": [{"maxAge": 1, "endDate": "2020-03-31", "totalRevenue": 703021000, "costOfRevenue": 225761000, "grossProfit": 477260000, "researchDevelopment": {}, "sellingGeneralAdministrative": 328122000, "nonRecurring": {}, "otherOperatingExpenses": 114657000, "totalOperatingExpenses": 680125000, "operatingIncome": 22896000, "totalOtherIncomeExpenseNet": -640000, "ebit": 0, "interestExpense": {}, "incomeBeforeTax": 22256000, "incomeTaxExpense": 5987000, "minorityInterest": {}, "netIncomeFromContinuingOps": 16269000, "discontinuedOperations": {}, "extraordinaryItems": {}, "effectOfAccountingCharges": {}, "otherItems": {}, "netIncome": 16269000, "netIncomeApplicableToCommonShares": 16269000}, {"maxAge": 1, "endDate": "2019-03-31", "totalRevenue": 887758000, "costOfRevenue": 342464000, "grossProfit": 545294000, "researchDevelopment": {}, "sellingGeneralAdministrative": 417613000, "nonRecurring": {}, "otherOperatingExpenses": 111665000, "totalOperatingExpenses": 880574000, "operatingIncome": 7184000, "totalOtherIncomeExpenseNet": 3635000, "ebit": 0, "interestExpense": {}, "incomeBeforeTax": 10819000, "incomeTaxExpense": -10347000, "minorityInterest": {}, "netIncomeFromContinuingOps": 21166000, "discontinuedOperations": {}, "extraordinaryItems": {}, "effectOfAccountingCharges": {}, "otherItems": {}, "netIncome": 21166000, "netIncomeApplicableToCommonShares": 21166000}, {"maxAge": 1, "endDate": "2018-03-31", "totalRevenue": 818959000, "costOfRevenue": 270735000, "grossProfit": 548224000, "researchDevelopment": {}, "sellingGeneralAdministrative": 329789000, "nonRecurring": {}, "otherOperatingExpenses": 71036000, "totalOperatingExpenses": 681134000, "operatingIncome": 137825000, "totalOtherIncomeExpenseNet": -2126000, "ebit": 0, "interestExpense": {}, "incomeBeforeTax": 135699000, "incomeTaxExpense": 53521000, "minorityInterest": {}, "netIncomeFromContinuingOps": 82178000, "discontinuedOperations": {}, "extraordinaryItems": {}, "effectOfAccountingCharges": {}, "otherItems": {}, "netIncome": 82178000, "netIncomeApplicableToCommonShares": 82178000}, {"maxAge": 1, "endDate": "2017-03-31", "totalRevenue": 622891000, "costOfRevenue": 4548000, "grossProfit": 618343000, "researchDevelopment": {}, "sellingGeneralAdministrative": 298131000, "nonRecurring": {}, "otherOperatingExpenses": 307881000, "totalOperatingExpenses": 621512000, "operatingIncome": 1379000, "totalOtherIncomeExpenseNet": -880000, "ebit": 0, "interestExpense": {}, "incomeBeforeTax": 499000, "incomeTaxExpense": -5477000, "minorityInterest": {}, "netIncomeFromContinuingOps": 5976000, "discontinuedOperations": {}, "extraordinaryItems": {}, "effectOfAccountingCharges": {}, "otherItems": {}, "netIncome": 5976000, "netIncomeApplicableToCommonShares": 5976000}], "maxAge": 86400}, "fundOwnership": {"ownershipList": [], "maxAge": 1}, "summaryDetail": {"maxAge": 1, "priceHint": 2, "previousClose": 7.71, "open": 7.9, "dayLow": 7.26, "dayHigh": 8.0, "regularMarketPreviousClose": 7.71, "regularMarketOpen": 7.9, "regularMarketDayLow": 7.26, "regularMarketDayHigh": 8.0, "trailingPE": 7.350929, "volume": 62700, "regularMarketVolume": 62700, "averageVolume": 29823, "averageVolume10days": 11771, "averageDailyVolume10Day": 11771, "bid": 7.3, "ask": 7.49, "bidSize": 0, "askSize": 0, "marketCap": 555988992, "fiftyTwoWeekLow": 3.28, "fiftyTwoWeekHigh": 9.0, "fiftyDayAverage": 7.1560607, "twoHundredDayAverage": 5.6662498, "trailingAnnualDividendRate": 0.1, "trailingAnnualDividendYield": 0.012970169, "currency": "INR", "fromCurrency": null, "lastMarket": null, "algorithm": null, "tradeable": false}, "incomeStatementHistoryQuarterly": {"incomeStatementHistory": [{"maxAge": 1, "endDate": "2020-09-30", "totalRevenue": 226661000, "costOfRevenue": 60829000, "grossProfit": 165832000, "researchDevelopment": {}, "sellingGeneralAdministrative": 80573000, "nonRecurring": {}, "otherOperatingExpenses": 24851000, "totalOperatingExpenses": 169596000, "operatingIncome": 57065000, "totalOtherIncomeExpenseNet": 1373000, "ebit": 0, "interestExpense": {}, "incomeBeforeTax": 58438000, "incomeTaxExpense": 13703000, "minorityInterest": {}, "netIncomeFromContinuingOps": 44735000, "discontinuedOperations": {}, "extraordinaryItems": {}, "effectOfAccountingCharges": {}, "otherItems": {}, "netIncome": 44735000, "netIncomeApplicableToCommonShares": 44735000}, {"maxAge": 1, "endDate": "2020-06-30", "totalRevenue": 203391000, "costOfRevenue": 59772500, "grossProfit": 143618500, "researchDevelopment": {}, "sellingGeneralAdministrative": 78540000, "nonRecurring": {}, "otherOperatingExpenses": 24183000, "totalOperatingExpenses": 165735500, "operatingIncome": 37655500, "totalOtherIncomeExpenseNet": 1353500, "ebit": 0, "interestExpense": {}, "incomeBeforeTax": 39009000, "incomeTaxExpense": 9795000, "minorityInterest": {}, "netIncomeFromContinuingOps": 29214000, "discontinuedOperations": {}, "extraordinaryItems": {}, "effectOfAccountingCharges": {}, "otherItems": {}, "netIncome": 29214000, "netIncomeApplicableToCommonShares": 29214000}, {"maxAge": 1, "endDate": "2020-03-31", "totalRevenue": 199332000, "costOfRevenue": 61797000, "grossProfit": 137535000, "researchDevelopment": {}, "sellingGeneralAdministrative": 81727000, "nonRecurring": {}, "otherOperatingExpenses": 47264000, "totalOperatingExpenses": 181776000, "operatingIncome": 17556000, "totalOtherIncomeExpenseNet": -6115000, "ebit": 0, "interestExpense": {}, "incomeBeforeTax": 11441000, "incomeTaxExpense": 5049000, "minorityInterest": {}, "netIncomeFromContinuingOps": 6392000, "discontinuedOperations": {}, "extraordinaryItems": {}, "effectOfAccountingCharges": {}, "otherItems": {}, "netIncome": 6392000, "netIncomeApplicableToCommonShares": 6392000}, {"maxAge": 1, "endDate": "2019-12-31", "totalRevenue": 183913000, "costOfRevenue": 60371000, "grossProfit": 123542000, "researchDevelopment": {}, "sellingGeneralAdministrative": 83825000, "nonRecurring": {}, "otherOperatingExpenses": 22894000, "totalOperatingExpenses": 173455000, "operatingIncome": 10458000, "totalOtherIncomeExpenseNet": 1266000, "ebit": 0, "interestExpense": {}, "incomeBeforeTax": 11724000, "incomeTaxExpense": 1466000, "minorityInterest": {}, "netIncomeFromContinuingOps": 10258000, "discontinuedOperations": {}, "extraordinaryItems": {}, "effectOfAccountingCharges": {}, "otherItems": {}, "netIncome": 10258000, "netIncomeApplicableToCommonShares": 10258000}], "maxAge": 86400}, "cashflowStatementHistoryQuarterly": {"cashflowStatements": [{"maxAge": 1, "endDate": "2020-09-30", "netIncome": 44735000, "depreciation": 3240000, "changeToNetincome": 11260000, "changeToLiabilities": 0, "totalCashFromOperatingActivities": 43714000, "otherCashflowsFromInvestingActivities": -44164500, "totalCashflowsFromInvestingActivities": -44164500, "otherCashflowsFromFinancingActivities": 12621000, "totalCashFromFinancingActivities": 12621000, "changeInCash": 12667500}, {"maxAge": 1, "endDate": "2020-06-30", "netIncome": 29214000, "depreciation": 3240000, "changeToNetincome": 11260000, "changeToLiabilities": 0, "totalCashFromOperatingActivities": 43714000, "otherCashflowsFromInvestingActivities": -44164500, "totalCashflowsFromInvestingActivities": -44164500, "otherCashflowsFromFinancingActivities": 12621000, "totalCashFromFinancingActivities": 12621000, "changeInCash": 12667500}, {"maxAge": 1, "endDate": "2020-03-31", "netIncome": 6392000, "depreciation": 3240000, "changeToNetincome": 11260000, "changeToLiabilities": 0, "totalCashFromOperatingActivities": 43714000, "otherCashflowsFromInvestingActivities": -44164500, "totalCashflowsFromInvestingActivities": -44164500, "otherCashflowsFromFinancingActivities": 12621000, "totalCashFromFinancingActivities": 12621000, "changeInCash": 12667500}, {"maxAge": 1, "endDate": "2019-12-31", "netIncome": 10258000, "depreciation": 3240000, "changeToNetincome": 11260000, "changeToLiabilities": 0, "totalCashFromOperatingActivities": 43714000, "otherCashflowsFromInvestingActivities": -44164500, "totalCashflowsFromInvestingActivities": -44164500, "otherCashflowsFromFinancingActivities": 12621000, "totalCashFromFinancingActivities": 12621000, "changeInCash": 12667500}], "maxAge": 86400}, "insiderHolders": {"holders": [{"maxAge": 1, "name": "Bhavana Holdings Pvt. Ltd.", "relation": "Promoter", "url": "", "transactionDescription": "Acquisition", "latestTransDate": "2018-12-17", "positionDirect": 8722030, "positionDirectDate": "2018-12-17"}, {"maxAge": 1, "name": "Sea Glimpse Investments Pvt Ltd", "relation": "Promoter", "url": "", "transactionDescription": "Acquisition", "latestTransDate": "2019-04-05", "positionDirect": 15940090, "positionDirectDate": "2019-04-05"}], "maxAge": 1}, "calendarEvents": {"maxAge": 1, "earnings": {"earningsDate": ["2020-10-16 05:30:S"]}}, "upgradeDowngradeHistory": {"history": [], "maxAge": 86400}, "price": {"maxAge": 1, "regularMarketChangePercent": -0.024643328, "regularMarketChange": -0.19000006, "regularMarketTime": "2021-04-30 15:56:20", "priceHint": 2, "regularMarketPrice": 7.52, "regularMarketDayHigh": 8.0, "regularMarketDayLow": 7.26, "regularMarketVolume": 62700, "averageDailyVolume10Day": 11771, "averageDailyVolume3Month": 29823, "regularMarketPreviousClose": 7.71, "regularMarketSource": "FREE_REALTIME", "regularMarketOpen": 7.9, "exchange": "BSE", "exchangeName": "BSE", "exchangeDataDelayedBy": 0, "marketState": "CLOSED", "quoteType": "EQUITY", "symbol": "LKPSEC.BO", "underlyingSymbol": null, "shortName": "LKP Securities Limited", "longName": "LKP Securities Limited", "currency": "INR", "quoteSourceName": "Delayed Quote", "currencySymbol": "\u20b9", "fromCurrency": null, "lastMarket": null, "marketCap": 555988992}, "balanceSheetHistory": {"balanceSheetStatements": [{"maxAge": 1, "endDate": "2020-03-31", "cash": 301379000, "netReceivables": 241689000, "otherCurrentAssets": 730180000, "totalCurrentAssets": 1340422000, "propertyPlantEquipment": 40870000, "goodWill": 12559000, "intangibleAssets": 9864000, "otherAssets": 46001000, "deferredLongTermAssetCharges": 46001000, "totalAssets": 1449716000, "accountsPayable": 507757000, "otherCurrentLiab": 308933000, "otherLiab": 51801000, "totalCurrentLiabilities": 988231000, "totalLiab": 1047920000, "commonStock": 147869000, "retainedEarnings": 46526000, "treasuryStock": 198447000, "capitalSurplus": 8954000, "otherStockholderEquity": 198447000, "totalStockholderEquity": 401796000, "netTangibleAssets": 379373000}, {"maxAge": 1, "endDate": "2019-03-31", "cash": 184631000, "netReceivables": 542813000, "otherCurrentAssets": 551675000, "totalCurrentAssets": 1333497000, "propertyPlantEquipment": 37487000, "goodWill": 12559000, "intangibleAssets": 9197000, "otherAssets": 47596000, "deferredLongTermAssetCharges": 47596000, "totalAssets": 1440336000, "accountsPayable": 505186000, "shortLongTermDebt": 967000, "otherCurrentLiab": 207709000, "otherLiab": 47592000, "totalCurrentLiabilities": 1006295000, "totalLiab": 1053887000, "commonStock": 147869000, "retainedEarnings": 30181000, "treasuryStock": 199445000, "capitalSurplus": 8954000, "otherStockholderEquity": 199445000, "totalStockholderEquity": 386449000, "netTangibleAssets": 364693000}, {"maxAge": 1, "endDate": "2018-03-31", "cash": 151192000, "netReceivables": 669248000, "otherCurrentAssets": 719940000, "totalCurrentAssets": 1571312000, "propertyPlantEquipment": 28829000, "goodWill": 12559000, "intangibleAssets": 5391000, "otherAssets": 29970000, "deferredLongTermAssetCharges": 29970000, "totalAssets": 1648061000, "accountsPayable": 554676000, "shortLongTermDebt": 1537000, "otherCurrentLiab": 24772000, "longTermDebt": 970000, "otherLiab": 48725000, "totalCurrentLiabilities": 1232936000, "totalLiab": 1282631000, "commonStock": 146443000, "retainedEarnings": 25283000, "treasuryStock": 193704000, "otherStockholderEquity": 193704000, "totalStockholderEquity": 365430000, "netTangibleAssets": 347480000}, {"maxAge": 1, "endDate": "2017-03-31", "cash": 98892000, "netReceivables": 650660000, "otherCurrentAssets": 580263000, "totalCurrentAssets": 1342084000, "longTermInvestments": 11067000, "propertyPlantEquipment": 28872000, "goodWill": 12559000, "intangibleAssets": 4160000, "otherAssets": 307010000, "deferredLongTermAssetCharges": 53367000, "totalAssets": 1705752000, "accountsPayable": 711639000, "shortLongTermDebt": 1401000, "otherCurrentLiab": 14567000, "longTermDebt": 2507000, "otherLiab": 34654000, "totalCurrentLiabilities": 1392568000, "totalLiab": 1429729000, "commonStock": 146443000, "retainedEarnings": -59510000, "treasuryStock": 189090000, "otherStockholderEquity": 189090000, "totalStockholderEquity": 276023000, "netTangibleAssets": 259304000}], "maxAge": 86400}, "financialData": {"maxAge": 86400, "currentPrice": 7.52, "recommendationKey": "none", "grossProfits": 477260000, "financialCurrency": "INR"}}}