{"LLOYDSME.BO": {"cashflowStatementHistory": {"cashflowStatements": [{"maxAge": 1, "endDate": "2020-03-31", "netIncome": 318264000, "depreciation": 175540000, "changeToNetincome": -53570000, "changeToAccountReceivables": 152122000, "changeToLiabilities": -29184000, "changeToInventory": -104759000, "changeToOperatingActivities": 57239000, "totalCashFromOperatingActivities": 515652000, "capitalExpenditures": -360339000, "otherCashflowsFromInvestingActivities": 17882000, "totalCashflowsFromInvestingActivities": -342457000, "netBorrowings": 34364000, "otherCashflowsFromFinancingActivities": -101685000, "totalCashFromFinancingActivities": -56938000, "changeInCash": 116257000, "issuanceOfStock": 10383000}, {"maxAge": 1, "endDate": "2019-03-31", "netIncome": 206333000, "depreciation": 150782000, "changeToNetincome": 53068000, "changeToAccountReceivables": -75614000, "changeToLiabilities": -35760000, "changeToInventory": -57824000, "changeToOperatingActivities": -623551000, "totalCashFromOperatingActivities": -382566000, "capitalExpenditures": -407007000, "otherCashflowsFromInvestingActivities": -8730000, "totalCashflowsFromInvestingActivities": -378793000, "netBorrowings": 794804000, "otherCashflowsFromFinancingActivities": -35071000, "totalCashFromFinancingActivities": 759733000, "changeInCash": -1626000, "issuanceOfStock": 10383000}, {"maxAge": 1, "endDate": "2018-03-31", "netIncome": 170341000, "depreciation": 136801000, "changeToNetincome": -5390000, "changeToAccountReceivables": -45917000, "changeToLiabilities": 53828000, "changeToInventory": 2784000, "changeToOperatingActivities": 231160000, "totalCashFromOperatingActivities": 543607000, "capitalExpenditures": -572522000, "otherCashflowsFromInvestingActivities": 16841000, "totalCashflowsFromInvestingActivities": -534722000, "netBorrowings": 8557000, "otherCashflowsFromFinancingActivities": -16200000, "totalCashFromFinancingActivities": -7643000, "changeInCash": 1242000, "issuanceOfStock": 10383000}, {"maxAge": 1, "endDate": "2017-03-31", "netIncome": 55720000, "depreciation": 129734000, "changeToNetincome": 84160000, "changeToAccountReceivables": 107744000, "changeToLiabilities": -463157000, "changeToInventory": -115958000, "changeToOperatingActivities": 146383000, "totalCashFromOperatingActivities": -55374000, "capitalExpenditures": -414427000, "otherCashflowsFromInvestingActivities": 7102000, "totalCashflowsFromInvestingActivities": -407193000, "netBorrowings": -15275000, "otherCashflowsFromFinancingActivities": 474894000, "totalCashFromFinancingActivities": 459619000, "changeInCash": -2948000, "issuanceOfStock": 10383000}], "maxAge": 86400}, "institutionOwnership": {"maxAge": 1, "ownershipList": []}, "balanceSheetHistoryQuarterly": {"balanceSheetStatements": [{"maxAge": 1, "endDate": "2020-06-30", "totalStockholderEquity": 1444055000, "netTangibleAssets": 1444055000}, {"maxAge": 1, "endDate": "2020-03-31", "cash": 118233000, "netReceivables": 823490000, "inventory": 841168000, "otherCurrentAssets": 265016000, "totalCurrentAssets": 2058908000, "longTermInvestments": 1315000, "propertyPlantEquipment": 4162932000, "otherAssets": 193821000, "deferredLongTermAssetCharges": 187332000, "totalAssets": 6416976000, "accountsPayable": 611238000, "shortLongTermDebt": 216879000, "otherCurrentLiab": 151177000, "longTermDebt": 808957000, "otherLiab": 2814340000, "totalCurrentLiabilities": 1318644000, "totalLiab": 4972921000, "commonStock": 225179000, "retainedEarnings": 370437000, "treasuryStock": 840652000, "capitalSurplus": 7787000, "otherStockholderEquity": 840652000, "totalStockholderEquity": 1444055000, "netTangibleAssets": 1444055000}, {"maxAge": 1, "endDate": "2019-12-31", "totalStockholderEquity": 1195487000, "netTangibleAssets": 1195487000}, {"maxAge": 1, "endDate": "2019-09-30", "cash": 72204000, "netReceivables": 150063000, "inventory": 751924000, "otherCurrentAssets": 875820000, "totalCurrentAssets": 1857520000, "longTermInvestments": 1315000, "propertyPlantEquipment": 4103253000, "otherAssets": 6249000, "totalAssets": 5968337000, "accountsPayable": 679899000, "shortLongTermDebt": 163712000, "otherCurrentLiab": 70957000, "longTermDebt": 854318000, "otherLiab": 2692853000, "totalCurrentLiabilities": 1225679000, "totalLiab": 4772850000, "commonStock": 226901000, "treasuryStock": 968586000, "otherStockholderEquity": 968586000, "totalStockholderEquity": 1195487000, "netTangibleAssets": 1195487000}], "maxAge": 86400}, "indexTrend": {"maxAge": 1, "symbol": "SP5", "peRatio": 19.7411, "pegRatio": 1.34172, "estimates": [{"period": "0q", "growth": 0.549}, {"period": "+1q", "growth": 0.431}, {"period": "0y", "growth": 0.305}, {"period": "+1y", "growth": 0.109}, {"period": "+5y", "growth": 0.120859005}, {"period": "-5y"}]}, "insiderTransactions": {"transactions": [{"maxAge": 1, "shares": 2570820, "value": 137024, "filerUrl": "", "transactionText": "Other at price 0.05 per share.", "filerName": "Lloyds Employees Welfare Trust", "filerRelation": "Institution- Corporation", "moneyText": "", "startDate": "2020-08-21", "ownership": "D"}, {"maxAge": 1, "shares": 4000000, "value": 398800, "filerUrl": "", "transactionText": "Other at price 0.10 per share.", "filerName": "Agarwal (Ravi)", "filerRelation": "Promoter", "moneyText": "", "startDate": "2020-08-03", "ownership": "D"}, {"maxAge": 1, "shares": 4000000, "value": 398800, "filerUrl": "", "transactionText": "Other at price 0.10 per share.", "filerName": "Gupta (Madhur R)", "filerRelation": "Promoter", "moneyText": "", "startDate": "2020-08-03", "ownership": "D"}, {"maxAge": 1, "shares": 4000000, "filerUrl": "", "transactionText": "", "filerName": "Gupta (Shreekrishna M)", "filerRelation": "Promoter", "moneyText": "", "startDate": "2020-07-31", "ownership": "D"}, {"maxAge": 1, "shares": 2225820, "filerUrl": "", "transactionText": "", "filerName": "Khadilkar (Atul)", "filerRelation": "UNREPORTED", "moneyText": "", "startDate": "2020-06-22", "ownership": "D"}, {"maxAge": 1, "shares": 2225820, "filerUrl": "", "transactionText": "", "filerName": "Lloyds Employees Welfare Trust", "filerRelation": "Institution- Corporation", "moneyText": "", "startDate": "2020-06-22", "ownership": "D"}, {"maxAge": 1, "shares": 2595820, "filerUrl": "", "transactionText": "", "filerName": "Lloyds Employees Welfare Trust", "filerRelation": "Institution- Corporation", "moneyText": "", "startDate": "2019-08-03", "ownership": "D"}, {"maxAge": 1, "shares": 5000000, "filerUrl": "", "transactionText": "", "filerName": "Gupta (Madhur R)", "filerRelation": "Promoter", "moneyText": "", "startDate": "2018-12-31", "ownership": "D"}, {"maxAge": 1, "shares": 5000000, "filerUrl": "", "transactionText": "", "filerName": "Gupta (Mukesh R)", "filerRelation": "Non Executive Chairman", "moneyText": "", "startDate": "2018-12-31", "ownership": "D"}, {"maxAge": 1, "shares": 5000000, "filerUrl": "", "transactionText": "", "filerName": "Gupta (Rajesh)", "filerRelation": "Director (Non-Executive)", "moneyText": "", "startDate": "2018-12-31", "ownership": "D"}, {"maxAge": 1, "shares": 5000000, "filerUrl": "", "transactionText": "", "filerName": "Gupta (Shreekrishna M)", "filerRelation": "Promoter", "moneyText": "", "startDate": "2018-12-31", "ownership": "D"}], "maxAge": 1}, "quoteType": {"exchange": "BSE", "quoteType": "EQUITY", "symbol": "LLOYDSME.BO", "underlyingSymbol": "LLOYDSME.BO", "shortName": "LLOYDS METALS AND ENERGY LTD.", "longName": "Lloyds Metals and Energy Limited", "firstTradeDateEpochUtc": "2002-07-01 09:15:00", "timeZoneFullName": "Asia/Kolkata", "timeZoneShortName": "IST", "uuid": "4817d674-6dfb-3e88-b7b9-dc5fdf2652d0", "messageBoardId": null, "gmtOffSetMilliseconds": 19800000, "maxAge": 1}, "incomeStatementHistory": {"incomeStatementHistory": [{"maxAge": 1, "endDate": "2020-03-31", "totalRevenue": 3717385000, "costOfRevenue": 2893924000, "grossProfit": 823461000, "researchDevelopment": {}, "sellingGeneralAdministrative": 227109000, "nonRecurring": {}, "otherOperatingExpenses": 133953000, "totalOperatingExpenses": 3430526000, "operatingIncome": 286859000, "totalOtherIncomeExpenseNet": -155927000, "ebit": 286859000, "interestExpense": -138351000, "incomeBeforeTax": 130932000, "incomeTaxExpense": -187332000, "minorityInterest": {}, "netIncomeFromContinuingOps": 318264000, "discontinuedOperations": {}, "extraordinaryItems": {}, "effectOfAccountingCharges": {}, "otherItems": {}, "netIncome": 318264000, "netIncomeApplicableToCommonShares": 318264000}, {"maxAge": 1, "endDate": "2019-03-31", "totalRevenue": 4772811000, "costOfRevenue": 3866854000, "grossProfit": 905957000, "researchDevelopment": {}, "sellingGeneralAdministrative": 217363000, "nonRecurring": {}, "otherOperatingExpenses": 240660000, "totalOperatingExpenses": 4475659000, "operatingIncome": 297152000, "totalOtherIncomeExpenseNet": -90819000, "ebit": 297152000, "interestExpense": -70232000, "incomeBeforeTax": 206333000, "incomeTaxExpense": 0, "minorityInterest": {}, "netIncomeFromContinuingOps": 206333000, "discontinuedOperations": {}, "extraordinaryItems": {}, "effectOfAccountingCharges": {}, "otherItems": {}, "netIncome": 206333000, "netIncomeApplicableToCommonShares": 206333000}, {"maxAge": 1, "endDate": "2018-03-31", "totalRevenue": 4026176000, "costOfRevenue": 3291559000, "grossProfit": 734617000, "researchDevelopment": {}, "sellingGeneralAdministrative": 160946000, "nonRecurring": {}, "otherOperatingExpenses": 182087000, "totalOperatingExpenses": 3771393000, "operatingIncome": 254783000, "totalOtherIncomeExpenseNet": -84442000, "ebit": 254783000, "interestExpense": -27188000, "incomeBeforeTax": 170341000, "incomeTaxExpense": 0, "minorityInterest": {}, "netIncomeFromContinuingOps": 170341000, "discontinuedOperations": {}, "extraordinaryItems": {}, "effectOfAccountingCharges": {}, "otherItems": {}, "netIncome": 170341000, "netIncomeApplicableToCommonShares": 170341000}, {"maxAge": 1, "endDate": "2017-03-31", "totalRevenue": 3689434000, "costOfRevenue": 2973015000, "grossProfit": 716419000, "researchDevelopment": {}, "sellingGeneralAdministrative": 153478000, "nonRecurring": {}, "otherOperatingExpenses": 413023000, "totalOperatingExpenses": 3669250000, "operatingIncome": 20184000, "totalOtherIncomeExpenseNet": 35536000, "ebit": 20184000, "interestExpense": -24936000, "incomeBeforeTax": 55720000, "incomeTaxExpense": 0, "minorityInterest": {}, "netIncomeFromContinuingOps": 55720000, "discontinuedOperations": {}, "extraordinaryItems": {}, "effectOfAccountingCharges": {}, "otherItems": {}, "netIncome": 55720000, "netIncomeApplicableToCommonShares": 55720000}], "maxAge": 86400}, "fundOwnership": {"maxAge": 1, "ownershipList": []}, "summaryDetail": {"maxAge": 1, "priceHint": 2, "previousClose": 14.7, "open": 14.7, "dayLow": 14.51, "dayHigh": 15.43, "regularMarketPreviousClose": 14.7, "regularMarketOpen": 14.7, "regularMarketDayLow": 14.51, "regularMarketDayHigh": 15.43, "trailingPE": 23.338509, "volume": 178739, "regularMarketVolume": 178739, "averageVolume": 127689, "averageVolume10days": 51772, "averageDailyVolume10Day": 51772, "bid": 14.76, "ask": 14.95, "bidSize": 0, "askSize": 0, "marketCap": 3783787264, "fiftyTwoWeekLow": 4.12, "fiftyTwoWeekHigh": 17.49, "fiftyDayAverage": 13.169714, "twoHundredDayAverage": 11.239781, "currency": "INR", "fromCurrency": null, "toCurrency": null, "lastMarket": null, "algorithm": null, "tradeable": false}, "incomeStatementHistoryQuarterly": {"incomeStatementHistory": [{"maxAge": 1, "endDate": "2020-06-30", "totalRevenue": 106101000, "costOfRevenue": 126795000, "grossProfit": -20694000, "researchDevelopment": {}, "sellingGeneralAdministrative": 23243000, "nonRecurring": {}, "otherOperatingExpenses": 25901000, "totalOperatingExpenses": 178264000, "operatingIncome": -72163000, "totalOtherIncomeExpenseNet": -22195000, "ebit": -72163000, "interestExpense": -22195000, "incomeBeforeTax": -94358000, "incomeTaxExpense": 0, "minorityInterest": {}, "netIncomeFromContinuingOps": -94358000, "discontinuedOperations": {}, "extraordinaryItems": {}, "effectOfAccountingCharges": {}, "otherItems": {}, "netIncome": -94358000, "netIncomeApplicableToCommonShares": -94358000}, {"maxAge": 1, "endDate": "2020-03-31", "totalRevenue": 1052865000, "costOfRevenue": 845554000, "grossProfit": 207311000, "researchDevelopment": {}, "sellingGeneralAdministrative": 54933000, "nonRecurring": {}, "otherOperatingExpenses": 43554000, "totalOperatingExpenses": 990015000, "operatingIncome": 62850000, "totalOtherIncomeExpenseNet": -37788000, "ebit": 62850000, "interestExpense": -20212000, "incomeBeforeTax": 25062000, "incomeTaxExpense": -187332000, "minorityInterest": {}, "netIncomeFromContinuingOps": 212394000, "discontinuedOperations": {}, "extraordinaryItems": {}, "effectOfAccountingCharges": {}, "otherItems": {}, "netIncome": 212394000, "netIncomeApplicableToCommonShares": 212394000}, {"maxAge": 1, "endDate": "2019-12-31", "totalRevenue": 846914000, "costOfRevenue": 651641000, "grossProfit": 195273000, "researchDevelopment": {}, "sellingGeneralAdministrative": 51710000, "nonRecurring": {}, "otherOperatingExpenses": 21544000, "totalOperatingExpenses": 771625000, "operatingIncome": 75289000, "totalOtherIncomeExpenseNet": -44460000, "ebit": 75289000, "interestExpense": -44460000, "incomeBeforeTax": 30829000, "incomeTaxExpense": 0, "minorityInterest": {}, "netIncomeFromContinuingOps": 30829000, "discontinuedOperations": {}, "extraordinaryItems": {}, "effectOfAccountingCharges": {}, "otherItems": {}, "netIncome": 30829000, "netIncomeApplicableToCommonShares": 30829000}, {"maxAge": 1, "endDate": "2019-09-30", "totalRevenue": 553601000, "costOfRevenue": 378500000, "grossProfit": 175101000, "researchDevelopment": {}, "sellingGeneralAdministrative": 60607000, "nonRecurring": {}, "otherOperatingExpenses": 36573000, "totalOperatingExpenses": 518761000, "operatingIncome": 34840000, "totalOtherIncomeExpenseNet": -34700000, "ebit": 34840000, "interestExpense": -34700000, "incomeBeforeTax": 140000, "incomeTaxExpense": 0, "minorityInterest": {}, "netIncomeFromContinuingOps": 140000, "discontinuedOperations": {}, "extraordinaryItems": {}, "effectOfAccountingCharges": {}, "otherItems": {}, "netIncome": 140000, "netIncomeApplicableToCommonShares": 140000}], "maxAge": 86400}, "cashflowStatementHistoryQuarterly": {"cashflowStatements": [{"maxAge": 1, "endDate": "2020-06-30", "netIncome": -94358000, "changeToLiabilities": 0}, {"maxAge": 1, "endDate": "2020-03-31", "netIncome": 212394000, "changeToLiabilities": 0}, {"maxAge": 1, "endDate": "2019-12-31", "netIncome": 30829000, "changeToLiabilities": 0}, {"maxAge": 1, "endDate": "2019-09-30", "netIncome": 140000, "changeToLiabilities": 0}], "maxAge": 86400}, "insiderHolders": {"holders": [{"maxAge": 1, "name": "Agarwal (Ravi)", "relation": "Promoter", "url": "", "transactionDescription": "Other", "latestTransDate": "2020-08-03", "positionDirect": 11730000, "positionDirectDate": "2020-08-03"}, {"maxAge": 1, "name": "Gupta (Madhur R)", "relation": "Promoter", "url": "", "transactionDescription": "Other", "latestTransDate": "2020-08-03", "positionDirect": 9600000, "positionDirectDate": "2020-08-03"}, {"maxAge": 1, "name": "Gupta (Mukesh R)", "relation": "Non Executive Chairman", "url": "", "transactionDescription": "Sale", "latestTransDate": "2018-12-31", "positionDirect": 707300, "positionDirectDate": "2018-12-31"}, {"maxAge": 1, "name": "Gupta (Rajesh)", "relation": "Director (Non-Executive)", "url": "", "transactionDescription": "Sale", "latestTransDate": "2018-12-31", "positionDirect": 691720, "positionDirectDate": "2018-12-31"}, {"maxAge": 1, "name": "Gupta (Shreekrishna M)", "relation": "Promoter", "url": "", "transactionDescription": "Acquisition", "latestTransDate": "2020-07-31", "positionDirect": 9602000, "positionDirectDate": "2020-07-31"}, {"maxAge": 1, "name": "Khadilkar (Atul)", "relation": "UNREPORTED", "url": "", "transactionDescription": "Purchase", "latestTransDate": "2020-06-22", "positionDirect": 2225820, "positionDirectDate": "2020-06-22"}, {"maxAge": 1, "name": "Lloyds Employees Welfare Trust", "relation": "Institution- Corporation", "url": "", "transactionDescription": "Other", "latestTransDate": "2020-08-21", "positionDirect": 2940820, "positionDirectDate": "2020-08-21"}], "maxAge": 1}, "calendarEvents": {"maxAge": 1, "earnings": {"earningsDate": []}}, "price": {"maxAge": 1, "regularMarketChangePercent": 0.022448976, "regularMarketChange": 0.32999992, "regularMarketTime": "2021-04-30 15:29:41", "priceHint": 2, "regularMarketPrice": 15.03, "regularMarketDayHigh": 15.43, "regularMarketDayLow": 14.51, "regularMarketVolume": 178739, "averageDailyVolume10Day": 51772, "averageDailyVolume3Month": 127689, "regularMarketPreviousClose": 14.7, "regularMarketSource": "FREE_REALTIME", "regularMarketOpen": 14.7, "exchange": "BSE", "exchangeName": "BSE", "exchangeDataDelayedBy": 0, "marketState": "CLOSED", "quoteType": "EQUITY", "symbol": "LLOYDSME.BO", "underlyingSymbol": null, "shortName": "LLOYDS METALS AND ENERGY LTD.", "longName": "Lloyds Metals and Energy Limited", "currency": "INR", "quoteSourceName": "Delayed Quote", "currencySymbol": "\u20b9", "fromCurrency": null, "toCurrency": null, "lastMarket": null, "marketCap": 3783787264}, "balanceSheetHistory": {"balanceSheetStatements": [{"maxAge": 1, "endDate": "2020-03-31", "cash": 118233000, "netReceivables": 823490000, "inventory": 841168000, "otherCurrentAssets": 265016000, "totalCurrentAssets": 2058908000, "longTermInvestments": 1315000, "propertyPlantEquipment": 4162932000, "otherAssets": 193821000, "deferredLongTermAssetCharges": 187332000, "totalAssets": 6416976000, "accountsPayable": 611238000, "shortLongTermDebt": 216879000, "otherCurrentLiab": 151177000, "longTermDebt": 808957000, "otherLiab": 2814340000, "totalCurrentLiabilities": 1318644000, "totalLiab": 4972921000, "commonStock": 225179000, "retainedEarnings": 370437000, "treasuryStock": 840652000, "capitalSurplus": 7787000, "otherStockholderEquity": 840652000, "totalStockholderEquity": 1444055000, "netTangibleAssets": 1444055000}, {"maxAge": 1, "endDate": "2019-03-31", "cash": 1976000, "netReceivables": 1005227000, "inventory": 736409000, "otherCurrentAssets": 203230000, "totalCurrentAssets": 1957571000, "longTermInvestments": 1315000, "propertyPlantEquipment": 3943732000, "otherAssets": 6279000, "totalAssets": 5908897000, "accountsPayable": 640273000, "shortLongTermDebt": 72192000, "otherCurrentLiab": 65633000, "longTermDebt": 826180000, "otherLiab": 3100336000, "totalCurrentLiabilities": 899846000, "totalLiab": 4826362000, "commonStock": 222583000, "retainedEarnings": 52173000, "treasuryStock": 807779000, "otherStockholderEquity": 807779000, "totalStockholderEquity": 1082535000, "netTangibleAssets": 1082535000}, {"maxAge": 1, "endDate": "2018-03-31", "cash": 3602000, "netReceivables": 542349000, "inventory": 678585000, "otherCurrentAssets": 225971000, "totalCurrentAssets": 1462429000, "longTermInvestments": 1315000, "propertyPlantEquipment": 3712269000, "otherAssets": 385182000, "totalAssets": 5561195000, "accountsPayable": 676033000, "shortLongTermDebt": 3229000, "otherCurrentLiab": 43110000, "longTermDebt": 100339000, "otherLiab": 3673534000, "totalCurrentLiabilities": 942979000, "totalLiab": 4716852000, "commonStock": 222583000, "retainedEarnings": -154160000, "treasuryStock": 775920000, "otherStockholderEquity": 775920000, "totalStockholderEquity": 844343000, "netTangibleAssets": 844343000}, {"maxAge": 1, "endDate": "2017-03-31", "cash": 2360000, "netReceivables": 326360000, "inventory": 681369000, "otherCurrentAssets": 314615000, "totalCurrentAssets": 1353842000, "longTermInvestments": 1315000, "propertyPlantEquipment": 3283472000, "otherAssets": 388220000, "totalAssets": 5026849000, "accountsPayable": 598862000, "shortLongTermDebt": 2106000, "otherCurrentLiab": 113030000, "longTermDebt": 92906000, "otherLiab": 3351269000, "totalCurrentLiabilities": 906437000, "totalLiab": 4350612000, "commonStock": 222583000, "retainedEarnings": -324502000, "treasuryStock": 778156000, "otherStockholderEquity": 778156000, "totalStockholderEquity": 676237000, "netTangibleAssets": 676237000}], "maxAge": 86400}, "financialData": {"maxAge": 86400, "currentPrice": 15.03, "recommendationKey": "none", "grossProfits": 823461000, "financialCurrency": "INR"}}}