{"LOKESHMACH.BO": {"recommendationTrend": {"trend": [{"period": "0m", "strongBuy": 0, "buy": 0, "hold": 0, "sell": 0, "strongSell": 0}, {"period": "-1m", "strongBuy": 0, "buy": 0, "hold": 0, "sell": 0, "strongSell": 0}, {"period": "-2m", "strongBuy": 0, "buy": 0, "hold": 0, "sell": 0, "strongSell": 0}, {"period": "-3m", "strongBuy": 0, "buy": 0, "hold": 0, "sell": 0, "strongSell": 0}], "maxAge": 86400}, "cashflowStatementHistory": {"cashflowStatements": [{"maxAge": 1, "endDate": "2020-03-31", "netIncome": -46842000, "depreciation": 87986000, "changeToNetincome": 45238000, "changeToAccountReceivables": 101482000, "changeToLiabilities": -40143000, "changeToInventory": -34864000, "totalCashFromOperatingActivities": 113871000, "capitalExpenditures": -34456000, "investments": 8568000, "otherCashflowsFromInvestingActivities": 1628000, "totalCashflowsFromInvestingActivities": -24225000, "dividendsPaid": -70000, "netBorrowings": 21610000, "otherCashflowsFromFinancingActivities": -113116000, "totalCashFromFinancingActivities": -91576000, "changeInCash": -1930000}, {"maxAge": 1, "endDate": "2019-03-31", "netIncome": 67654000, "depreciation": 90966000, "changeToNetincome": 133770000, "changeToAccountReceivables": -82444000, "changeToLiabilities": 100964000, "changeToInventory": 596000, "totalCashFromOperatingActivities": 311798000, "capitalExpenditures": -95474000, "investments": -12224000, "otherCashflowsFromInvestingActivities": 5087000, "totalCashflowsFromInvestingActivities": -102611000, "dividendsPaid": -70000, "netBorrowings": -67855000, "otherCashflowsFromFinancingActivities": -144593000, "totalCashFromFinancingActivities": -212448000, "changeInCash": -3261000}, {"maxAge": 1, "endDate": "2018-03-31", "netIncome": 47047000, "depreciation": 81591000, "changeToNetincome": 153071000, "changeToAccountReceivables": 129700000, "changeToLiabilities": -106790000, "changeToInventory": -1209000, "totalCashFromOperatingActivities": 303547000, "capitalExpenditures": -74175000, "investments": -12224000, "otherCashflowsFromInvestingActivities": 647000, "totalCashflowsFromInvestingActivities": -54825000, "dividendsPaid": -70000, "netBorrowings": -134353000, "otherCashflowsFromFinancingActivities": -147923000, "totalCashFromFinancingActivities": -240750000, "changeInCash": 7972000, "issuanceOfStock": 41526000}, {"maxAge": 1, "endDate": "2017-03-31", "netIncome": 21103000, "depreciation": 81572000, "changeToNetincome": 162613000, "changeToAccountReceivables": 5083000, "changeToLiabilities": -10493000, "changeToInventory": -49478000, "totalCashFromOperatingActivities": 210639000, "capitalExpenditures": -97388000, "investments": -12224000, "otherCashflowsFromInvestingActivities": 1607000, "totalCashflowsFromInvestingActivities": -67519000, "dividendsPaid": -8318000, "netBorrowings": -148654000, "otherCashflowsFromFinancingActivities": -152908000, "totalCashFromFinancingActivities": -146122000, "changeInCash": -3002000, "issuanceOfStock": 163758000}], "maxAge": 86400}, "institutionOwnership": {"maxAge": 1, "ownershipList": []}, "balanceSheetHistoryQuarterly": {"balanceSheetStatements": [{"maxAge": 1, "endDate": "2020-06-30", "cash": 27164000, "shortTermInvestments": 13055000, "netReceivables": 326082000, "inventory": 952294000, "otherCurrentAssets": 93908000, "totalCurrentAssets": 1412503000, "longTermInvestments": 15000000, "propertyPlantEquipment": 1230600000, "intangibleAssets": 2850000, "otherAssets": 119126000, "totalAssets": 2780079000, "accountsPayable": 254749000, "shortLongTermDebt": 119688000, "otherCurrentLiab": 169046000, "longTermDebt": 156713000, "otherLiab": 94631000, "totalCurrentLiabilities": 1159214000, "totalLiab": 1410558000, "commonStock": 178968000, "treasuryStock": 1190553000, "otherStockholderEquity": 1190553000, "totalStockholderEquity": 1369521000, "netTangibleAssets": 1366671000}, {"maxAge": 1, "endDate": "2020-03-31", "cash": 8340000, "netReceivables": 292235000, "inventory": 1053569000, "otherCurrentAssets": 31263000, "totalCurrentAssets": 1391474000, "longTermInvestments": 15000000, "propertyPlantEquipment": 1250698000, "intangibleAssets": 3078000, "otherAssets": 117424000, "totalAssets": 2777674000, "accountsPayable": 277451000, "shortLongTermDebt": 34541000, "otherCurrentLiab": 180381000, "longTermDebt": 131389000, "otherLiab": 94631000, "totalCurrentLiabilities": 1155345000, "totalLiab": 1388847000, "commonStock": 178968000, "retainedEarnings": 463866000, "treasuryStock": 7162000, "capitalSurplus": 738831000, "otherStockholderEquity": 7162000, "totalStockholderEquity": 1388827000, "netTangibleAssets": 1385749000}, {"maxAge": 1, "endDate": "2019-12-31", "cash": 31437000, "shortTermInvestments": 39908000, "netReceivables": 374966000, "inventory": 997452000, "totalCurrentAssets": 1443763000, "longTermInvestments": 108846000, "propertyPlantEquipment": 1207154000, "intangibleAssets": 2505000, "otherAssets": 69234000, "totalAssets": 2831502000, "accountsPayable": 297116000, "shortLongTermDebt": 68942000, "otherCurrentLiab": 178887000, "longTermDebt": 74367000, "otherLiab": 124230000, "totalCurrentLiabilities": 1180629000, "totalLiab": 1379226000, "commonStock": 178968000, "treasuryStock": 1273308000, "otherStockholderEquity": 1273308000, "totalStockholderEquity": 1452276000, "netTangibleAssets": 1449771000}, {"maxAge": 1, "endDate": "2019-09-30", "cash": 35140000, "shortTermInvestments": 18750000, "netReceivables": 389429000, "inventory": 979354000, "otherCurrentAssets": 91735000, "totalCurrentAssets": 1422673000, "longTermInvestments": 106885000, "propertyPlantEquipment": 1223192000, "intangibleAssets": 2756000, "otherAssets": 69234000, "totalAssets": 2824740000, "accountsPayable": 305473000, "shortLongTermDebt": 45535000, "otherCurrentLiab": 192605000, "longTermDebt": 84285000, "otherLiab": 124798000, "totalCurrentLiabilities": 1165976000, "totalLiab": 1375059000, "commonStock": 178968000, "treasuryStock": 1270713000, "otherStockholderEquity": 1270713000, "totalStockholderEquity": 1449681000, "netTangibleAssets": 1446925000}], "maxAge": 86400}, "earningsHistory": {"history": [{"maxAge": 1, "epsActual": {}, "epsEstimate": {}, "epsDifference": {}, "surprisePercent": {}, "quarter": {}, "period": "-4q"}, {"maxAge": 1, "epsActual": {}, "epsEstimate": {}, "epsDifference": {}, "surprisePercent": {}, "quarter": {}, "period": "-3q"}, {"maxAge": 1, "epsActual": {}, "epsEstimate": {}, "epsDifference": {}, "surprisePercent": {}, "quarter": {}, "period": "-2q"}, {"maxAge": 1, "epsActual": {}, "epsEstimate": {}, "epsDifference": {}, "surprisePercent": {}, "quarter": {}, "period": "-1q"}], "maxAge": 86400}, "indexTrend": {"maxAge": 1, "symbol": "SP5", "peRatio": 19.7411, "pegRatio": 1.34172, "estimates": [{"period": "0q", "growth": 0.549}, {"period": "+1q", "growth": 0.431}, {"period": "0y", "growth": 0.305}, {"period": "+1y", "growth": 0.109}, {"period": "+5y", "growth": 0.120865}, {"period": "-5y"}]}, "industryTrend": {"maxAge": 1, "symbol": null, "estimates": []}, "insiderTransactions": {"transactions": [{"maxAge": 1, "shares": 125000, "filerUrl": "", "transactionText": "Gift at price 0.00 per share.", "filerName": "Kiran (Asha C)", "filerRelation": "Promoter", "moneyText": "", "startDate": "2020-09-29", "ownership": "D"}, {"maxAge": 1, "shares": 125000, "filerUrl": "", "transactionText": "Gift at price 0.00 per share.", "filerName": "Mullapudi (Vijayalakshmi Lokeswara Rao)", "filerRelation": "Promoter", "moneyText": "", "startDate": "2020-09-29", "ownership": "D"}, {"maxAge": 1, "shares": 250000, "filerUrl": "", "transactionText": "Gift at price 0.00 per share.", "filerName": "Kiran (Asha C)", "filerRelation": "Promoter", "moneyText": "", "startDate": "2020-08-17", "ownership": "D"}, {"maxAge": 1, "shares": 250000, "filerUrl": "", "transactionText": "Gift at price 0.00 per share.", "filerName": "Mullapudi (Vijayalakshmi Lokeswara Rao)", "filerRelation": "Promoter", "moneyText": "", "startDate": "2020-08-17", "ownership": "D"}, {"maxAge": 1, "shares": 175000, "filerUrl": "", "transactionText": "", "filerName": "Cherukuri (Sri Rekha)", "filerRelation": "Promoter", "moneyText": "", "startDate": "2019-12-26", "ownership": "D"}, {"maxAge": 1, "shares": 175000, "filerUrl": "", "transactionText": "", "filerName": "Mullapudi (Lokeswara Rao)", "filerRelation": "Promoter", "moneyText": "", "startDate": "2019-12-26", "ownership": "D"}, {"maxAge": 1, "shares": 78327, "filerUrl": "", "transactionText": "", "filerName": "Mullapudi (Lokeswara Rao)", "filerRelation": "Managing Director", "moneyText": "", "startDate": "2019-12-24", "ownership": "D"}, {"maxAge": 1, "shares": 78327, "filerUrl": "", "transactionText": "", "filerName": "Mullapudi (Vijayalakshmi Lokeswara Rao)", "filerRelation": "Promoter", "moneyText": "", "startDate": "2019-12-24", "ownership": "D"}, {"maxAge": 1, "shares": 10500, "filerUrl": "", "transactionText": "", "filerName": "Mullapudi (Lokeswara Rao)", "filerRelation": "Managing Director", "moneyText": "", "startDate": "2019-12-20", "ownership": "D"}, {"maxAge": 1, "shares": 30000, "filerUrl": "", "transactionText": "", "filerName": "Mullapudi (Lokeswara Rao)", "filerRelation": "Managing Director", "moneyText": "", "startDate": "2019-12-19", "ownership": "D"}, {"maxAge": 1, "shares": 928548, "filerUrl": "", "transactionText": "", "filerName": "Mullapudi (Vijayalakshmi Lokeswara Rao)", "filerRelation": "Promoter", "moneyText": "", "startDate": "2018-10-31", "ownership": "D"}], "maxAge": 1}, "quoteType": {"exchange": "BSE", "quoteType": "EQUITY", "symbol": "LOKESHMACH.BO", "underlyingSymbol": "LOKESHMACH.BO", "shortName": "LOKESH MACHINES LTD.", "longName": "Lokesh Machines Limited", "firstTradeDateEpochUtc": "2006-05-05 09:15:00", "timeZoneFullName": "Asia/Kolkata", "timeZoneShortName": "IST", "uuid": "4f2affbc-1074-386e-9a2e-6900a8446947", "messageBoardId": null, "gmtOffSetMilliseconds": 19800000, "maxAge": 1}, "incomeStatementHistory": {"incomeStatementHistory": [{"maxAge": 1, "endDate": "2020-03-31", "totalRevenue": 1258407000, "costOfRevenue": 747265000, "grossProfit": 511142000, "researchDevelopment": {}, "sellingGeneralAdministrative": 323168000, "nonRecurring": {}, "otherOperatingExpenses": 66690000, "totalOperatingExpenses": 1226123000, "operatingIncome": 32284000, "totalOtherIncomeExpenseNet": -113559000, "ebit": 32284000, "interestExpense": -109882000, "incomeBeforeTax": -81275000, "incomeTaxExpense": -34433000, "minorityInterest": {}, "netIncomeFromContinuingOps": -46842000, "discontinuedOperations": {}, "extraordinaryItems": {}, "effectOfAccountingCharges": {}, "otherItems": {}, "netIncome": -46842000, "netIncomeApplicableToCommonShares": -46842000}, {"maxAge": 1, "endDate": "2019-03-31", "totalRevenue": 1904407000, "costOfRevenue": 1158271000, "grossProfit": 746136000, "researchDevelopment": {}, "sellingGeneralAdministrative": 339189000, "nonRecurring": {}, "otherOperatingExpenses": 93404000, "totalOperatingExpenses": 1682122000, "operatingIncome": 222285000, "totalOtherIncomeExpenseNet": -120423000, "ebit": 222285000, "interestExpense": -121913000, "incomeBeforeTax": 101862000, "incomeTaxExpense": 34208000, "minorityInterest": {}, "netIncomeFromContinuingOps": 67654000, "discontinuedOperations": {}, "extraordinaryItems": {}, "effectOfAccountingCharges": {}, "otherItems": {}, "netIncome": 67654000, "netIncomeApplicableToCommonShares": 67654000}, {"maxAge": 1, "endDate": "2018-03-31", "totalRevenue": 1749448000, "costOfRevenue": 1070254000, "grossProfit": 679194000, "researchDevelopment": {}, "sellingGeneralAdministrative": 306612000, "nonRecurring": {}, "otherOperatingExpenses": 86775000, "totalOperatingExpenses": 1545369000, "operatingIncome": 204079000, "totalOtherIncomeExpenseNet": -132529000, "ebit": 204079000, "interestExpense": -131452000, "incomeBeforeTax": 71550000, "incomeTaxExpense": 24503000, "minorityInterest": {}, "netIncomeFromContinuingOps": 47047000, "discontinuedOperations": {}, "extraordinaryItems": {}, "effectOfAccountingCharges": {}, "otherItems": {}, "netIncome": 47047000, "netIncomeApplicableToCommonShares": 47047000}, {"maxAge": 1, "endDate": "2017-03-31", "totalRevenue": 1317782000, "costOfRevenue": 680262000, "grossProfit": 637520000, "researchDevelopment": {}, "sellingGeneralAdministrative": 280452000, "nonRecurring": {}, "otherOperatingExpenses": 78966000, "totalOperatingExpenses": 1121491000, "operatingIncome": 196291000, "totalOtherIncomeExpenseNet": -163176000, "ebit": 196291000, "interestExpense": -158683000, "incomeBeforeTax": 33115000, "incomeTaxExpense": 12012000, "minorityInterest": {}, "netIncomeFromContinuingOps": 21103000, "discontinuedOperations": {}, "extraordinaryItems": {}, "effectOfAccountingCharges": {}, "otherItems": {}, "netIncome": 21103000, "netIncomeApplicableToCommonShares": 21103000}], "maxAge": 86400}, "fundOwnership": {"maxAge": 1, "ownershipList": []}, "summaryDetail": {"maxAge": 1, "priceHint": 2, "previousClose": 45.65, "open": 43.9, "dayLow": 43.9, "dayHigh": 47.9, "regularMarketPreviousClose": 45.65, "regularMarketOpen": 43.9, "regularMarketDayLow": 43.9, "regularMarketDayHigh": 47.9, "volume": 9628, "regularMarketVolume": 9628, "averageVolume": 12307, "averageVolume10days": 4639, "averageDailyVolume10Day": 4639, "bid": 46.05, "ask": 47.85, "bidSize": 0, "askSize": 0, "marketCap": 824147648, "fiftyTwoWeekLow": 12.8, "fiftyTwoWeekHigh": 48.95, "fiftyDayAverage": 39.436764, "twoHundredDayAverage": 27.0375, "currency": "INR", "fromCurrency": null, "toCurrency": null, "lastMarket": null, "algorithm": null, "tradeable": false}, "sectorTrend": {"maxAge": 1, "symbol": null, "estimates": []}, "incomeStatementHistoryQuarterly": {"incomeStatementHistory": [{"maxAge": 1, "endDate": "2020-06-30", "totalRevenue": 165260000, "costOfRevenue": 99120000, "grossProfit": 66140000, "researchDevelopment": {}, "sellingGeneralAdministrative": 37882000, "nonRecurring": {}, "otherOperatingExpenses": {}, "totalOperatingExpenses": 157657000, "operatingIncome": 7603000, "totalOtherIncomeExpenseNet": -26908000, "ebit": 7603000, "interestExpense": -27240000, "incomeBeforeTax": -19305000, "incomeTaxExpense": 0, "minorityInterest": {}, "netIncomeFromContinuingOps": -19305000, "discontinuedOperations": {}, "extraordinaryItems": {}, "effectOfAccountingCharges": {}, "otherItems": {}, "netIncome": -19305000, "netIncomeApplicableToCommonShares": -19305000}, {"maxAge": 1, "endDate": "2020-03-31", "totalRevenue": 275098000, "costOfRevenue": 159159000, "grossProfit": 115939000, "researchDevelopment": {}, "sellingGeneralAdministrative": 94359000, "nonRecurring": {}, "otherOperatingExpenses": 66690000, "totalOperatingExpenses": 342522000, "operatingIncome": -67424000, "totalOtherIncomeExpenseNet": -28958000, "ebit": -67424000, "interestExpense": -22655000, "incomeBeforeTax": -96382000, "incomeTaxExpense": -38663000, "minorityInterest": {}, "netIncomeFromContinuingOps": -57719000, "discontinuedOperations": {}, "extraordinaryItems": {}, "effectOfAccountingCharges": {}, "otherItems": {}, "netIncome": -57719000, "netIncomeApplicableToCommonShares": -57719000}, {"maxAge": 1, "endDate": "2019-12-31", "totalRevenue": 331052000, "costOfRevenue": 199416000, "grossProfit": 131636000, "researchDevelopment": {}, "sellingGeneralAdministrative": 74839000, "nonRecurring": {}, "otherOperatingExpenses": 66690000, "totalOperatingExpenses": 296731000, "operatingIncome": 34321000, "totalOtherIncomeExpenseNet": -30257000, "ebit": 34321000, "interestExpense": -31116000, "incomeBeforeTax": 4064000, "incomeTaxExpense": 1469000, "minorityInterest": {}, "netIncomeFromContinuingOps": 2595000, "discontinuedOperations": {}, "extraordinaryItems": {}, "effectOfAccountingCharges": {}, "otherItems": {}, "netIncome": 2595000, "netIncomeApplicableToCommonShares": 2595000}, {"maxAge": 1, "endDate": "2019-09-30", "totalRevenue": 348046000, "costOfRevenue": 213647000, "grossProfit": 134399000, "researchDevelopment": {}, "sellingGeneralAdministrative": 74753000, "nonRecurring": {}, "otherOperatingExpenses": 66690000, "totalOperatingExpenses": 310727000, "operatingIncome": 37319000, "totalOtherIncomeExpenseNet": -27519000, "ebit": 37319000, "interestExpense": -27917000, "incomeBeforeTax": 9800000, "incomeTaxExpense": 2450000, "minorityInterest": {}, "netIncomeFromContinuingOps": 7350000, "discontinuedOperations": {}, "extraordinaryItems": {}, "effectOfAccountingCharges": {}, "otherItems": {}, "netIncome": 7350000, "netIncomeApplicableToCommonShares": 7350000}], "maxAge": 86400}, "cashflowStatementHistoryQuarterly": {"cashflowStatements": [{"maxAge": 1, "endDate": "2020-06-30", "netIncome": -19305000, "changeToLiabilities": 0}, {"maxAge": 1, "endDate": "2020-03-31", "netIncome": -57719000, "changeToLiabilities": 0}, {"maxAge": 1, "endDate": "2019-12-31", "netIncome": 2595000, "changeToLiabilities": 0}, {"maxAge": 1, "endDate": "2019-09-30", "netIncome": 7350000, "changeToLiabilities": 0}], "maxAge": 86400}, "insiderHolders": {"holders": [{"maxAge": 1, "name": "Cherukuri (Sri Rekha)", "relation": "Promoter", "url": "", "transactionDescription": "Gift", "latestTransDate": "2019-12-26", "positionDirect": 175000, "positionDirectDate": "2019-12-26"}, {"maxAge": 1, "name": "Kiran (Asha C)", "relation": "Promoter", "url": "", "transactionDescription": "Gift", "latestTransDate": "2020-09-29", "positionDirect": 375100, "positionDirectDate": "2020-09-29"}, {"maxAge": 1, "name": "Mullapudi (Lokeswara Rao)", "relation": "Promoter", "url": "", "transactionDescription": "Gift", "latestTransDate": "2019-12-26", "positionDirect": 496920, "positionDirectDate": "2019-12-26"}, {"maxAge": 1, "name": "Mullapudi (Vijayalakshmi Lokeswara Rao)", "relation": "Promoter", "url": "", "transactionDescription": "Gift", "latestTransDate": "2020-09-29", "positionDirect": 1341586, "positionDirectDate": "2020-09-29"}], "maxAge": 1}, "earnings": {"maxAge": 86400, "earningsChart": {"quarterly": [], "earningsDate": []}, "financialsChart": {"yearly": [{"date": 2017, "revenue": 1317782000, "earnings": 21103000}, {"date": 2018, "revenue": 1749448000, "earnings": 47047000}, {"date": 2019, "revenue": 1904407000, "earnings": 67654000}, {"date": 2020, "revenue": 1258407000, "earnings": -46842000}], "quarterly": [{"date": "3Q2019", "revenue": 348046000, "earnings": 7350000}, {"date": "4Q2019", "revenue": 331052000, "earnings": 2595000}, {"date": "1Q2020", "revenue": 275098000, "earnings": -57719000}, {"date": "2Q2020", "revenue": 165260000, "earnings": -19305000}]}, "financialCurrency": "INR"}, "calendarEvents": {"maxAge": 1, "earnings": {"earningsDate": []}}, "price": {"maxAge": 1, "regularMarketChangePercent": 0.008762271, "regularMarketChange": 0.3999977, "regularMarketTime": "2021-04-30 15:29:57", "priceHint": 2, "regularMarketPrice": 46.05, "regularMarketDayHigh": 47.9, "regularMarketDayLow": 43.9, "regularMarketVolume": 9628, "averageDailyVolume10Day": 4639, "averageDailyVolume3Month": 12307, "regularMarketPreviousClose": 45.65, "regularMarketSource": "FREE_REALTIME", "regularMarketOpen": 43.9, "exchange": "BSE", "exchangeName": "BSE", "exchangeDataDelayedBy": 0, "marketState": "CLOSED", "quoteType": "EQUITY", "symbol": "LOKESHMACH.BO", "underlyingSymbol": null, "shortName": "LOKESH MACHINES LTD.", "longName": "Lokesh Machines Limited", "currency": "INR", "quoteSourceName": "Delayed Quote", "currencySymbol": "\u20b9", "fromCurrency": null, "toCurrency": null, "lastMarket": null, "marketCap": 824147648}, "balanceSheetHistory": {"balanceSheetStatements": [{"maxAge": 1, "endDate": "2020-03-31", "cash": 8340000, "netReceivables": 292235000, "inventory": 1053569000, "otherCurrentAssets": 31263000, "totalCurrentAssets": 1391474000, "longTermInvestments": 15000000, "propertyPlantEquipment": 1250698000, "intangibleAssets": 3078000, "otherAssets": 117424000, "totalAssets": 2777674000, "accountsPayable": 277451000, "shortLongTermDebt": 34541000, "otherCurrentLiab": 180381000, "longTermDebt": 131389000, "otherLiab": 94631000, "totalCurrentLiabilities": 1155345000, "totalLiab": 1388847000, "commonStock": 178968000, "retainedEarnings": 463866000, "treasuryStock": 7162000, "capitalSurplus": 738831000, "otherStockholderEquity": 7162000, "totalStockholderEquity": 1388827000, "netTangibleAssets": 1385749000}, {"maxAge": 1, "endDate": "2019-03-31", "cash": 10270000, "netReceivables": 388261000, "inventory": 1021414000, "otherCurrentAssets": 40976000, "totalCurrentAssets": 1462765000, "longTermInvestments": 15000000, "propertyPlantEquipment": 1262154000, "intangibleAssets": 3138000, "otherAssets": 137883000, "totalAssets": 2880940000, "accountsPayable": 372859000, "shortLongTermDebt": 60311000, "otherCurrentLiab": 136996000, "longTermDebt": 55685000, "otherLiab": 122545000, "totalCurrentLiabilities": 1251019000, "totalLiab": 1439541000, "commonStock": 178968000, "retainedEarnings": 510708000, "treasuryStock": 12892000, "capitalSurplus": 738831000, "otherStockholderEquity": 12892000, "totalStockholderEquity": 1441399000, "netTangibleAssets": 1438261000}, {"maxAge": 1, "endDate": "2018-03-31", "cash": 30832000, "netReceivables": 251494000, "inventory": 1012667000, "otherCurrentAssets": 54011000, "totalCurrentAssets": 1351818000, "longTermInvestments": 15000000, "propertyPlantEquipment": 1273344000, "intangibleAssets": 1737000, "otherAssets": 154852000, "totalAssets": 2796751000, "accountsPayable": 275922000, "shortLongTermDebt": 112733000, "otherCurrentLiab": 121857000, "longTermDebt": 63722000, "otherLiab": 133925000, "totalCurrentLiabilities": 1208027000, "totalLiab": 1420221000, "commonStock": 178968000, "retainedEarnings": 443054000, "treasuryStock": 15677000, "capitalSurplus": 738831000, "otherStockholderEquity": 15677000, "totalStockholderEquity": 1376530000, "netTangibleAssets": 1374793000}, {"maxAge": 1, "endDate": "2017-03-31", "cash": 22859000, "netReceivables": 267756000, "inventory": 1043000000, "otherCurrentAssets": 120741000, "totalCurrentAssets": 1458522000, "longTermInvestments": 15000000, "propertyPlantEquipment": 1266261000, "intangibleAssets": 1663000, "otherAssets": 210112000, "totalAssets": 2951558000, "accountsPayable": 292001000, "shortLongTermDebt": 127772000, "otherCurrentLiab": 148744000, "longTermDebt": 184155000, "otherLiab": 157784000, "totalCurrentLiabilities": 1318371000, "totalLiab": 1663798000, "commonStock": 170328000, "retainedEarnings": 396007000, "treasuryStock": 43072000, "capitalSurplus": 678353000, "otherStockholderEquity": 43072000, "totalStockholderEquity": 1287760000, "netTangibleAssets": 1286097000}], "maxAge": 86400}, "earningsTrend": {"trend": [{"maxAge": 1, "period": "0q", "endDate": null, "growth": {}, "earningsEstimate": {"avg": 0.0, "low": 0.0, "high": 0.0, "yearAgoEps": {}, "numberOfAnalysts": 0, "growth": {}}, "revenueEstimate": {"avg": 0, "low": 0, "high": 0, "numberOfAnalysts": 0, "yearAgoRevenue": {}, "growth": {}}, "epsTrend": {"current": 0.0, "7daysAgo": 0.0, "30daysAgo": 0.0, "60daysAgo": 0.0, "90daysAgo": 0.0}, "epsRevisions": {"upLast7days": 0, "upLast30days": 0, "downLast30days": 0, "downLast90days": {}}}, {"maxAge": 1, "period": "+1q", "endDate": null, "growth": {}, "earningsEstimate": {"avg": 0.0, "low": 0.0, "high": 0.0, "yearAgoEps": {}, "numberOfAnalysts": 0, "growth": {}}, "revenueEstimate": {"avg": 0, "low": 0, "high": 0, "numberOfAnalysts": 0, "yearAgoRevenue": {}, "growth": {}}, "epsTrend": {"current": 0.0, "7daysAgo": 0.0, "30daysAgo": 0.0, "60daysAgo": 0.0, "90daysAgo": 0.0}, "epsRevisions": {"upLast7days": 0, "upLast30days": 0, "downLast30days": 0, "downLast90days": {}}}, {"maxAge": 1, "period": "0y", "endDate": null, "growth": {}, "earningsEstimate": {"avg": 0.0, "low": 0.0, "high": 0.0, "yearAgoEps": {}, "numberOfAnalysts": 0, "growth": {}}, "revenueEstimate": {"avg": 0, "low": 0, "high": 0, "numberOfAnalysts": 0, "yearAgoRevenue": {}, "growth": {}}, "epsTrend": {"current": 0.0, "7daysAgo": 0.0, "30daysAgo": 0.0, "60daysAgo": 0.0, "90daysAgo": 0.0}, "epsRevisions": {"upLast7days": 0, "upLast30days": 0, "downLast30days": 0, "downLast90days": {}}}, {"maxAge": 1, "period": "+1y", "endDate": null, "growth": {}, "earningsEstimate": {"avg": 0.0, "low": 0.0, "high": 0.0, "yearAgoEps": {}, "numberOfAnalysts": 0, "growth": {}}, "revenueEstimate": {"avg": 0, "low": 0, "high": 0, "numberOfAnalysts": 0, "yearAgoRevenue": {}, "growth": {}}, "epsTrend": {"current": 0.0, "7daysAgo": 0.0, "30daysAgo": 0.0, "60daysAgo": 0.0, "90daysAgo": 0.0}, "epsRevisions": {"upLast7days": 0, "upLast30days": 0, "downLast30days": 0, "downLast90days": {}}}, {"maxAge": 1, "period": "+5y", "endDate": null, "growth": {}, "earningsEstimate": {"avg": {}, "low": {}, "high": {}, "yearAgoEps": {}, "numberOfAnalysts": {}, "growth": {}}, "revenueEstimate": {"avg": {}, "low": {}, "high": {}, "numberOfAnalysts": {}, "yearAgoRevenue": {}, "growth": {}}, "epsTrend": {"current": {}, "7daysAgo": {}, "30daysAgo": {}, "60daysAgo": {}, "90daysAgo": {}}, "epsRevisions": {"upLast7days": {}, "upLast30days": {}, "downLast30days": {}, "downLast90days": {}}}, {"maxAge": 1, "period": "-5y", "endDate": null, "growth": {}, "earningsEstimate": {"avg": {}, "low": {}, "high": {}, "yearAgoEps": {}, "numberOfAnalysts": {}, "growth": {}}, "revenueEstimate": {"avg": {}, "low": {}, "high": {}, "numberOfAnalysts": {}, "yearAgoRevenue": {}, "growth": {}}, "epsTrend": {"current": {}, "7daysAgo": {}, "30daysAgo": {}, "60daysAgo": {}, "90daysAgo": {}}, "epsRevisions": {"upLast7days": {}, "upLast30days": {}, "downLast30days": {}, "downLast90days": {}}}], "maxAge": 1}, "financialData": {"maxAge": 86400, "currentPrice": 46.05, "recommendationKey": "none", "grossProfits": 511142000, "financialCurrency": "INR"}}}