{"LORDSCHLO.BO": {"cashflowStatementHistory": {"cashflowStatements": [{"maxAge": 1, "endDate": "2020-03-31", "netIncome": 103002000, "depreciation": 62494000, "changeToNetincome": 18818000, "changeToAccountReceivables": -79949000, "changeToLiabilities": 5910000, "changeToInventory": -43237000, "changeToOperatingActivities": -4061000, "totalCashFromOperatingActivities": 62977000, "capitalExpenditures": -11778000, "otherCashflowsFromInvestingActivities": 338000, "totalCashflowsFromInvestingActivities": -4793000, "netBorrowings": -78293000, "otherCashflowsFromFinancingActivities": -28988000, "totalCashFromFinancingActivities": -107281000, "changeInCash": -49097000}, {"maxAge": 1, "endDate": "2019-03-31", "netIncome": 229892000, "depreciation": 50780000, "changeToNetincome": 64935000, "changeToAccountReceivables": -54796000, "changeToLiabilities": -5297000, "changeToInventory": 87238000, "changeToOperatingActivities": 8096000, "totalCashFromOperatingActivities": 380848000, "capitalExpenditures": -192163000, "otherCashflowsFromInvestingActivities": 182000, "totalCashflowsFromInvestingActivities": -188939000, "netBorrowings": -83044000, "otherCashflowsFromFinancingActivities": -30377000, "totalCashFromFinancingActivities": -113421000, "changeInCash": 78488000}, {"maxAge": 1, "endDate": "2018-03-31", "netIncome": 84725000, "depreciation": 40956000, "changeToNetincome": 49487000, "changeToAccountReceivables": 49248000, "changeToLiabilities": 909000, "changeToInventory": -56911000, "changeToOperatingActivities": 106886000, "totalCashFromOperatingActivities": 275300000, "capitalExpenditures": -337827000, "otherCashflowsFromInvestingActivities": 10000, "totalCashflowsFromInvestingActivities": -334252000, "netBorrowings": 90956000, "otherCashflowsFromFinancingActivities": -21249000, "totalCashFromFinancingActivities": 69707000, "changeInCash": 10755000}, {"maxAge": 1, "endDate": "2017-03-31", "netIncome": 35866000, "depreciation": 43704000, "changeToNetincome": 50373000, "changeToAccountReceivables": 18406000, "changeToLiabilities": 4250000, "changeToInventory": -45810000, "changeToOperatingActivities": -59898000, "totalCashFromOperatingActivities": 46891000, "capitalExpenditures": -109940000, "otherCashflowsFromInvestingActivities": 139000, "totalCashflowsFromInvestingActivities": -96540000, "netBorrowings": 41449000, "otherCashflowsFromFinancingActivities": -19365000, "totalCashFromFinancingActivities": 22084000, "changeInCash": -27565000}], "maxAge": 86400}, "institutionOwnership": {"maxAge": 1, "ownershipList": []}, "balanceSheetHistoryQuarterly": {"balanceSheetStatements": [{"maxAge": 1, "endDate": "2020-06-30", "totalStockholderEquity": 857274000, "netTangibleAssets": 856499000}, {"maxAge": 1, "endDate": "2020-03-31", "cash": 61362000, "netReceivables": 174763000, "inventory": 149336000, "otherCurrentAssets": 79555000, "totalCurrentAssets": 465016000, "longTermInvestments": 791000, "propertyPlantEquipment": 1204146000, "intangibleAssets": 775000, "otherAssets": 43212000, "totalAssets": 1713940000, "accountsPayable": 10192000, "shortLongTermDebt": 34843000, "otherCurrentLiab": 66404000, "longTermDebt": 422330000, "otherLiab": 144227000, "totalCurrentLiabilities": 287655000, "totalLiab": 856666000, "commonStock": 251539000, "treasuryStock": 605735000, "otherStockholderEquity": 605735000, "totalStockholderEquity": 857274000, "netTangibleAssets": 856499000}, {"maxAge": 1, "endDate": "2019-12-31", "totalStockholderEquity": 870510000, "netTangibleAssets": 870510000}, {"maxAge": 1, "endDate": "2019-09-30", "cash": 44838000, "netReceivables": 148896000, "inventory": 113988000, "otherCurrentAssets": 69200000, "totalCurrentAssets": 376922000, "longTermInvestments": 1165000, "propertyPlantEquipment": 1227294000, "otherAssets": 47030000, "totalAssets": 1652411000, "accountsPayable": 4930000, "shortLongTermDebt": 63038000, "otherCurrentLiab": 109988000, "longTermDebt": 430193000, "otherLiab": 161481000, "totalCurrentLiabilities": 190227000, "totalLiab": 781901000, "commonStock": 251539000, "treasuryStock": 618971000, "otherStockholderEquity": 618971000, "totalStockholderEquity": 870510000, "netTangibleAssets": 870510000}], "maxAge": 86400}, "indexTrend": {"maxAge": 1, "symbol": "SP5", "peRatio": 19.7411, "pegRatio": 1.34172, "estimates": [{"period": "0q", "growth": 0.549}, {"period": "+1q", "growth": 0.431}, {"period": "0y", "growth": 0.305}, {"period": "+1y", "growth": 0.109}, {"period": "+5y", "growth": 0.120859005}, {"period": "-5y"}]}, "insiderTransactions": {"transactions": [{"maxAge": 1, "shares": 255882, "filerUrl": "", "transactionText": "", "filerName": "Ahuja (Yuvraj)", "filerRelation": "Director (Executive)", "moneyText": "", "startDate": "2020-03-30", "ownership": "D"}, {"maxAge": 1, "shares": 408949, "filerUrl": "", "transactionText": "", "filerName": "Ahuja (Yuvraj)", "filerRelation": "Director (Executive)", "moneyText": "", "startDate": "2020-03-27", "ownership": "D"}, {"maxAge": 1, "shares": 257209, "filerUrl": "", "transactionText": "", "filerName": "Ahuja (Yuvraj)", "filerRelation": "Director (Executive)", "moneyText": "", "startDate": "2020-03-26", "ownership": "D"}], "maxAge": 1}, "quoteType": {"exchange": "BSE", "quoteType": "EQUITY", "symbol": "LORDSCHLO.BO", "underlyingSymbol": "LORDSCHLO.BO", "shortName": "LORDS CHLORO ALKALI LTD.", "longName": "Lords Chloro Alkali Limited", "firstTradeDateEpochUtc": "2010-04-05 09:15:00", "timeZoneFullName": "Asia/Kolkata", "timeZoneShortName": "IST", "uuid": "80d38b12-aab2-3f3c-8025-f4dedf451108", "messageBoardId": null, "gmtOffSetMilliseconds": 19800000, "maxAge": 1}, "incomeStatementHistory": {"incomeStatementHistory": [{"maxAge": 1, "endDate": "2020-03-31", "totalRevenue": 2036888000, "costOfRevenue": 1588899000, "grossProfit": 447989000, "researchDevelopment": {}, "sellingGeneralAdministrative": 108518000, "nonRecurring": {}, "otherOperatingExpenses": 124255000, "totalOperatingExpenses": 1884166000, "operatingIncome": 152722000, "totalOtherIncomeExpenseNet": -15144000, "ebit": 152722000, "interestExpense": -30160000, "incomeBeforeTax": 137578000, "incomeTaxExpense": 34576000, "minorityInterest": {}, "netIncomeFromContinuingOps": 103002000, "discontinuedOperations": {}, "extraordinaryItems": {}, "effectOfAccountingCharges": {}, "otherItems": {}, "netIncome": 103002000, "netIncomeApplicableToCommonShares": 103002000}, {"maxAge": 1, "endDate": "2019-03-31", "totalRevenue": 2511356000, "costOfRevenue": 1881662000, "grossProfit": 629694000, "researchDevelopment": {}, "sellingGeneralAdministrative": 123982000, "nonRecurring": {}, "otherOperatingExpenses": 86518000, "totalOperatingExpenses": 2142835000, "operatingIncome": 368521000, "totalOtherIncomeExpenseNet": -31345000, "ebit": 368521000, "interestExpense": -35461000, "incomeBeforeTax": 337176000, "incomeTaxExpense": 107284000, "minorityInterest": {}, "netIncomeFromContinuingOps": 229892000, "discontinuedOperations": {}, "extraordinaryItems": {}, "effectOfAccountingCharges": {}, "otherItems": {}, "netIncome": 229892000, "netIncomeApplicableToCommonShares": 229892000}, {"maxAge": 1, "endDate": "2018-03-31", "totalRevenue": 1659474000, "costOfRevenue": 1256482000, "grossProfit": 402992000, "researchDevelopment": {}, "sellingGeneralAdministrative": 93007000, "nonRecurring": {}, "otherOperatingExpenses": 105399000, "totalOperatingExpenses": 1495739000, "operatingIncome": 163735000, "totalOtherIncomeExpenseNet": -17615000, "ebit": 163735000, "interestExpense": -20620000, "incomeBeforeTax": 146120000, "incomeTaxExpense": 61395000, "minorityInterest": {}, "netIncomeFromContinuingOps": 84725000, "discontinuedOperations": {}, "extraordinaryItems": {}, "effectOfAccountingCharges": {}, "otherItems": {}, "netIncome": 84725000, "netIncomeApplicableToCommonShares": 84725000}, {"maxAge": 1, "endDate": "2017-03-31", "totalRevenue": 1211587000, "costOfRevenue": 937127000, "grossProfit": 274460000, "researchDevelopment": {}, "sellingGeneralAdministrative": 82189000, "nonRecurring": {}, "otherOperatingExpenses": 63476000, "totalOperatingExpenses": 1126389000, "operatingIncome": 85198000, "totalOtherIncomeExpenseNet": -6155000, "ebit": 85198000, "interestExpense": -19751000, "incomeBeforeTax": 79043000, "incomeTaxExpense": 43177000, "minorityInterest": {}, "netIncomeFromContinuingOps": 35866000, "discontinuedOperations": {}, "extraordinaryItems": {}, "effectOfAccountingCharges": {}, "otherItems": {}, "netIncome": 35866000, "netIncomeApplicableToCommonShares": 35866000}], "maxAge": 86400}, "fundOwnership": {"maxAge": 1, "ownershipList": []}, "summaryDetail": {"maxAge": 1, "priceHint": 2, "previousClose": 36.85, "open": 33.55, "dayLow": 33.55, "dayHigh": 39.45, "regularMarketPreviousClose": 36.85, "regularMarketOpen": 33.55, "regularMarketDayLow": 33.55, "regularMarketDayHigh": 39.45, "trailingPE": 719.7916, "volume": 2398, "regularMarketVolume": 2398, "averageVolume": 817, "averageVolume10days": 499, "averageDailyVolume10Day": 499, "bid": 34.55, "ask": 36.75, "bidSize": 0, "askSize": 0, "marketCap": 869067200, "fiftyTwoWeekLow": 18.0, "fiftyTwoWeekHigh": 45.0, "fiftyDayAverage": 32.465714, "twoHundredDayAverage": 33.812042, "currency": "INR", "fromCurrency": null, "toCurrency": null, "lastMarket": null, "algorithm": null, "tradeable": false}, "incomeStatementHistoryQuarterly": {"incomeStatementHistory": [{"maxAge": 1, "endDate": "2020-06-30", "totalRevenue": 221678000, "costOfRevenue": 164182000, "grossProfit": 57496000, "researchDevelopment": {}, "sellingGeneralAdministrative": 24421000, "nonRecurring": {}, "otherOperatingExpenses": 21360000, "totalOperatingExpenses": 225866000, "operatingIncome": -4188000, "totalOtherIncomeExpenseNet": -10757000, "ebit": -4188000, "interestExpense": -11087000, "incomeBeforeTax": -14945000, "incomeTaxExpense": -4143000, "minorityInterest": {}, "netIncomeFromContinuingOps": -10802000, "discontinuedOperations": {}, "extraordinaryItems": {}, "effectOfAccountingCharges": {}, "otherItems": {}, "netIncome": -10802000, "netIncomeApplicableToCommonShares": -10802000}, {"maxAge": 1, "endDate": "2020-03-31", "totalRevenue": 390071000, "costOfRevenue": 356333000, "grossProfit": 33738000, "researchDevelopment": {}, "sellingGeneralAdministrative": 26810000, "nonRecurring": {}, "otherOperatingExpenses": 30480000, "totalOperatingExpenses": 429692000, "operatingIncome": -39621000, "totalOtherIncomeExpenseNet": -562000, "ebit": -39621000, "interestExpense": -7209000, "incomeBeforeTax": -40183000, "incomeTaxExpense": -16918000, "minorityInterest": {}, "netIncomeFromContinuingOps": -23265000, "discontinuedOperations": {}, "extraordinaryItems": {}, "effectOfAccountingCharges": {}, "otherItems": {}, "netIncome": -23265000, "netIncomeApplicableToCommonShares": -23265000}, {"maxAge": 1, "endDate": "2019-12-31", "totalRevenue": 451474000, "costOfRevenue": 363684000, "grossProfit": 87790000, "researchDevelopment": {}, "sellingGeneralAdministrative": 28224000, "nonRecurring": {}, "otherOperatingExpenses": 31122000, "totalOperatingExpenses": 438514000, "operatingIncome": 12960000, "totalOtherIncomeExpenseNet": 1336000, "ebit": 12960000, "interestExpense": -5803000, "incomeBeforeTax": 14296000, "incomeTaxExpense": 3634000, "minorityInterest": {}, "netIncomeFromContinuingOps": 10662000, "discontinuedOperations": {}, "extraordinaryItems": {}, "effectOfAccountingCharges": {}, "otherItems": {}, "netIncome": 10662000, "netIncomeApplicableToCommonShares": 10662000}, {"maxAge": 1, "endDate": "2019-09-30", "totalRevenue": 542157000, "costOfRevenue": 429928000, "grossProfit": 112229000, "researchDevelopment": {}, "sellingGeneralAdministrative": 26423000, "nonRecurring": {}, "otherOperatingExpenses": 29205000, "totalOperatingExpenses": 501040000, "operatingIncome": 41117000, "totalOtherIncomeExpenseNet": -7383000, "ebit": 41117000, "interestExpense": -7383000, "incomeBeforeTax": 33734000, "incomeTaxExpense": 9115000, "minorityInterest": {}, "netIncomeFromContinuingOps": 24619000, "discontinuedOperations": {}, "extraordinaryItems": {}, "effectOfAccountingCharges": {}, "otherItems": {}, "netIncome": 24619000, "netIncomeApplicableToCommonShares": 24619000}], "maxAge": 86400}, "cashflowStatementHistoryQuarterly": {"cashflowStatements": [{"maxAge": 1, "endDate": "2020-06-30", "netIncome": -10802000, "changeToLiabilities": 0}, {"maxAge": 1, "endDate": "2020-03-31", "netIncome": -23265000, "changeToLiabilities": 0}, {"maxAge": 1, "endDate": "2019-12-31", "netIncome": 10662000, "changeToLiabilities": 0}, {"maxAge": 1, "endDate": "2019-09-30", "netIncome": 24619000, "changeToLiabilities": 0}], "maxAge": 86400}, "insiderHolders": {"holders": [{"maxAge": 1, "name": "Ahuja (Yuvraj)", "relation": "Director (Executive)", "url": "", "transactionDescription": "Acquisition", "latestTransDate": "2020-03-30", "positionDirect": 2172040, "positionDirectDate": "2020-03-30"}], "maxAge": 1}, "calendarEvents": {"maxAge": 1, "earnings": {"earningsDate": []}}, "price": {"maxAge": 1, "regularMarketChangePercent": -0.06241518, "regularMarketChange": -2.2999992, "regularMarketTime": "2021-04-30 15:16:17", "priceHint": 2, "regularMarketPrice": 34.55, "regularMarketDayHigh": 39.45, "regularMarketDayLow": 33.55, "regularMarketVolume": 2398, "averageDailyVolume10Day": 499, "averageDailyVolume3Month": 817, "regularMarketPreviousClose": 36.85, "regularMarketSource": "FREE_REALTIME", "regularMarketOpen": 33.55, "exchange": "BSE", "exchangeName": "BSE", "exchangeDataDelayedBy": 0, "marketState": "CLOSED", "quoteType": "EQUITY", "symbol": "LORDSCHLO.BO", "underlyingSymbol": null, "shortName": "LORDS CHLORO ALKALI LTD.", "longName": "Lords Chloro Alkali Limited", "currency": "INR", "quoteSourceName": "Delayed Quote", "currencySymbol": "\u20b9", "fromCurrency": null, "toCurrency": null, "lastMarket": null, "marketCap": 869067200}, "balanceSheetHistory": {"balanceSheetStatements": [{"maxAge": 1, "endDate": "2020-03-31", "cash": 61362000, "netReceivables": 174763000, "inventory": 149336000, "otherCurrentAssets": 79555000, "totalCurrentAssets": 465016000, "longTermInvestments": 791000, "propertyPlantEquipment": 1204146000, "intangibleAssets": 775000, "otherAssets": 43212000, "totalAssets": 1713940000, "accountsPayable": 10192000, "shortLongTermDebt": 34843000, "otherCurrentLiab": 66404000, "longTermDebt": 422330000, "otherLiab": 144227000, "totalCurrentLiabilities": 287655000, "totalLiab": 856666000, "commonStock": 251539000, "treasuryStock": 605735000, "otherStockholderEquity": 605735000, "totalStockholderEquity": 857274000, "netTangibleAssets": 856499000}, {"maxAge": 1, "endDate": "2019-03-31", "cash": 110415000, "netReceivables": 94696000, "inventory": 106099000, "otherCurrentAssets": 61609000, "totalCurrentAssets": 376098000, "longTermInvestments": 1181000, "propertyPlantEquipment": 1243317000, "otherAssets": 41348000, "totalAssets": 1661944000, "accountsPayable": 4282000, "shortLongTermDebt": 52146000, "otherCurrentLiab": 64149000, "longTermDebt": 629381000, "otherLiab": 87667000, "totalCurrentLiabilities": 190111000, "totalLiab": 907159000, "commonStock": 251539000, "retainedEarnings": 294919000, "treasuryStock": 121000, "capitalSurplus": 208206000, "otherStockholderEquity": 121000, "totalStockholderEquity": 754785000, "netTangibleAssets": 754785000}, {"maxAge": 1, "endDate": "2018-03-31", "cash": 31927000, "netReceivables": 36035000, "inventory": 192337000, "otherCurrentAssets": 91596000, "totalCurrentAssets": 353531000, "longTermInvestments": 1262000, "propertyPlantEquipment": 1114335000, "otherAssets": 36104000, "totalAssets": 1505232000, "accountsPayable": 7255000, "shortLongTermDebt": 52132000, "otherCurrentLiab": 87383000, "longTermDebt": 680128000, "otherLiab": 71646000, "totalCurrentLiabilities": 228811000, "totalLiab": 980585000, "commonStock": 251539000, "retainedEarnings": 64781000, "treasuryStock": 121000, "capitalSurplus": 208206000, "otherStockholderEquity": 121000, "totalStockholderEquity": 524647000, "netTangibleAssets": 524647000}, {"maxAge": 1, "endDate": "2017-03-31", "cash": 21172000, "netReceivables": 88750000, "inventory": 135426000, "otherCurrentAssets": 110755000, "totalCurrentAssets": 358194000, "longTermInvestments": 999000, "propertyPlantEquipment": 839620000, "otherAssets": 61146000, "totalAssets": 1259959000, "accountsPayable": 6722000, "shortLongTermDebt": 22119000, "otherCurrentLiab": 31168000, "longTermDebt": 510318000, "otherLiab": 89153000, "totalCurrentLiabilities": 217407000, "totalLiab": 816878000, "commonStock": 251539000, "retainedEarnings": -16785000, "treasuryStock": 121000, "capitalSurplus": 208206000, "otherStockholderEquity": 121000, "totalStockholderEquity": 443081000, "netTangibleAssets": 443081000}], "maxAge": 86400}, "financialData": {"maxAge": 86400, "currentPrice": 34.55, "recommendationKey": "none", "grossProfits": 447989000, "financialCurrency": "INR"}}}