{"LOTUSCHO.BO": {"cashflowStatementHistory": {"cashflowStatements": [{"maxAge": 1, "endDate": "2020-03-31", "netIncome": 8801000, "depreciation": 6534500, "changeToNetincome": -299404, "changeToAccountReceivables": 694377, "changeToLiabilities": 8150628, "changeToInventory": 11023000, "changeToOperatingActivities": -4350822, "totalCashFromOperatingActivities": 30553279, "netBorrowings": -18475184, "otherCashflowsFromFinancingActivities": -1958658, "totalCashFromFinancingActivities": -20433842, "changeInCash": 10119437}, {"maxAge": 1, "endDate": "2019-03-31", "netIncome": 13331189, "depreciation": 6480000, "changeToNetincome": 1489705, "changeToAccountReceivables": 8160560, "changeToLiabilities": 5632781, "changeToInventory": -13433000, "changeToOperatingActivities": -8653543, "totalCashFromOperatingActivities": 13007692, "netBorrowings": -18516881, "otherCashflowsFromFinancingActivities": -1489705, "totalCashFromFinancingActivities": -20006586, "changeInCash": -6998894}, {"maxAge": 1, "endDate": "2018-03-31", "netIncome": 9293005, "depreciation": 8049795, "changeToNetincome": 6621049, "changeToAccountReceivables": -7892629, "changeToLiabilities": -26615914, "changeToInventory": 16519153, "changeToOperatingActivities": 6811549, "totalCashFromOperatingActivities": 12786008, "investments": 12851233, "totalCashflowsFromInvestingActivities": 12851233, "netBorrowings": -14994547, "otherCashflowsFromFinancingActivities": -6621051, "totalCashFromFinancingActivities": -21615598, "changeInCash": 4021644}, {"maxAge": 1, "endDate": "2017-03-31", "netIncome": -4647420, "depreciation": 8015120, "changeToNetincome": 12239272, "changeToAccountReceivables": -7892629, "changeToLiabilities": -80322580, "changeToInventory": 55379894, "changeToOperatingActivities": 19446772, "totalCashFromOperatingActivities": 10111058, "capitalExpenditures": -5176366, "investments": 12851233, "totalCashflowsFromInvestingActivities": -5176366, "netBorrowings": 364619, "otherCashflowsFromFinancingActivities": -12239464, "totalCashFromFinancingActivities": -11874845, "changeInCash": -6940153}], "maxAge": 86400}, "institutionOwnership": {"ownershipList": [], "maxAge": 1}, "balanceSheetHistoryQuarterly": {"balanceSheetStatements": [{"maxAge": 1, "endDate": "2020-06-30", "totalStockholderEquity": 336103, "netTangibleAssets": 257233}, {"maxAge": 1, "endDate": "2020-03-31", "cash": 15138818, "shortTermInvestments": 5286062, "netReceivables": 66305531, "inventory": 90083000, "totalCurrentAssets": 176813411, "propertyPlantEquipment": 21238883, "intangibleAssets": 78870, "otherAssets": 10614332, "totalAssets": 208745496, "accountsPayable": 59904078, "otherCurrentLiab": 2208889, "longTermDebt": 129900000, "otherLiab": 1122352, "totalCurrentLiabilities": 77387041, "totalLiab": 208409393, "commonStock": 128380000, "treasuryStock": -128043897, "otherStockholderEquity": -128043897, "totalStockholderEquity": 336103, "netTangibleAssets": 257233}, {"maxAge": 1, "endDate": "2019-12-31", "totalStockholderEquity": 190960, "netTangibleAssets": 112090}, {"maxAge": 1, "endDate": "2019-09-30", "cash": 6006790, "shortTermInvestments": 2787917, "netReceivables": 83939717, "inventory": 83025000, "totalCurrentAssets": 175759424, "propertyPlantEquipment": 24478883, "intangibleAssets": 78870, "otherAssets": 8909869, "totalAssets": 209227046, "accountsPayable": 53413690, "otherCurrentLiab": 4377760, "longTermDebt": 135800000, "otherLiab": 2796300, "totalCurrentLiabilities": 70439786, "totalLiab": 209036086, "commonStock": 128380000, "treasuryStock": -128189040, "otherStockholderEquity": -128189040, "totalStockholderEquity": 190960, "netTangibleAssets": 112090}], "maxAge": 86400}, "indexTrend": {"maxAge": 1, "symbol": "SP5", "peRatio": 19.7411, "pegRatio": 1.34172, "estimates": [{"period": "0q", "growth": 0.549}, {"period": "+1q", "growth": 0.431}, {"period": "0y", "growth": 0.305}, {"period": "+1y", "growth": 0.109}, {"period": "+5y", "growth": 0.120859005}, {"period": "-5y"}]}, "insiderTransactions": {"transactions": [{"maxAge": 1, "shares": 125000, "filerUrl": "", "transactionText": "", "filerName": "Pai (Abhijeet)", "filerRelation": "Director (Non-Executive)", "moneyText": "", "startDate": "2012-12-10", "ownership": "D"}, {"maxAge": 1, "shares": 44634, "filerUrl": "", "transactionText": "", "filerName": "Gottemukkala (Venkatapathi Raju)", "filerRelation": "Director", "moneyText": "", "startDate": "2010-10-08", "ownership": "D"}], "maxAge": 1}, "quoteType": {"exchange": "BSE", "quoteType": "EQUITY", "symbol": "LOTUSCHO.BO", "underlyingSymbol": "LOTUSCHO.BO", "shortName": "LOTUS CHOCOLATE CO.LTD.", "longName": "Lotus Chocolate Company Limited", "firstTradeDateEpochUtc": "2001-12-31 09:15:00", "timeZoneFullName": "Asia/Kolkata", "timeZoneShortName": "IST", "uuid": "ff4ae10d-8a74-323b-a229-8c2e27a7e972", "gmtOffSetMilliseconds": 19800000, "maxAge": 1}, "incomeStatementHistory": {"incomeStatementHistory": [{"maxAge": 1, "endDate": "2020-03-31", "totalRevenue": 700316000, "costOfRevenue": 606751000, "grossProfit": 93565000, "researchDevelopment": {}, "sellingGeneralAdministrative": 24992000, "nonRecurring": {}, "otherOperatingExpenses": 52462000, "totalOperatingExpenses": 690685000, "operatingIncome": 9631000, "totalOtherIncomeExpenseNet": -1959000, "ebit": 9631000, "interestExpense": -1959000, "incomeBeforeTax": 7672000, "incomeTaxExpense": -1129000, "minorityInterest": {}, "netIncomeFromContinuingOps": 8801000, "discontinuedOperations": {}, "extraordinaryItems": {}, "effectOfAccountingCharges": {}, "otherItems": {}, "netIncome": 8801000, "netIncomeApplicableToCommonShares": 8801000}, {"maxAge": 1, "endDate": "2019-03-31", "totalRevenue": 657352605, "costOfRevenue": 552808747, "grossProfit": 104543858, "researchDevelopment": {}, "sellingGeneralAdministrative": 30841297, "nonRecurring": {}, "otherOperatingExpenses": 53850458, "totalOperatingExpenses": 643980502, "operatingIncome": 13372103, "totalOtherIncomeExpenseNet": -1280809, "ebit": 13372103, "interestExpense": -141091, "incomeBeforeTax": 12091294, "incomeTaxExpense": -1239895, "minorityInterest": {}, "netIncomeFromContinuingOps": 13331189, "discontinuedOperations": {}, "extraordinaryItems": {}, "effectOfAccountingCharges": {}, "otherItems": {}, "netIncome": 13331189, "netIncomeApplicableToCommonShares": 13331189}, {"maxAge": 1, "endDate": "2018-03-31", "totalRevenue": 569167167, "costOfRevenue": 451699332, "grossProfit": 117467835, "researchDevelopment": {}, "sellingGeneralAdministrative": 30194225, "nonRecurring": {}, "otherOperatingExpenses": 60237013, "totalOperatingExpenses": 550180365, "operatingIncome": 18986802, "totalOtherIncomeExpenseNet": -6394614, "ebit": 18986802, "interestExpense": -5724623, "incomeBeforeTax": 12592188, "incomeTaxExpense": 3299183, "minorityInterest": {}, "netIncomeFromContinuingOps": 9293005, "discontinuedOperations": {}, "extraordinaryItems": {}, "effectOfAccountingCharges": {}, "otherItems": {}, "netIncome": 9293005, "netIncomeApplicableToCommonShares": 9293005}, {"maxAge": 1, "endDate": "2017-03-31", "totalRevenue": 665460387, "costOfRevenue": 535208003, "grossProfit": 130252384, "researchDevelopment": {}, "sellingGeneralAdministrative": 48156519, "nonRecurring": {}, "otherOperatingExpenses": 66926095, "totalOperatingExpenses": 658305737, "operatingIncome": 7154650, "totalOtherIncomeExpenseNet": -11802070, "ebit": 7154650, "interestExpense": -11554922, "incomeBeforeTax": -4647420, "incomeTaxExpense": 0, "minorityInterest": {}, "netIncomeFromContinuingOps": -4647420, "discontinuedOperations": {}, "extraordinaryItems": {}, "effectOfAccountingCharges": {}, "otherItems": {}, "netIncome": -4647420, "netIncomeApplicableToCommonShares": -4647420}], "maxAge": 86400}, "fundOwnership": {"ownershipList": [], "maxAge": 1}, "summaryDetail": {"maxAge": 1, "priceHint": 2, "previousClose": 15.5, "open": 14.5, "dayLow": 14.3, "dayHigh": 14.95, "regularMarketPreviousClose": 15.5, "regularMarketOpen": 14.5, "regularMarketDayLow": 14.3, "regularMarketDayHigh": 14.95, "trailingPE": 1868.7499, "volume": 1685, "regularMarketVolume": 1685, "averageVolume": 3096, "averageVolume10days": 1193, "averageDailyVolume10Day": 1193, "bid": 14.85, "ask": 14.95, "bidSize": 0, "askSize": 0, "marketCap": 191972944, "fiftyTwoWeekLow": 9.35, "fiftyTwoWeekHigh": 24.6, "fiftyDayAverage": 19.49091, "twoHundredDayAverage": 16.885221, "currency": "INR", "fromCurrency": null, "lastMarket": null, "algorithm": null, "tradeable": false}, "incomeStatementHistoryQuarterly": {"incomeStatementHistory": [{"maxAge": 1, "endDate": "2020-06-30", "totalRevenue": 54791000, "costOfRevenue": 46005000, "grossProfit": 8786000, "researchDevelopment": {}, "sellingGeneralAdministrative": 3015000, "nonRecurring": {}, "otherOperatingExpenses": 5401000, "totalOperatingExpenses": 55981000, "operatingIncome": -1190000, "totalOtherIncomeExpenseNet": 169000, "ebit": -1190000, "interestExpense": -33000, "incomeBeforeTax": -1021000, "incomeTaxExpense": 0, "minorityInterest": {}, "netIncomeFromContinuingOps": -1021000, "discontinuedOperations": {}, "extraordinaryItems": {}, "effectOfAccountingCharges": {}, "otherItems": {}, "netIncome": -1021000, "netIncomeApplicableToCommonShares": -1021000}, {"maxAge": 1, "endDate": "2020-03-31", "totalRevenue": 151498000, "costOfRevenue": 141065000, "grossProfit": 10433000, "researchDevelopment": {}, "sellingGeneralAdministrative": 5832000, "nonRecurring": {}, "otherOperatingExpenses": 3360000, "totalOperatingExpenses": 151877000, "operatingIncome": -379000, "totalOtherIncomeExpenseNet": -1103000, "ebit": -379000, "interestExpense": -1103000, "incomeBeforeTax": -1482000, "incomeTaxExpense": -1129000, "minorityInterest": {}, "netIncomeFromContinuingOps": -353000, "discontinuedOperations": {}, "extraordinaryItems": {}, "effectOfAccountingCharges": {}, "otherItems": {}, "netIncome": -353000, "netIncomeApplicableToCommonShares": -353000}, {"maxAge": 1, "endDate": "2019-12-31", "totalRevenue": 174126000, "costOfRevenue": 149633000, "grossProfit": 24493000, "researchDevelopment": {}, "sellingGeneralAdministrative": 6740000, "nonRecurring": {}, "otherOperatingExpenses": 15790000, "totalOperatingExpenses": 173783000, "operatingIncome": 343000, "totalOtherIncomeExpenseNet": -219000, "ebit": 343000, "interestExpense": -219000, "incomeBeforeTax": 124000, "incomeTaxExpense": 0, "minorityInterest": {}, "netIncomeFromContinuingOps": 124000, "discontinuedOperations": {}, "extraordinaryItems": {}, "effectOfAccountingCharges": {}, "otherItems": {}, "netIncome": 124000, "netIncomeApplicableToCommonShares": 124000}, {"maxAge": 1, "endDate": "2019-09-30", "totalRevenue": 184397000, "costOfRevenue": 158474000, "grossProfit": 25923000, "researchDevelopment": {}, "sellingGeneralAdministrative": 5706000, "nonRecurring": {}, "otherOperatingExpenses": 16945000, "totalOperatingExpenses": 182745000, "operatingIncome": 1652000, "totalOtherIncomeExpenseNet": -295000, "ebit": 1652000, "interestExpense": -298000, "incomeBeforeTax": 1357000, "incomeTaxExpense": 0, "minorityInterest": {}, "netIncomeFromContinuingOps": 1357000, "discontinuedOperations": {}, "extraordinaryItems": {}, "effectOfAccountingCharges": {}, "otherItems": {}, "netIncome": 1357000, "netIncomeApplicableToCommonShares": 1357000}], "maxAge": 86400}, "cashflowStatementHistoryQuarterly": {"cashflowStatements": [{"maxAge": 1, "endDate": "2020-06-30", "netIncome": -1021000, "changeToLiabilities": 0}, {"maxAge": 1, "endDate": "2020-03-31", "netIncome": -353000, "changeToLiabilities": 0}, {"maxAge": 1, "endDate": "2019-12-31", "netIncome": 124000, "changeToLiabilities": 0}, {"maxAge": 1, "endDate": "2019-09-30", "netIncome": 1357000, "changeToLiabilities": 0}], "maxAge": 86400}, "insiderHolders": {"holders": [{"maxAge": 1, "name": "Gottemukkala (Venkatapathi Raju)", "relation": "Director", "url": "", "transactionDescription": "Acquisition", "latestTransDate": "2010-10-08", "positionDirect": 44634, "positionDirectDate": "2010-10-08"}, {"maxAge": 1, "name": "Pai (Abhijeet)", "relation": "Director (Non-Executive)", "url": "", "transactionDescription": "Acquisition", "latestTransDate": "2012-12-10", "positionDirect": 452139, "positionDirectDate": "2012-12-10"}], "maxAge": 1}, "calendarEvents": {"maxAge": 1, "earnings": {"earningsDate": []}}, "upgradeDowngradeHistory": {"history": [], "maxAge": 86400}, "price": {"maxAge": 1, "regularMarketChangePercent": -0.03548388, "regularMarketChange": -0.5500002, "regularMarketTime": "2021-04-30 15:15:52", "priceHint": 2, "regularMarketPrice": 14.95, "regularMarketDayHigh": 14.95, "regularMarketDayLow": 14.3, "regularMarketVolume": 1685, "averageDailyVolume10Day": 1193, "averageDailyVolume3Month": 3096, "regularMarketPreviousClose": 15.5, "regularMarketSource": "FREE_REALTIME", "regularMarketOpen": 14.5, "exchange": "BSE", "exchangeName": "BSE", "exchangeDataDelayedBy": 0, "marketState": "CLOSED", "quoteType": "EQUITY", "symbol": "LOTUSCHO.BO", "underlyingSymbol": null, "shortName": "LOTUS CHOCOLATE CO.LTD.", "longName": "Lotus Chocolate Company Limited", "currency": "INR", "quoteSourceName": "Delayed Quote", "currencySymbol": "\u20b9", "fromCurrency": null, "lastMarket": null, "marketCap": 191972944}, "balanceSheetHistory": {"balanceSheetStatements": [{"maxAge": 1, "endDate": "2020-03-31", "cash": 15138818, "shortTermInvestments": 5286062, "netReceivables": 66305531, "inventory": 90083000, "totalCurrentAssets": 176813411, "propertyPlantEquipment": 21238883, "intangibleAssets": 78870, "otherAssets": 10614332, "totalAssets": 208745496, "accountsPayable": 59904078, "otherCurrentLiab": 2208889, "longTermDebt": 129900000, "otherLiab": 1122352, "totalCurrentLiabilities": 77387041, "totalLiab": 208409393, "commonStock": 128380000, "treasuryStock": -128043897, "otherStockholderEquity": -128043897, "totalStockholderEquity": 336103, "netTangibleAssets": 257233}, {"maxAge": 1, "endDate": "2019-03-31", "cash": 5019381, "shortTermInvestments": 4409160, "netReceivables": 65935968, "inventory": 101106000, "otherCurrentAssets": 2427000, "totalCurrentAssets": 174600610, "propertyPlantEquipment": 27773383, "intangibleAssets": 78870, "otherAssets": 8509869, "totalAssets": 210962732, "accountsPayable": 55541129, "otherCurrentLiab": 2258442, "longTermDebt": 147000000, "otherLiab": 2497535, "totalCurrentLiabilities": 70409304, "totalLiab": 219906839, "commonStock": 128380490, "retainedEarnings": -278173196, "treasuryStock": 28914157, "capitalSurplus": 37968442, "otherStockholderEquity": 28914157, "totalStockholderEquity": -82910107, "netTangibleAssets": -82988977}, {"maxAge": 1, "endDate": "2018-03-31", "cash": 12018275, "netReceivables": 75555358, "inventory": 87673000, "otherCurrentAssets": 3517925, "totalCurrentAssets": 179653910, "propertyPlantEquipment": 34253383, "intangibleAssets": 78870, "otherAssets": 8667420, "totalAssets": 222653583, "accountsPayable": 56064678, "otherCurrentLiab": 3536336, "longTermDebt": 166338816, "otherLiab": 1675600, "totalCurrentLiabilities": 76840274, "totalLiab": 244854690, "commonStock": 128380490, "retainedEarnings": -291430196, "treasuryStock": 28914157, "capitalSurplus": 37968442, "otherStockholderEquity": 28914157, "totalStockholderEquity": -96167107, "netTangibleAssets": -96245977}, {"maxAge": 1, "endDate": "2017-03-31", "cash": 7996633, "netReceivables": 69402250, "inventory": 104192153, "otherCurrentAssets": 3529724, "totalCurrentAssets": 185827521, "propertyPlantEquipment": 55197281, "intangibleAssets": 36000, "otherAssets": 15179400, "totalAssets": 256240202, "accountsPayable": 34091863, "otherCurrentLiab": 3425914, "longTermDebt": 181238816, "otherLiab": 1770149, "totalCurrentLiabilities": 105856718, "totalLiab": 288865683, "commonStock": 128380490, "retainedEarnings": -301854570, "treasuryStock": 28914157, "capitalSurplus": 37968442, "otherStockholderEquity": 28914157, "totalStockholderEquity": -106591481, "netTangibleAssets": -106627481}], "maxAge": 86400}, "financialData": {"maxAge": 86400, "currentPrice": 14.95, "recommendationKey": "none", "grossProfits": 93565000, "financialCurrency": "INR"}}}