{"LOVABLE.BO": {"recommendationTrend": {"trend": [{"period": "0m", "strongBuy": 0, "buy": 0, "hold": 0, "sell": 0, "strongSell": 0}, {"period": "-1m", "strongBuy": 0, "buy": 0, "hold": 0, "sell": 0, "strongSell": 0}, {"period": "-2m", "strongBuy": 0, "buy": 0, "hold": 0, "sell": 0, "strongSell": 0}, {"period": "-3m", "strongBuy": 0, "buy": 0, "hold": 0, "sell": 0, "strongSell": 0}], "maxAge": 86400}, "cashflowStatementHistory": {"cashflowStatements": [{"maxAge": 1, "endDate": "2020-03-31", "netIncome": 31406855, "depreciation": 17529523, "changeToNetincome": -15714137, "changeToAccountReceivables": 64697038, "changeToLiabilities": -98139938, "changeToInventory": 14868, "changeToOperatingActivities": 41090196, "totalCashFromOperatingActivities": 40976575, "capitalExpenditures": -52096907, "investments": 23414124, "otherCashflowsFromInvestingActivities": 7182099, "totalCashflowsFromInvestingActivities": -12833369, "dividendsPaid": -7400000, "netBorrowings": 85380653, "otherCashflowsFromFinancingActivities": -5538783, "totalCashFromFinancingActivities": 72441870, "changeInCash": 100585075}, {"maxAge": 1, "endDate": "2019-03-31", "netIncome": 8154520, "depreciation": 16862667, "changeToNetincome": -16913349, "changeToAccountReceivables": 27048320, "changeToLiabilities": 104807180, "changeToInventory": -85174114, "changeToOperatingActivities": 70712582, "totalCashFromOperatingActivities": 125497806, "capitalExpenditures": -46525943, "investments": -152831455, "otherCashflowsFromInvestingActivities": 4325426, "totalCashflowsFromInvestingActivities": -151356045, "dividendsPaid": -7400000, "netBorrowings": 85380653, "otherCashflowsFromFinancingActivities": -3443006, "totalCashFromFinancingActivities": -3443006, "changeInCash": -29301244}, {"maxAge": 1, "endDate": "2018-03-31", "netIncome": -23804684, "depreciation": 34250872, "changeToNetincome": -117186850, "changeToAccountReceivables": -77145874, "changeToLiabilities": 34168230, "changeToInventory": 280114522, "changeToOperatingActivities": -145050475, "totalCashFromOperatingActivities": -14654259, "capitalExpenditures": -6055007, "investments": 526600803, "otherCashflowsFromInvestingActivities": -7572063, "totalCashflowsFromInvestingActivities": 715032736, "dividendsPaid": -16800000, "netBorrowings": -124973556, "otherCashflowsFromFinancingActivities": -15343395, "totalCashFromFinancingActivities": -661680543, "changeInCash": 38697933, "repurchaseOfStock": -504563592}, {"maxAge": 1, "endDate": "2017-03-31", "netIncome": 128502393, "depreciation": 28269507, "changeToNetincome": -85297454, "changeToAccountReceivables": 30386525, "changeToLiabilities": -16631153, "changeToInventory": -99802053, "changeToOperatingActivities": -772051, "totalCashFromOperatingActivities": -9657874, "capitalExpenditures": -48608969, "investments": -64501853, "otherCashflowsFromInvestingActivities": 6140543, "totalCashflowsFromInvestingActivities": -106970279, "dividendsPaid": -16800000, "netBorrowings": 102834667, "otherCashflowsFromFinancingActivities": -11971847, "totalCashFromFinancingActivities": 90862820, "changeInCash": -25765333, "repurchaseOfStock": -504563592}], "maxAge": 86400}, "institutionOwnership": {"maxAge": 1, "ownershipList": []}, "balanceSheetHistoryQuarterly": {"balanceSheetStatements": [{"maxAge": 1, "endDate": "2020-06-30", "totalStockholderEquity": 1674231453, "netTangibleAssets": 1628807065}, {"maxAge": 1, "endDate": "2020-03-31", "cash": 119562502, "netReceivables": 483936744, "inventory": 544055748, "totalCurrentAssets": 1147554994, "longTermInvestments": 582341669, "propertyPlantEquipment": 227601557, "intangibleAssets": 45424388, "otherAssets": 44848278, "totalAssets": 2047770886, "accountsPayable": 138011038, "otherCurrentLiab": 15537440, "longTermDebt": 75000000, "otherLiab": 107947560, "totalCurrentLiabilities": 190591873, "totalLiab": 373539433, "commonStock": 148000000, "retainedEarnings": 1009112008, "capitalSurplus": 517119445, "totalStockholderEquity": 1674231453, "netTangibleAssets": 1628807065}, {"maxAge": 1, "endDate": "2019-12-31", "totalStockholderEquity": 1695872000, "netTangibleAssets": 1646301000}, {"maxAge": 1, "endDate": "2019-09-30", "cash": 32900000, "netReceivables": 696283000, "inventory": 376473000, "totalCurrentAssets": 1105656000, "longTermInvestments": 661780000, "propertyPlantEquipment": 190664000, "intangibleAssets": 49571000, "otherAssets": 47122000, "totalAssets": 2054793000, "accountsPayable": 190049000, "otherCurrentLiab": 49850000, "otherLiab": 98531000, "totalCurrentLiabilities": 260390000, "totalLiab": 358921000, "commonStock": 148000000, "treasuryStock": 1547872000, "otherStockholderEquity": 1547872000, "totalStockholderEquity": 1695872000, "netTangibleAssets": 1646301000}], "maxAge": 86400}, "earningsHistory": {"history": [{"maxAge": 1, "epsActual": {}, "epsEstimate": {}, "epsDifference": {}, "surprisePercent": {}, "quarter": {}, "period": "-4q"}, {"maxAge": 1, "epsActual": {}, "epsEstimate": {}, "epsDifference": {}, "surprisePercent": {}, "quarter": {}, "period": "-3q"}, {"maxAge": 1, "epsActual": {}, "epsEstimate": {}, "epsDifference": {}, "surprisePercent": {}, "quarter": {}, "period": "-2q"}, {"maxAge": 1, "epsActual": {}, "epsEstimate": {}, "epsDifference": {}, "surprisePercent": {}, "quarter": {}, "period": "-1q"}], "maxAge": 86400}, "indexTrend": {"maxAge": 1, "symbol": "SP5", "peRatio": 19.7411, "pegRatio": 1.34172, "estimates": [{"period": "0q", "growth": 0.549}, {"period": "+1q", "growth": 0.431}, {"period": "0y", "growth": 0.305}, {"period": "+1y", "growth": 0.109}, {"period": "+5y", "growth": 0.120865}, {"period": "-5y"}]}, "industryTrend": {"maxAge": 1, "symbol": null, "estimates": []}, "insiderTransactions": {"transactions": [{"maxAge": 1, "shares": 988119, "filerUrl": "", "transactionText": "", "filerName": "Reddy (Vinay)", "filerRelation": "Executive Chairman", "moneyText": "", "startDate": "2019-12-31", "ownership": "D"}], "maxAge": 1}, "quoteType": {"exchange": "BSE", "quoteType": "EQUITY", "symbol": "LOVABLE.BO", "underlyingSymbol": "LOVABLE.BO", "shortName": "LOVABLE LINGERIE LTD.", "longName": "Lovable Lingerie Limited", "firstTradeDateEpochUtc": "2011-03-24 09:15:00", "timeZoneFullName": "Asia/Kolkata", "timeZoneShortName": "IST", "uuid": "38dd8e42-346d-3cf7-91ba-10ced49f6f7f", "messageBoardId": null, "gmtOffSetMilliseconds": 19800000, "maxAge": 1}, "incomeStatementHistory": {"incomeStatementHistory": [{"maxAge": 1, "endDate": "2020-03-31", "totalRevenue": 1423781498, "costOfRevenue": 601785868, "grossProfit": 821995630, "researchDevelopment": {}, "sellingGeneralAdministrative": 620262164, "nonRecurring": {}, "otherOperatingExpenses": 136271868, "totalOperatingExpenses": 1375941593, "operatingIncome": 47839905, "totalOtherIncomeExpenseNet": -7595204, "ebit": 47839905, "interestExpense": -3094144, "incomeBeforeTax": 40244701, "incomeTaxExpense": 8837846, "minorityInterest": {}, "netIncomeFromContinuingOps": 31406855, "discontinuedOperations": {}, "extraordinaryItems": {}, "effectOfAccountingCharges": {}, "otherItems": {}, "netIncome": 31406855, "netIncomeApplicableToCommonShares": 31406855}, {"maxAge": 1, "endDate": "2019-03-31", "totalRevenue": 1755053884, "costOfRevenue": 814068013, "grossProfit": 940985871, "researchDevelopment": {}, "sellingGeneralAdministrative": 709667105, "nonRecurring": {}, "otherOperatingExpenses": 160487526, "totalOperatingExpenses": 1701085311, "operatingIncome": 53968573, "totalOtherIncomeExpenseNet": -21709142, "ebit": 53968573, "interestExpense": -3094144, "incomeBeforeTax": 32259431, "incomeTaxExpense": 24104911, "minorityInterest": {}, "netIncomeFromContinuingOps": 8154520, "discontinuedOperations": {}, "extraordinaryItems": {}, "effectOfAccountingCharges": {}, "otherItems": {}, "netIncome": 8154520, "netIncomeApplicableToCommonShares": 8154520}, {"maxAge": 1, "endDate": "2018-03-31", "totalRevenue": 1759068593, "costOfRevenue": 876105590, "grossProfit": 882963003, "researchDevelopment": {}, "sellingGeneralAdministrative": 648890374, "nonRecurring": {}, "otherOperatingExpenses": 142555252, "totalOperatingExpenses": 1701802088, "operatingIncome": 57266505, "totalOtherIncomeExpenseNet": -106901270, "ebit": 57266505, "interestExpense": -7897205, "incomeBeforeTax": -49634765, "incomeTaxExpense": -25830081, "minorityInterest": {}, "netIncomeFromContinuingOps": -23804684, "discontinuedOperations": {}, "extraordinaryItems": {}, "effectOfAccountingCharges": {}, "otherItems": {}, "netIncome": -23804684, "netIncomeApplicableToCommonShares": -23804684}, {"maxAge": 1, "endDate": "2017-03-31", "totalRevenue": 1974060816, "costOfRevenue": 986362797, "grossProfit": 987698019, "researchDevelopment": {}, "sellingGeneralAdministrative": 652495444, "nonRecurring": {}, "otherOperatingExpenses": 143096132, "totalOperatingExpenses": 1815910292, "operatingIncome": 158150524, "totalOtherIncomeExpenseNet": 19999902, "ebit": 158150524, "interestExpense": -9992168, "incomeBeforeTax": 178150426, "incomeTaxExpense": 49648033, "minorityInterest": {}, "netIncomeFromContinuingOps": 128502393, "discontinuedOperations": {}, "extraordinaryItems": {}, "effectOfAccountingCharges": {}, "otherItems": {}, "netIncome": 128502393, "netIncomeApplicableToCommonShares": 128502393}], "maxAge": 86400}, "fundOwnership": {"maxAge": 1, "ownershipList": []}, "summaryDetail": {"maxAge": 1, "priceHint": 2, "previousClose": 90.1, "open": 93.8, "dayLow": 89.15, "dayHigh": 93.8, "regularMarketPreviousClose": 90.1, "regularMarketOpen": 93.8, "regularMarketDayLow": 89.15, "regularMarketDayHigh": 93.8, "volume": 5887, "regularMarketVolume": 5887, "averageVolume": 20923, "averageVolume10days": 5830, "averageDailyVolume10Day": 5830, "bid": 89.6, "ask": 89.8, "bidSize": 0, "askSize": 0, "marketCap": 1327559936, "fiftyTwoWeekLow": 34.0, "fiftyTwoWeekHigh": 115.95, "fiftyDayAverage": 87.99412, "twoHundredDayAverage": 70.76397, "trailingAnnualDividendRate": 0.5, "trailingAnnualDividendYield": 0.00554939, "currency": "INR", "fromCurrency": null, "toCurrency": null, "lastMarket": null, "algorithm": null, "tradeable": false}, "sectorTrend": {"maxAge": 1, "symbol": null, "estimates": []}, "incomeStatementHistoryQuarterly": {"incomeStatementHistory": [{"maxAge": 1, "endDate": "2020-06-30", "totalRevenue": 66898000, "costOfRevenue": 81791000, "grossProfit": -14893000, "researchDevelopment": {}, "sellingGeneralAdministrative": 24923000, "nonRecurring": {}, "otherOperatingExpenses": 9792000, "totalOperatingExpenses": 120625000, "operatingIncome": -53727000, "totalOtherIncomeExpenseNet": -2775000, "ebit": -53727000, "interestExpense": -2777000, "incomeBeforeTax": -56502000, "incomeTaxExpense": -14220000, "minorityInterest": {}, "netIncomeFromContinuingOps": -42282000, "discontinuedOperations": {}, "extraordinaryItems": {}, "effectOfAccountingCharges": {}, "otherItems": {}, "netIncome": -42282000, "netIncomeApplicableToCommonShares": -42282000}, {"maxAge": 1, "endDate": "2020-03-31", "totalRevenue": 105845498, "costOfRevenue": 7201868, "grossProfit": 98643630, "researchDevelopment": {}, "sellingGeneralAdministrative": 98806164, "nonRecurring": {}, "otherOperatingExpenses": 35715868, "totalOperatingExpenses": 146356593, "operatingIncome": -40511095, "totalOtherIncomeExpenseNet": -10586204, "ebit": -40511095, "interestExpense": -2484144, "incomeBeforeTax": -51097299, "incomeTaxExpense": -18602154, "minorityInterest": {}, "netIncomeFromContinuingOps": -32495145, "discontinuedOperations": {}, "extraordinaryItems": {}, "effectOfAccountingCharges": {}, "otherItems": {}, "netIncome": -32495145, "netIncomeApplicableToCommonShares": -32495145}, {"maxAge": 1, "endDate": "2019-12-31", "totalRevenue": 401095000, "costOfRevenue": 199657000, "grossProfit": 201438000, "researchDevelopment": {}, "sellingGeneralAdministrative": 134851000, "nonRecurring": {}, "otherOperatingExpenses": 33799000, "totalOperatingExpenses": 372642000, "operatingIncome": 28453000, "totalOtherIncomeExpenseNet": -1210000, "ebit": 28453000, "interestExpense": -2484144, "incomeBeforeTax": 27243000, "incomeTaxExpense": 13457000, "minorityInterest": {}, "netIncomeFromContinuingOps": 13786000, "discontinuedOperations": {}, "extraordinaryItems": {}, "effectOfAccountingCharges": {}, "otherItems": {}, "netIncome": 13786000, "netIncomeApplicableToCommonShares": 13786000}, {"maxAge": 1, "endDate": "2019-09-30", "totalRevenue": 391001000, "costOfRevenue": 157890000, "grossProfit": 233111000, "researchDevelopment": {}, "sellingGeneralAdministrative": 180308000, "nonRecurring": {}, "otherOperatingExpenses": 28433000, "totalOperatingExpenses": 370966000, "operatingIncome": 20035000, "totalOtherIncomeExpenseNet": -474000, "ebit": 20035000, "interestExpense": -662000, "incomeBeforeTax": 19561000, "incomeTaxExpense": 4989000, "minorityInterest": {}, "netIncomeFromContinuingOps": 14572000, "discontinuedOperations": {}, "extraordinaryItems": {}, "effectOfAccountingCharges": {}, "otherItems": {}, "netIncome": 14572000, "netIncomeApplicableToCommonShares": 14572000}], "maxAge": 86400}, "cashflowStatementHistoryQuarterly": {"cashflowStatements": [{"maxAge": 1, "endDate": "2020-06-30", "netIncome": -42282000, "changeToLiabilities": 0}, {"maxAge": 1, "endDate": "2020-03-31", "netIncome": -32495145, "changeToLiabilities": 0}, {"maxAge": 1, "endDate": "2019-12-31", "netIncome": 13786000, "changeToLiabilities": 0}, {"maxAge": 1, "endDate": "2019-09-30", "netIncome": 14572000, "changeToLiabilities": 0}], "maxAge": 86400}, "insiderHolders": {"holders": [{"maxAge": 1, "name": "Reddy (Vinay)", "relation": "Executive Chairman", "url": "", "transactionDescription": "Acquisition", "latestTransDate": "2019-12-31", "positionDirect": 4136131, "positionDirectDate": "2019-12-31"}], "maxAge": 1}, "earnings": {"maxAge": 86400, "earningsChart": {"quarterly": [], "earningsDate": ["2020-09-09 05:30:S"]}, "financialsChart": {"yearly": [{"date": 2017, "revenue": 1974060816, "earnings": 128502393}, {"date": 2018, "revenue": 1759068593, "earnings": -23804684}, {"date": 2019, "revenue": 1755053884, "earnings": 8154520}, {"date": 2020, "revenue": 1423781498, "earnings": 31406855}], "quarterly": [{"date": "3Q2019", "revenue": 391001000, "earnings": 14572000}, {"date": "4Q2019", "revenue": 401095000, "earnings": 13786000}, {"date": "1Q2020", "revenue": 105845498, "earnings": -32495145}, {"date": "2Q2020", "revenue": 66898000, "earnings": -42282000}]}, "financialCurrency": "INR"}, "calendarEvents": {"maxAge": 1, "earnings": {"earningsDate": ["2020-09-09 05:30:S"]}}, "price": {"maxAge": 1, "regularMarketChangePercent": -0.0044395286, "regularMarketChange": -0.40000153, "regularMarketTime": "2021-04-30 15:25:08", "priceHint": 2, "regularMarketPrice": 89.7, "regularMarketDayHigh": 93.8, "regularMarketDayLow": 89.15, "regularMarketVolume": 5887, "averageDailyVolume10Day": 5830, "averageDailyVolume3Month": 20923, "regularMarketPreviousClose": 90.1, "regularMarketSource": "FREE_REALTIME", "regularMarketOpen": 93.8, "exchange": "BSE", "exchangeName": "BSE", "exchangeDataDelayedBy": 0, "marketState": "CLOSED", "quoteType": "EQUITY", "symbol": "LOVABLE.BO", "underlyingSymbol": null, "shortName": "LOVABLE LINGERIE LTD.", "longName": "Lovable Lingerie Limited", "currency": "INR", "quoteSourceName": "Delayed Quote", "currencySymbol": "\u20b9", "fromCurrency": null, "toCurrency": null, "lastMarket": null, "marketCap": 1327559936}, "balanceSheetHistory": {"balanceSheetStatements": [{"maxAge": 1, "endDate": "2020-03-31", "cash": 119562502, "netReceivables": 483936744, "inventory": 544055748, "totalCurrentAssets": 1147554994, "longTermInvestments": 582341669, "propertyPlantEquipment": 227601557, "intangibleAssets": 45424388, "otherAssets": 44848278, "totalAssets": 2047770886, "accountsPayable": 138011038, "otherCurrentLiab": 15537440, "longTermDebt": 75000000, "otherLiab": 107947560, "totalCurrentLiabilities": 190591873, "totalLiab": 373539433, "commonStock": 148000000, "retainedEarnings": 1009112008, "capitalSurplus": 517119445, "totalStockholderEquity": 1674231453, "netTangibleAssets": 1628807065}, {"maxAge": 1, "endDate": "2019-03-31", "cash": 18977427, "netReceivables": 537258164, "inventory": 544070617, "totalCurrentAssets": 1100306208, "longTermInvestments": 597795446, "propertyPlantEquipment": 193481243, "intangibleAssets": 53736802, "otherAssets": 78088921, "totalAssets": 2023408620, "accountsPayable": 236150976, "otherCurrentLiab": 2748716, "otherLiab": 103071487, "deferredLongTermLiab": 215340, "totalCurrentLiabilities": 265674781, "totalLiab": 368746268, "commonStock": 148000000, "retainedEarnings": 989542907, "capitalSurplus": 517119445, "totalStockholderEquity": 1654662352, "netTangibleAssets": 1600925550}, {"maxAge": 1, "endDate": "2018-03-31", "cash": 48278670, "netReceivables": 528828617, "inventory": 458896503, "totalCurrentAssets": 1036003790, "longTermInvestments": 442000338, "propertyPlantEquipment": 199679115, "intangibleAssets": 61551581, "otherAssets": 167057017, "totalAssets": 1906291841, "accountsPayable": 131343796, "otherCurrentLiab": 1778156, "otherLiab": 85069695, "totalCurrentLiabilities": 168022165, "totalLiab": 253091860, "commonStock": 148000000, "retainedEarnings": 988080536, "capitalSurplus": 517119445, "totalStockholderEquity": 1653199981, "netTangibleAssets": 1591648400}, {"maxAge": 1, "endDate": "2017-03-31", "cash": 9580737, "netReceivables": 439288057, "inventory": 739011025, "otherCurrentAssets": 1, "totalCurrentAssets": 1187879820, "longTermInvestments": 926421130, "propertyPlantEquipment": 410430614, "intangibleAssets": 81054950, "otherAssets": 24744023, "totalAssets": 2630530537, "accountsPayable": 97175566, "shortLongTermDebt": 21291141, "otherCurrentLiab": 29597105, "otherLiab": 86011860, "totalCurrentLiabilities": 322529789, "totalLiab": 408541649, "commonStock": 168000000, "retainedEarnings": 1052305852, "capitalSurplus": 1001683036, "totalStockholderEquity": 2221988888, "netTangibleAssets": 2140933938}], "maxAge": 86400}, "earningsTrend": {"trend": [{"maxAge": 1, "period": "0q", "endDate": null, "growth": {}, "earningsEstimate": {"avg": 0.0, "low": 0.0, "high": 0.0, "yearAgoEps": {}, "numberOfAnalysts": 0, "growth": {}}, "revenueEstimate": {"avg": 0, "low": 0, "high": 0, "numberOfAnalysts": 0, "yearAgoRevenue": {}, "growth": {}}, "epsTrend": {"current": 0.0, "7daysAgo": 0.0, "30daysAgo": 0.0, "60daysAgo": 0.0, "90daysAgo": 0.0}, "epsRevisions": {"upLast7days": 0, "upLast30days": 0, "downLast30days": 0, "downLast90days": {}}}, {"maxAge": 1, "period": "+1q", "endDate": null, "growth": {}, "earningsEstimate": {"avg": 0.0, "low": 0.0, "high": 0.0, "yearAgoEps": {}, "numberOfAnalysts": 0, "growth": {}}, "revenueEstimate": {"avg": 0, "low": 0, "high": 0, "numberOfAnalysts": 0, "yearAgoRevenue": {}, "growth": {}}, "epsTrend": {"current": 0.0, "7daysAgo": 0.0, "30daysAgo": 0.0, "60daysAgo": 0.0, "90daysAgo": 0.0}, "epsRevisions": {"upLast7days": 0, "upLast30days": 0, "downLast30days": 0, "downLast90days": {}}}, {"maxAge": 1, "period": "0y", "endDate": null, "growth": {}, "earningsEstimate": {"avg": 0.0, "low": 0.0, "high": 0.0, "yearAgoEps": {}, "numberOfAnalysts": 0, "growth": {}}, "revenueEstimate": {"avg": 0, "low": 0, "high": 0, "numberOfAnalysts": 0, "yearAgoRevenue": {}, "growth": {}}, "epsTrend": {"current": 0.0, "7daysAgo": 0.0, "30daysAgo": 0.0, "60daysAgo": 0.0, "90daysAgo": 0.0}, "epsRevisions": {"upLast7days": 0, "upLast30days": 0, "downLast30days": 0, "downLast90days": {}}}, {"maxAge": 1, "period": "+1y", "endDate": null, "growth": {}, "earningsEstimate": {"avg": 0.0, "low": 0.0, "high": 0.0, "yearAgoEps": {}, "numberOfAnalysts": 0, "growth": {}}, "revenueEstimate": {"avg": 0, "low": 0, "high": 0, "numberOfAnalysts": 0, "yearAgoRevenue": {}, "growth": {}}, "epsTrend": {"current": 0.0, "7daysAgo": 0.0, "30daysAgo": 0.0, "60daysAgo": 0.0, "90daysAgo": 0.0}, "epsRevisions": {"upLast7days": 0, "upLast30days": 0, "downLast30days": 0, "downLast90days": {}}}, {"maxAge": 1, "period": "+5y", "endDate": null, "growth": 0.22, "earningsEstimate": {"avg": {}, "low": {}, "high": {}, "yearAgoEps": {}, "numberOfAnalysts": {}, "growth": {}}, "revenueEstimate": {"avg": {}, "low": {}, "high": {}, "numberOfAnalysts": {}, "yearAgoRevenue": {}, "growth": {}}, "epsTrend": {"current": {}, "7daysAgo": {}, "30daysAgo": {}, "60daysAgo": {}, "90daysAgo": {}}, "epsRevisions": {"upLast7days": {}, "upLast30days": {}, "downLast30days": {}, "downLast90days": {}}}, {"maxAge": 1, "period": "-5y", "endDate": null, "growth": -0.01171, "earningsEstimate": {"avg": {}, "low": {}, "high": {}, "yearAgoEps": {}, "numberOfAnalysts": {}, "growth": {}}, "revenueEstimate": {"avg": {}, "low": {}, "high": {}, "numberOfAnalysts": {}, "yearAgoRevenue": {}, "growth": {}}, "epsTrend": {"current": {}, "7daysAgo": {}, "30daysAgo": {}, "60daysAgo": {}, "90daysAgo": {}}, "epsRevisions": {"upLast7days": {}, "upLast30days": {}, "downLast30days": {}, "downLast90days": {}}}], "maxAge": 1}, "financialData": {"maxAge": 86400, "currentPrice": 89.7, "targetHighPrice": 407.0, "targetLowPrice": 407.0, "targetMeanPrice": 407.0, "targetMedianPrice": 407.0, "recommendationMean": 2.0, "recommendationKey": "buy", "numberOfAnalystOpinions": 1, "grossProfits": 821995630, "financialCurrency": "INR"}}}