{"LOYAL.BO": {"cashflowStatementHistory": {"cashflowStatements": [{"maxAge": 1, "endDate": "2020-03-31", "netIncome": 28791360, "depreciation": 11460700, "changeToNetincome": 5880230, "changeToAccountReceivables": 2760900, "changeToLiabilities": 19402910, "changeToInventory": -51881220, "changeToOperatingActivities": -684320, "totalCashFromOperatingActivities": 15730560, "capitalExpenditures": -22045350, "otherCashflowsFromInvestingActivities": 467880, "totalCashflowsFromInvestingActivities": -21627980, "netBorrowings": 15857500, "otherCashflowsFromFinancingActivities": -9926080, "totalCashFromFinancingActivities": 5931420, "changeInCash": 34000}, {"maxAge": 1, "endDate": "2019-03-31", "netIncome": 45043150, "depreciation": 9340170, "changeToNetincome": 8768930, "changeToAccountReceivables": -32143140, "changeToLiabilities": -18827820, "changeToInventory": -964030, "changeToOperatingActivities": -19111300, "totalCashFromOperatingActivities": -6968180, "capitalExpenditures": -27758190, "investments": 35370, "otherCashflowsFromInvestingActivities": 538050, "totalCashflowsFromInvestingActivities": -26156760, "netBorrowings": 58065460, "otherCashflowsFromFinancingActivities": -5580060, "totalCashFromFinancingActivities": 52485400, "changeInCash": 19360460}, {"maxAge": 1, "endDate": "2018-03-31", "netIncome": 19909010, "depreciation": 10333180, "changeToNetincome": -658360, "changeToAccountReceivables": -5834370, "changeToLiabilities": 33798960, "changeToInventory": -63084710, "changeToOperatingActivities": 22105790, "totalCashFromOperatingActivities": 18161930, "capitalExpenditures": -21893750, "investments": 14697900, "otherCashflowsFromInvestingActivities": 529420, "totalCashflowsFromInvestingActivities": -14374400, "netBorrowings": -16904810, "otherCashflowsFromFinancingActivities": -3441110, "totalCashFromFinancingActivities": -20345920, "changeInCash": -16558390}, {"maxAge": 1, "endDate": "2017-03-31", "netIncome": 21834830, "depreciation": 9766250, "changeToNetincome": 8483170, "changeToAccountReceivables": -10204140, "changeToLiabilities": 2957250, "changeToInventory": -1089750, "changeToOperatingActivities": -28948940, "totalCashFromOperatingActivities": 3490020, "capitalExpenditures": -11387410, "investments": 505000, "otherCashflowsFromInvestingActivities": 1301700, "totalCashflowsFromInvestingActivities": -9280710, "dividendsPaid": -4092160, "netBorrowings": -152310, "otherCashflowsFromFinancingActivities": -3050970, "totalCashFromFinancingActivities": -7295440, "changeInCash": -13086130}], "maxAge": 86400}, "institutionOwnership": {"ownershipList": [], "maxAge": 1}, "balanceSheetHistoryQuarterly": {"balanceSheetStatements": [{"maxAge": 1, "endDate": "2020-06-30", "totalStockholderEquity": 208099810, "netTangibleAssets": 207834570}, {"maxAge": 1, "endDate": "2020-03-31", "cash": 22335100, "netReceivables": 64215560, "inventory": 178580650, "otherCurrentAssets": 18216770, "totalCurrentAssets": 283348080, "longTermInvestments": 718620, "propertyPlantEquipment": 91029320, "intangibleAssets": 265240, "otherAssets": 944080, "totalAssets": 376305340, "accountsPayable": 50468580, "otherCurrentLiab": 23884510, "longTermDebt": 3121560, "otherLiab": 3063030, "totalCurrentLiabilities": 162020940, "totalLiab": 168205530, "commonStock": 102000000, "retainedEarnings": 106099810, "totalStockholderEquity": 208099810, "netTangibleAssets": 207834570}, {"maxAge": 1, "endDate": "2019-12-31", "totalStockholderEquity": 182713660, "netTangibleAssets": 182415150}, {"maxAge": 1, "endDate": "2019-09-30", "cash": 4389830, "netReceivables": 45001280, "inventory": 177253880, "otherCurrentAssets": 23551010, "totalCurrentAssets": 250196000, "longTermInvestments": 738770, "propertyPlantEquipment": 97105240, "intangibleAssets": 298510, "otherAssets": 941360, "totalAssets": 349279880, "accountsPayable": 55159470, "otherCurrentLiab": 10031880, "longTermDebt": 4270740, "otherLiab": 2521880, "totalCurrentLiabilities": 159773600, "totalLiab": 166566220, "commonStock": 102000000, "retainedEarnings": 80713660, "totalStockholderEquity": 182713660, "netTangibleAssets": 182415150}], "maxAge": 86400}, "indexTrend": {"maxAge": 1, "symbol": "SP5", "peRatio": 19.7411, "pegRatio": 1.34172, "estimates": [{"period": "0q", "growth": 0.549}, {"period": "+1q", "growth": 0.431}, {"period": "0y", "growth": 0.305}, {"period": "+1y", "growth": 0.109}, {"period": "+5y", "growth": 0.120859005}, {"period": "-5y"}]}, "quoteType": {"exchange": "BSE", "quoteType": "EQUITY", "symbol": "LOYAL.BO", "underlyingSymbol": "LOYAL.BO", "shortName": "Loyal Equipments Limited", "longName": "Loyal Equipments Limited", "firstTradeDateEpochUtc": "2015-07-16 09:15:00", "timeZoneFullName": "Asia/Kolkata", "timeZoneShortName": "IST", "uuid": "81ea6fe0-fac7-3396-bf36-66dfd008ba05", "gmtOffSetMilliseconds": 19800000, "maxAge": 1}, "incomeStatementHistory": {"incomeStatementHistory": [{"maxAge": 1, "endDate": "2020-03-31", "totalRevenue": 340006980, "costOfRevenue": 137345370, "grossProfit": 202661610, "researchDevelopment": {}, "sellingGeneralAdministrative": 42524010, "nonRecurring": {}, "otherOperatingExpenses": 100558110, "totalOperatingExpenses": 291888190, "operatingIncome": 48118790, "totalOtherIncomeExpenseNet": -9926080, "ebit": 48118790, "interestExpense": -9926080, "incomeBeforeTax": 38192710, "incomeTaxExpense": 9401350, "minorityInterest": {}, "netIncomeFromContinuingOps": 28791360, "discontinuedOperations": {}, "extraordinaryItems": {}, "effectOfAccountingCharges": {}, "otherItems": {}, "netIncome": 28791360, "netIncomeApplicableToCommonShares": 28791360}, {"maxAge": 1, "endDate": "2019-03-31", "totalRevenue": 414425210, "costOfRevenue": 220573890, "grossProfit": 193851320, "researchDevelopment": {}, "sellingGeneralAdministrative": 42809890, "nonRecurring": {}, "otherOperatingExpenses": 73095980, "totalOperatingExpenses": 346745790, "operatingIncome": 67679420, "totalOtherIncomeExpenseNet": -5330780, "ebit": 67679420, "interestExpense": -3909060, "incomeBeforeTax": 62348640, "incomeTaxExpense": 17305490, "minorityInterest": {}, "netIncomeFromContinuingOps": 45043150, "discontinuedOperations": {}, "extraordinaryItems": {}, "effectOfAccountingCharges": {}, "otherItems": {}, "netIncome": 45043150, "netIncomeApplicableToCommonShares": 45043150}, {"maxAge": 1, "endDate": "2018-03-31", "totalRevenue": 214109520, "costOfRevenue": 111120390, "grossProfit": 102989130, "researchDevelopment": {}, "sellingGeneralAdministrative": 37139530, "nonRecurring": {}, "otherOperatingExpenses": 24310380, "totalOperatingExpenses": 183804560, "operatingIncome": 30304960, "totalOtherIncomeExpenseNet": -2565660, "ebit": 30304960, "interestExpense": -2270930, "incomeBeforeTax": 27739300, "incomeTaxExpense": 7830290, "minorityInterest": {}, "netIncomeFromContinuingOps": 19909010, "discontinuedOperations": {}, "extraordinaryItems": {}, "effectOfAccountingCharges": {}, "otherItems": {}, "netIncome": 19909010, "netIncomeApplicableToCommonShares": 19909010}, {"maxAge": 1, "endDate": "2017-03-31", "totalRevenue": 193041460, "costOfRevenue": 102872620, "grossProfit": 90168840, "researchDevelopment": {}, "sellingGeneralAdministrative": 27370530, "nonRecurring": {}, "otherOperatingExpenses": 19229520, "totalOperatingExpenses": 159238920, "operatingIncome": 33802540, "totalOtherIncomeExpenseNet": -1260630, "ebit": 33802540, "interestExpense": -2384120, "incomeBeforeTax": 32541910, "incomeTaxExpense": 10707080, "minorityInterest": {}, "netIncomeFromContinuingOps": 21834830, "discontinuedOperations": {}, "extraordinaryItems": {}, "effectOfAccountingCharges": {}, "otherItems": {}, "netIncome": 21834830, "netIncomeApplicableToCommonShares": 21834830}], "maxAge": 86400}, "fundOwnership": {"ownershipList": [], "maxAge": 1}, "summaryDetail": {"maxAge": 1, "priceHint": 2, "previousClose": 29.0, "open": 27.0, "dayLow": 27.0, "dayHigh": 29.95, "regularMarketPreviousClose": 29.0, "regularMarketOpen": 27.0, "regularMarketDayLow": 27.0, "regularMarketDayHigh": 29.95, "trailingPE": 7.791865, "volume": 741, "regularMarketVolume": 741, "averageVolume": 2750, "averageVolume10days": 2307, "averageDailyVolume10Day": 2307, "bid": 27.55, "ask": 29.4, "bidSize": 0, "askSize": 0, "marketCap": 300900000, "fiftyTwoWeekLow": 27.0, "fiftyTwoWeekHigh": 46.3, "fiftyDayAverage": 31.539394, "twoHundredDayAverage": 32.16875, "currency": "INR", "fromCurrency": null, "lastMarket": null, "algorithm": null, "tradeable": false}, "incomeStatementHistoryQuarterly": {"incomeStatementHistory": [{"maxAge": 1, "endDate": "2020-06-30", "totalRevenue": 79226250, "costOfRevenue": 43476730, "grossProfit": 35749520, "researchDevelopment": {}, "sellingGeneralAdministrative": 11638110, "nonRecurring": {}, "otherOperatingExpenses": 6355200, "totalOperatingExpenses": 64403950, "operatingIncome": 14822300, "totalOtherIncomeExpenseNet": -2148690, "ebit": 14822300, "interestExpense": -2148680, "incomeBeforeTax": 12673610, "incomeTaxExpense": 1200250, "minorityInterest": {}, "netIncomeFromContinuingOps": 11473360, "discontinuedOperations": {}, "extraordinaryItems": {}, "effectOfAccountingCharges": {}, "otherItems": {}, "netIncome": 11473360, "netIncomeApplicableToCommonShares": 11473360}, {"maxAge": 1, "endDate": "2020-03-31", "totalRevenue": 76174400, "costOfRevenue": -13477700, "grossProfit": 89652100, "researchDevelopment": {}, "sellingGeneralAdministrative": 7357160, "nonRecurring": {}, "otherOperatingExpenses": 69666650, "totalOperatingExpenses": 66912550, "operatingIncome": 9261850, "totalOtherIncomeExpenseNet": -4803190, "ebit": 9261850, "interestExpense": -4803180, "incomeBeforeTax": 4458660, "incomeTaxExpense": 1840050, "minorityInterest": {}, "netIncomeFromContinuingOps": 2618610, "discontinuedOperations": {}, "extraordinaryItems": {}, "effectOfAccountingCharges": {}, "otherItems": {}, "netIncome": 2618610, "netIncomeApplicableToCommonShares": 2618610}, {"maxAge": 1, "endDate": "2019-12-31", "totalRevenue": 155487480, "costOfRevenue": 91051710, "grossProfit": 64435770, "researchDevelopment": {}, "sellingGeneralAdministrative": 17109410, "nonRecurring": {}, "otherOperatingExpenses": 12499820, "totalOperatingExpenses": 124317700, "operatingIncome": 31169780, "totalOtherIncomeExpenseNet": -2077950, "ebit": 31169780, "interestExpense": -2077940, "incomeBeforeTax": 29091830, "incomeTaxExpense": 6177710, "minorityInterest": {}, "netIncomeFromContinuingOps": 22914120, "discontinuedOperations": {}, "extraordinaryItems": {}, "effectOfAccountingCharges": {}, "otherItems": {}, "netIncome": 22914120, "netIncomeApplicableToCommonShares": 22914120}, {"maxAge": 1, "endDate": "2019-09-30", "totalRevenue": 79634800, "costOfRevenue": 50028170, "grossProfit": 29606630, "researchDevelopment": {}, "sellingGeneralAdministrative": 10093820, "nonRecurring": {}, "otherOperatingExpenses": 12120730, "totalOperatingExpenses": 74634040, "operatingIncome": 5000760, "totalOtherIncomeExpenseNet": -1640940, "ebit": 5000760, "interestExpense": -1640960, "incomeBeforeTax": 3359820, "incomeTaxExpense": 1410450, "minorityInterest": {}, "netIncomeFromContinuingOps": 1949370, "discontinuedOperations": {}, "extraordinaryItems": {}, "effectOfAccountingCharges": {}, "otherItems": {}, "netIncome": 1949370, "netIncomeApplicableToCommonShares": 1949370}], "maxAge": 86400}, "cashflowStatementHistoryQuarterly": {"cashflowStatements": [{"maxAge": 1, "endDate": "2020-06-30", "netIncome": 11473360, "changeToLiabilities": 0}, {"maxAge": 1, "endDate": "2020-03-31", "netIncome": 2618610, "changeToLiabilities": 0}, {"maxAge": 1, "endDate": "2019-12-31", "netIncome": 22914120, "changeToLiabilities": 0}, {"maxAge": 1, "endDate": "2019-09-30", "netIncome": 1949370, "changeToLiabilities": 0}], "maxAge": 86400}, "insiderHolders": {"holders": [], "maxAge": 1}, "calendarEvents": {"maxAge": 1, "earnings": {"earningsDate": ["2020-08-14 05:30:S"]}}, "upgradeDowngradeHistory": {"history": [], "maxAge": 86400}, "price": {"maxAge": 1, "regularMarketChangePercent": 0.01724138, "regularMarketChange": 0.5, "regularMarketTime": "2021-04-30 12:12:57", "priceHint": 2, "regularMarketPrice": 29.5, "regularMarketDayHigh": 29.95, "regularMarketDayLow": 27.0, "regularMarketVolume": 741, "averageDailyVolume10Day": 2307, "averageDailyVolume3Month": 2750, "regularMarketPreviousClose": 29.0, "regularMarketSource": "FREE_REALTIME", "regularMarketOpen": 27.0, "exchange": "BSE", "exchangeName": "BSE", "exchangeDataDelayedBy": 0, "marketState": "CLOSED", "quoteType": "EQUITY", "symbol": "LOYAL.BO", "underlyingSymbol": null, "shortName": "Loyal Equipments Limited", "longName": "Loyal Equipments Limited", "currency": "INR", "quoteSourceName": "Delayed Quote", "currencySymbol": "\u20b9", "fromCurrency": null, "lastMarket": null, "marketCap": 300900000}, "balanceSheetHistory": {"balanceSheetStatements": [{"maxAge": 1, "endDate": "2020-03-31", "cash": 22335100, "netReceivables": 64215560, "inventory": 178580650, "otherCurrentAssets": 18216770, "totalCurrentAssets": 283348080, "longTermInvestments": 718620, "propertyPlantEquipment": 91029320, "intangibleAssets": 265240, "otherAssets": 944080, "totalAssets": 376305340, "accountsPayable": 50468580, "otherCurrentLiab": 23884510, "longTermDebt": 3121560, "otherLiab": 3063030, "totalCurrentLiabilities": 162020940, "totalLiab": 168205530, "commonStock": 102000000, "retainedEarnings": 106099810, "totalStockholderEquity": 208099810, "netTangibleAssets": 207834570}, {"maxAge": 1, "endDate": "2019-03-31", "cash": 22301090, "netReceivables": 66842370, "inventory": 126699430, "otherCurrentAssets": 10089880, "totalCurrentAssets": 227052520, "longTermInvestments": 801940, "propertyPlantEquipment": 80377570, "intangibleAssets": 332330, "otherAssets": 893580, "totalAssets": 309457940, "accountsPayable": 19895470, "shortLongTermDebt": 2210490, "otherCurrentLiab": 5354540, "longTermDebt": 5413670, "otherLiab": 2306770, "totalCurrentLiabilities": 122282470, "totalLiab": 130002910, "commonStock": 102000000, "retainedEarnings": 77455040, "treasuryStock": 10, "otherStockholderEquity": 10, "totalStockholderEquity": 179455050, "netTangibleAssets": 179122720}, {"maxAge": 1, "endDate": "2018-03-31", "cash": 2940640, "netReceivables": 39714120, "inventory": 125735400, "otherCurrentAssets": 19954390, "totalCurrentAssets": 189275260, "longTermInvestments": 1117790, "propertyPlantEquipment": 61888110, "intangibleAssets": 1161760, "otherAssets": 3822310, "deferredLongTermAssetCharges": 18050, "totalAssets": 257265230, "accountsPayable": 42219090, "otherCurrentLiab": 42256810, "longTermDebt": 5624150, "otherLiab": 958490, "deferredLongTermLiab": 1882680, "totalCurrentLiabilities": 112892290, "totalLiab": 119474930, "commonStock": 102000000, "treasuryStock": 35790300, "otherStockholderEquity": 35790300, "totalStockholderEquity": 137790300, "netTangibleAssets": 136628540}, {"maxAge": 1, "endDate": "2017-03-31", "cash": 19499030, "shortTermInvestments": 14406500, "netReceivables": 29858900, "inventory": 62650690, "otherCurrentAssets": 14437980, "totalCurrentAssets": 141506040, "longTermInvestments": 1409190, "propertyPlantEquipment": 50407580, "intangibleAssets": 1982790, "otherAssets": 2761530, "totalAssets": 198067130, "accountsPayable": 12139860, "otherCurrentLiab": 20265030, "longTermDebt": 8739790, "otherLiab": 2423040, "deferredLongTermLiab": 2074010, "totalCurrentLiabilities": 70004610, "totalLiab": 81167440, "commonStock": 68000000, "retainedEarnings": 34499690, "capitalSurplus": 14400000, "totalStockholderEquity": 116899690, "netTangibleAssets": 114916900}], "maxAge": 86400}, "financialData": {"maxAge": 86400, "currentPrice": 29.5, "recommendationKey": "none", "grossProfits": 202661610, "financialCurrency": "INR"}}}