{"LOYALTEX.BO": {"recommendationTrend": {"trend": [{"period": "0m", "strongBuy": 0, "buy": 0, "hold": 0, "sell": 0, "strongSell": 0}, {"period": "-1m", "strongBuy": 0, "buy": 0, "hold": 0, "sell": 0, "strongSell": 0}, {"period": "-2m", "strongBuy": 0, "buy": 0, "hold": 0, "sell": 0, "strongSell": 0}, {"period": "-3m", "strongBuy": 0, "buy": 0, "hold": 0, "sell": 0, "strongSell": 0}], "maxAge": 86400}, "cashflowStatementHistory": {"cashflowStatements": [{"maxAge": 1, "endDate": "2020-03-31", "netIncome": 87800000, "depreciation": 519421000, "changeToNetincome": 264600000, "changeToAccountReceivables": 633700000, "changeToLiabilities": 0, "changeToInventory": -284200000, "changeToOperatingActivities": -387500000, "totalCashFromOperatingActivities": 835700000, "capitalExpenditures": -93900000, "investments": 800000, "otherCashflowsFromInvestingActivities": 5700000, "totalCashflowsFromInvestingActivities": -86700000, "dividendsPaid": -7200000, "netBorrowings": -407300000, "otherCashflowsFromFinancingActivities": -370600000, "totalCashFromFinancingActivities": -785100000, "changeInCash": -36100000}, {"maxAge": 1, "endDate": "2019-03-31", "netIncome": 282000000, "depreciation": 572213000, "changeToNetincome": 287200000, "changeToAccountReceivables": -296300000, "changeToLiabilities": 0, "changeToInventory": -479300000, "changeToOperatingActivities": 906700000, "totalCashFromOperatingActivities": 1274200000, "capitalExpenditures": -321000000, "investments": 15600000, "otherCashflowsFromInvestingActivities": 5400000, "totalCashflowsFromInvestingActivities": -283000000, "dividendsPaid": -24100000, "netBorrowings": -553300000, "otherCashflowsFromFinancingActivities": -395500000, "totalCashFromFinancingActivities": -972900000, "changeInCash": 18200000}, {"maxAge": 1, "endDate": "2018-03-31", "netIncome": 253300000, "depreciation": 605900000, "changeToNetincome": 237400000, "changeToAccountReceivables": -367200000, "changeToLiabilities": 0, "changeToInventory": -174700000, "changeToOperatingActivities": 599900000, "totalCashFromOperatingActivities": 1154600000, "capitalExpenditures": -277700000, "investments": 62100000, "otherCashflowsFromInvestingActivities": 8000000, "totalCashflowsFromInvestingActivities": -151500000, "dividendsPaid": -48200000, "netBorrowings": -538200000, "otherCashflowsFromFinancingActivities": -393500000, "totalCashFromFinancingActivities": -979900000, "changeInCash": 23200000}, {"maxAge": 1, "endDate": "2017-03-31", "netIncome": 250900000, "depreciation": 674443000, "changeToNetincome": 332800000, "changeToAccountReceivables": -209400000, "changeToLiabilities": 0, "changeToInventory": -459300000, "changeToOperatingActivities": 148300000, "totalCashFromOperatingActivities": 741200000, "capitalExpenditures": -287400000, "investments": -43300000, "otherCashflowsFromInvestingActivities": 100000, "totalCashflowsFromInvestingActivities": -306700000, "dividendsPaid": -48200000, "netBorrowings": 49700000, "otherCashflowsFromFinancingActivities": -440500000, "totalCashFromFinancingActivities": -439000000, "changeInCash": -4500000}], "maxAge": 86400}, "institutionOwnership": {"ownershipList": [], "maxAge": 1}, "balanceSheetHistoryQuarterly": {"balanceSheetStatements": [{"maxAge": 1, "endDate": "2020-06-30", "totalStockholderEquity": 2387000000, "netTangibleAssets": 2380000000}, {"maxAge": 1, "endDate": "2020-03-31", "cash": 15700000, "shortTermInvestments": 4300000, "netReceivables": 2295200000, "inventory": 2955900000, "otherCurrentAssets": 488500000, "totalCurrentAssets": 5759600000, "longTermInvestments": 203300000, "propertyPlantEquipment": 3485600000, "intangibleAssets": 7000000, "otherAssets": 113900000, "deferredLongTermAssetCharges": 38200000, "totalAssets": 9569400000, "accountsPayable": 2338100000, "shortLongTermDebt": 444200000, "otherCurrentLiab": 87200000, "longTermDebt": 609100000, "totalCurrentLiabilities": 6573300000, "totalLiab": 7182400000, "commonStock": 48200000, "retainedEarnings": 2287800000, "treasuryStock": 51000000, "otherStockholderEquity": 51000000, "totalStockholderEquity": 2387000000, "netTangibleAssets": 2380000000}, {"maxAge": 1, "endDate": "2019-12-31", "totalStockholderEquity": 2356400000, "netTangibleAssets": 2350100000}, {"maxAge": 1, "endDate": "2019-09-30", "cash": 121900000, "shortTermInvestments": 4500000, "netReceivables": 2001100000, "inventory": 2189000000, "otherCurrentAssets": 768100000, "totalCurrentAssets": 5084600000, "longTermInvestments": 182900000, "propertyPlantEquipment": 3704400000, "intangibleAssets": 6300000, "otherAssets": 100400000, "deferredLongTermAssetCharges": 22600000, "totalAssets": 9078600000, "accountsPayable": 1585400000, "otherCurrentLiab": 1339900000, "longTermDebt": 710700000, "totalCurrentLiabilities": 6011500000, "totalLiab": 6722200000, "commonStock": 48200000, "treasuryStock": 2308200000, "otherStockholderEquity": 2308200000, "totalStockholderEquity": 2356400000, "netTangibleAssets": 2350100000}], "maxAge": 86400}, "earningsHistory": {"history": [{"maxAge": 1, "epsActual": {}, "epsEstimate": {}, "epsDifference": {}, "surprisePercent": {}, "quarter": {}, "period": "-4q"}, {"maxAge": 1, "epsActual": {}, "epsEstimate": {}, "epsDifference": {}, "surprisePercent": {}, "quarter": {}, "period": "-3q"}, {"maxAge": 1, "epsActual": {}, "epsEstimate": {}, "epsDifference": {}, "surprisePercent": {}, "quarter": {}, "period": "-2q"}, {"maxAge": 1, "epsActual": {}, "epsEstimate": {}, "epsDifference": {}, "surprisePercent": {}, "quarter": {}, "period": "-1q"}], "maxAge": 86400}, "indexTrend": {"maxAge": 1, "symbol": "SP5", "peRatio": 19.7411, "pegRatio": 1.34172, "estimates": [{"period": "0q", "growth": 0.549}, {"period": "+1q", "growth": 0.431}, {"period": "0y", "growth": 0.305}, {"period": "+1y", "growth": 0.109}, {"period": "+5y", "growth": 0.120859005}, {"period": "-5y"}]}, "industryTrend": {"maxAge": 1, "symbol": null, "estimates": []}, "quoteType": {"exchange": "BSE", "quoteType": "EQUITY", "symbol": "LOYALTEX.BO", "underlyingSymbol": "LOYALTEX.BO", "shortName": "LOYAL TEXTILE MILLS LTD.", "longName": "Loyal Textile Mills Limited", "firstTradeDateEpochUtc": "2002-01-11 09:15:00", "timeZoneFullName": "Asia/Kolkata", "timeZoneShortName": "IST", "uuid": "fa976ad2-5cdc-3545-a216-50e9df07d2c3", "gmtOffSetMilliseconds": 19800000, "maxAge": 1}, "incomeStatementHistory": {"incomeStatementHistory": [{"maxAge": 1, "endDate": "2020-03-31", "totalRevenue": 11044300000, "costOfRevenue": 6742500000, "grossProfit": 4301800000, "researchDevelopment": {}, "sellingGeneralAdministrative": 1216000000, "nonRecurring": {}, "otherOperatingExpenses": 2233100000, "totalOperatingExpenses": 10712900000, "operatingIncome": 331400000, "totalOtherIncomeExpenseNet": -289400000, "ebit": 331400000, "interestExpense": -358900000, "incomeBeforeTax": 42000000, "incomeTaxExpense": -45800000, "minorityInterest": {}, "netIncomeFromContinuingOps": 87800000, "discontinuedOperations": {}, "extraordinaryItems": {}, "effectOfAccountingCharges": {}, "otherItems": {}, "netIncome": 87800000, "netIncomeApplicableToCommonShares": 87900000}, {"maxAge": 1, "endDate": "2019-03-31", "totalRevenue": 13069400000, "costOfRevenue": 8527300000, "grossProfit": 4542100000, "researchDevelopment": {}, "sellingGeneralAdministrative": 1080400000, "nonRecurring": {}, "otherOperatingExpenses": 2304500000, "totalOperatingExpenses": 12501800000, "operatingIncome": 567600000, "totalOtherIncomeExpenseNet": -312600000, "ebit": 567600000, "interestExpense": -372400000, "incomeBeforeTax": 255000000, "incomeTaxExpense": -27000000, "minorityInterest": {}, "netIncomeFromContinuingOps": 282000000, "discontinuedOperations": {}, "extraordinaryItems": {}, "effectOfAccountingCharges": {}, "otherItems": {}, "netIncome": 282000000, "netIncomeApplicableToCommonShares": 282000000}, {"maxAge": 1, "endDate": "2018-03-31", "totalRevenue": 11588200000, "costOfRevenue": 7535100000, "grossProfit": 4053100000, "researchDevelopment": {}, "sellingGeneralAdministrative": 930700000, "nonRecurring": {}, "otherOperatingExpenses": 2025500000, "totalOperatingExpenses": 11109100000, "operatingIncome": 479100000, "totalOtherIncomeExpenseNet": -291600000, "ebit": 479100000, "interestExpense": -387400000, "incomeBeforeTax": 187500000, "incomeTaxExpense": -65800000, "minorityInterest": {}, "netIncomeFromContinuingOps": 253300000, "discontinuedOperations": {}, "extraordinaryItems": {}, "effectOfAccountingCharges": {}, "otherItems": {}, "netIncome": 253300000, "netIncomeApplicableToCommonShares": 253300000}, {"maxAge": 1, "endDate": "2017-03-31", "totalRevenue": 11364900000, "costOfRevenue": 7104800000, "grossProfit": 4260100000, "researchDevelopment": {}, "sellingGeneralAdministrative": 911700000, "nonRecurring": {}, "otherOperatingExpenses": 2049600000, "totalOperatingExpenses": 10744000000, "operatingIncome": 620900000, "totalOtherIncomeExpenseNet": -370600000, "ebit": 620900000, "interestExpense": -395600000, "incomeBeforeTax": 250300000, "incomeTaxExpense": -600000, "minorityInterest": {}, "netIncomeFromContinuingOps": 250900000, "discontinuedOperations": {}, "extraordinaryItems": {}, "effectOfAccountingCharges": {}, "otherItems": {}, "netIncome": 250900000, "netIncomeApplicableToCommonShares": 250900000}], "maxAge": 86400}, "fundOwnership": {"ownershipList": [], "maxAge": 1}, "summaryDetail": {"maxAge": 1, "priceHint": 2, "previousClose": 499.35, "open": 525.0, "dayLow": 485.0, "dayHigh": 525.0, "regularMarketPreviousClose": 499.35, "regularMarketOpen": 525.0, "regularMarketDayLow": 485.0, "regularMarketDayHigh": 525.0, "trailingPE": 37.946598, "volume": 382, "regularMarketVolume": 382, "averageVolume": 1484, "averageVolume10days": 1146, "averageDailyVolume10Day": 1146, "bid": 488.0, "ask": 496.0, "bidSize": 0, "askSize": 0, "marketCap": 2388959232, "fiftyTwoWeekLow": 161.0, "fiftyTwoWeekHigh": 583.9, "fiftyDayAverage": 471.5182, "twoHundredDayAverage": 313.59265, "trailingAnnualDividendRate": 1.5, "trailingAnnualDividendYield": 0.003003905, "currency": "INR", "fromCurrency": null, "lastMarket": null, "algorithm": null, "tradeable": false}, "sectorTrend": {"maxAge": 1, "symbol": null, "estimates": []}, "incomeStatementHistoryQuarterly": {"incomeStatementHistory": [{"maxAge": 1, "endDate": "2020-06-30", "totalRevenue": 1797400000, "costOfRevenue": 1036300000, "grossProfit": 761100000, "researchDevelopment": {}, "sellingGeneralAdministrative": 221100000, "nonRecurring": {}, "otherOperatingExpenses": 386000000, "totalOperatingExpenses": 1753100000, "operatingIncome": 44300000, "totalOtherIncomeExpenseNet": -71700000, "ebit": 44300000, "interestExpense": -86500000, "incomeBeforeTax": -27400000, "incomeTaxExpense": -14800000, "minorityInterest": {}, "netIncomeFromContinuingOps": -12600000, "discontinuedOperations": {}, "extraordinaryItems": {}, "effectOfAccountingCharges": {}, "otherItems": {}, "netIncome": -12600000, "netIncomeApplicableToCommonShares": -12600000}, {"maxAge": 1, "endDate": "2020-03-31", "totalRevenue": 2703900000, "costOfRevenue": 1748700000, "grossProfit": 955200000, "researchDevelopment": {}, "sellingGeneralAdministrative": 319600000, "nonRecurring": {}, "otherOperatingExpenses": 440600000, "totalOperatingExpenses": 2631900000, "operatingIncome": 72000000, "totalOtherIncomeExpenseNet": -96800000, "ebit": 72000000, "interestExpense": -80800000, "incomeBeforeTax": -24800000, "incomeTaxExpense": -11400000, "minorityInterest": {}, "netIncomeFromContinuingOps": -13400000, "discontinuedOperations": {}, "extraordinaryItems": {}, "effectOfAccountingCharges": {}, "otherItems": {}, "netIncome": -13400000, "netIncomeApplicableToCommonShares": -13300000}, {"maxAge": 1, "endDate": "2019-12-31", "totalRevenue": 2977800000, "costOfRevenue": 1898000000, "grossProfit": 1079800000, "researchDevelopment": {}, "sellingGeneralAdministrative": 297400000, "nonRecurring": {}, "otherOperatingExpenses": 578700000, "totalOperatingExpenses": 2903400000, "operatingIncome": 74400000, "totalOtherIncomeExpenseNet": -26800000, "ebit": 74400000, "interestExpense": -86400000, "incomeBeforeTax": 47600000, "incomeTaxExpense": 1200000, "minorityInterest": {}, "netIncomeFromContinuingOps": 46400000, "discontinuedOperations": {}, "extraordinaryItems": {}, "effectOfAccountingCharges": {}, "otherItems": {}, "netIncome": 46400000, "netIncomeApplicableToCommonShares": 46400000}, {"maxAge": 1, "endDate": "2019-09-30", "totalRevenue": 2899500000, "costOfRevenue": 1718500000, "grossProfit": 1181000000, "researchDevelopment": {}, "sellingGeneralAdministrative": 316700000, "nonRecurring": {}, "otherOperatingExpenses": 596500000, "totalOperatingExpenses": 2766500000, "operatingIncome": 133000000, "totalOtherIncomeExpenseNet": -77000000, "ebit": 133000000, "interestExpense": -91400000, "incomeBeforeTax": 56000000, "incomeTaxExpense": 13500000, "minorityInterest": {}, "netIncomeFromContinuingOps": 42500000, "discontinuedOperations": {}, "extraordinaryItems": {}, "effectOfAccountingCharges": {}, "otherItems": {}, "netIncome": 42500000, "netIncomeApplicableToCommonShares": 42500000}], "maxAge": 86400}, "cashflowStatementHistoryQuarterly": {"cashflowStatements": [{"maxAge": 1, "endDate": "2020-06-30", "netIncome": -12600000, "changeToLiabilities": 0}, {"maxAge": 1, "endDate": "2020-03-31", "netIncome": -13400000, "changeToLiabilities": 0}, {"maxAge": 1, "endDate": "2019-12-31", "netIncome": 46400000, "changeToLiabilities": 0}, {"maxAge": 1, "endDate": "2019-09-30", "netIncome": 42500000, "changeToLiabilities": 0}], "maxAge": 86400}, "insiderHolders": {"holders": [], "maxAge": 1}, "earnings": {"maxAge": 86400, "earningsChart": {"quarterly": [], "earningsDate": []}, "financialsChart": {"yearly": [{"date": 2017, "revenue": 11364900000, "earnings": 250900000}, {"date": 2018, "revenue": 11588200000, "earnings": 253300000}, {"date": 2019, "revenue": 13069400000, "earnings": 282000000}, {"date": 2020, "revenue": 11044300000, "earnings": 87800000}], "quarterly": [{"date": "3Q2019", "revenue": 2899500000, "earnings": 42500000}, {"date": "4Q2019", "revenue": 2977800000, "earnings": 46400000}, {"date": "1Q2020", "revenue": 2703900000, "earnings": -13400000}, {"date": "2Q2020", "revenue": 1797400000, "earnings": -12600000}]}, "financialCurrency": "INR"}, "calendarEvents": {"maxAge": 1, "earnings": {"earningsDate": []}}, "upgradeDowngradeHistory": {"history": [], "maxAge": 86400}, "price": {"maxAge": 1, "regularMarketChangePercent": -0.0067087333, "regularMarketChange": -3.350006, "regularMarketTime": "2021-04-30 14:04:10", "priceHint": 2, "regularMarketPrice": 496.0, "regularMarketDayHigh": 525.0, "regularMarketDayLow": 485.0, "regularMarketVolume": 382, "averageDailyVolume10Day": 1146, "averageDailyVolume3Month": 1484, "regularMarketPreviousClose": 499.35, "regularMarketSource": "FREE_REALTIME", "regularMarketOpen": 525.0, "exchange": "BSE", "exchangeName": "BSE", "exchangeDataDelayedBy": 0, "marketState": "CLOSED", "quoteType": "EQUITY", "symbol": "LOYALTEX.BO", "underlyingSymbol": null, "shortName": "LOYAL TEXTILE MILLS LTD.", "longName": "Loyal Textile Mills Limited", "currency": "INR", "quoteSourceName": "Delayed Quote", "currencySymbol": "\u20b9", "fromCurrency": null, "lastMarket": null, "marketCap": 2388959232}, "balanceSheetHistory": {"balanceSheetStatements": [{"maxAge": 1, "endDate": "2020-03-31", "cash": 15700000, "shortTermInvestments": 4300000, "netReceivables": 2295200000, "inventory": 2955900000, "otherCurrentAssets": 488500000, "totalCurrentAssets": 5759600000, "longTermInvestments": 203300000, "propertyPlantEquipment": 3485600000, "intangibleAssets": 7000000, "otherAssets": 113900000, "deferredLongTermAssetCharges": 38200000, "totalAssets": 9569400000, "accountsPayable": 2338100000, "shortLongTermDebt": 444200000, "otherCurrentLiab": 87200000, "longTermDebt": 609100000, "totalCurrentLiabilities": 6573300000, "totalLiab": 7182400000, "commonStock": 48200000, "retainedEarnings": 2287800000, "treasuryStock": 51000000, "otherStockholderEquity": 51000000, "totalStockholderEquity": 2387000000, "netTangibleAssets": 2380000000}, {"maxAge": 1, "endDate": "2019-03-31", "cash": 51800000, "shortTermInvestments": 5100000, "netReceivables": 2771300000, "inventory": 2671700000, "otherCurrentAssets": 416000000, "totalCurrentAssets": 5915900000, "longTermInvestments": 163600000, "propertyPlantEquipment": 3912800000, "intangibleAssets": 7200000, "otherAssets": 77900000, "totalAssets": 10077400000, "accountsPayable": 2060400000, "shortLongTermDebt": 498700000, "otherCurrentLiab": 61500000, "longTermDebt": 1014900000, "otherLiab": 12300000, "totalCurrentLiabilities": 6738200000, "totalLiab": 7765400000, "commonStock": 48200000, "retainedEarnings": 2214400000, "treasuryStock": 49400000, "otherStockholderEquity": 49400000, "totalStockholderEquity": 2312000000, "netTangibleAssets": 2304800000}, {"maxAge": 1, "endDate": "2018-03-31", "cash": 33600000, "shortTermInvestments": 20900000, "netReceivables": 2521500000, "inventory": 2192300000, "otherCurrentAssets": 404000000, "totalCurrentAssets": 5172300000, "longTermInvestments": 155000000, "propertyPlantEquipment": 4176100000, "intangibleAssets": 7800000, "otherAssets": 79700000, "totalAssets": 9590900000, "accountsPayable": 1257500000, "shortLongTermDebt": 537700000, "otherCurrentLiab": 152700000, "longTermDebt": 1525800000, "otherLiab": 78200000, "totalCurrentLiabilities": 5917700000, "totalLiab": 7521700000, "commonStock": 48200000, "retainedEarnings": 1966700000, "treasuryStock": 54300000, "otherStockholderEquity": 54300000, "totalStockholderEquity": 2069200000, "netTangibleAssets": 2061400000}, {"maxAge": 1, "endDate": "2017-03-31", "cash": 10400000, "shortTermInvestments": 59500000, "netReceivables": 2044900000, "inventory": 2017600000, "otherCurrentAssets": 437800000, "totalCurrentAssets": 4570200000, "longTermInvestments": 144800000, "propertyPlantEquipment": 4518700000, "intangibleAssets": 9400000, "otherAssets": 146700000, "totalAssets": 9389800000, "accountsPayable": 748000000, "shortLongTermDebt": 653500000, "otherCurrentLiab": 90300000, "longTermDebt": 1948200000, "otherLiab": 180300000, "totalCurrentLiabilities": 5382000000, "totalLiab": 7510500000, "commonStock": 48200000, "retainedEarnings": 1772800000, "treasuryStock": 58300000, "otherStockholderEquity": 58300000, "totalStockholderEquity": 1879300000, "netTangibleAssets": 1869900000}], "maxAge": 86400}, "earningsTrend": {"trend": [{"maxAge": 1, "period": "0q", "endDate": null, "growth": {}, "earningsEstimate": {"avg": 0.0, "low": 0.0, "high": 0.0, "yearAgoEps": {}, "numberOfAnalysts": 0, "growth": {}}, "revenueEstimate": {"avg": 0, "low": 0, "high": 0, "numberOfAnalysts": 0, "yearAgoRevenue": {}, "growth": {}}, "epsTrend": {"current": 0.0, "7daysAgo": 0.0, "30daysAgo": 0.0, "60daysAgo": 0.0, "90daysAgo": 0.0}, "epsRevisions": {"upLast7days": 0, "upLast30days": 0, "downLast30days": 0, "downLast90days": {}}}, {"maxAge": 1, "period": "+1q", "endDate": null, "growth": {}, "earningsEstimate": {"avg": 0.0, "low": 0.0, "high": 0.0, "yearAgoEps": {}, "numberOfAnalysts": 0, "growth": {}}, "revenueEstimate": {"avg": 0, "low": 0, "high": 0, "numberOfAnalysts": 0, "yearAgoRevenue": {}, "growth": {}}, "epsTrend": {"current": 0.0, "7daysAgo": 0.0, "30daysAgo": 0.0, "60daysAgo": 0.0, "90daysAgo": 0.0}, "epsRevisions": {"upLast7days": 0, "upLast30days": 0, "downLast30days": 0, "downLast90days": {}}}, {"maxAge": 1, "period": "0y", "endDate": null, "growth": {}, "earningsEstimate": {"avg": 0.0, "low": 0.0, "high": 0.0, "yearAgoEps": {}, "numberOfAnalysts": 0, "growth": {}}, "revenueEstimate": {"avg": 0, "low": 0, "high": 0, "numberOfAnalysts": 0, "yearAgoRevenue": {}, "growth": {}}, "epsTrend": {"current": 0.0, "7daysAgo": 0.0, "30daysAgo": 0.0, "60daysAgo": 0.0, "90daysAgo": 0.0}, "epsRevisions": {"upLast7days": 0, "upLast30days": 0, "downLast30days": 0, "downLast90days": {}}}, {"maxAge": 1, "period": "+1y", "endDate": null, "growth": {}, "earningsEstimate": {"avg": 0.0, "low": 0.0, "high": 0.0, "yearAgoEps": {}, "numberOfAnalysts": 0, "growth": {}}, "revenueEstimate": {"avg": 0, "low": 0, "high": 0, "numberOfAnalysts": 0, "yearAgoRevenue": {}, "growth": {}}, "epsTrend": {"current": 0.0, "7daysAgo": 0.0, "30daysAgo": 0.0, "60daysAgo": 0.0, "90daysAgo": 0.0}, "epsRevisions": {"upLast7days": 0, "upLast30days": 0, "downLast30days": 0, "downLast90days": {}}}, {"maxAge": 1, "period": "+5y", "endDate": null, "growth": {}, "earningsEstimate": {"avg": {}, "low": {}, "high": {}, "yearAgoEps": {}, "numberOfAnalysts": {}, "growth": {}}, "revenueEstimate": {"avg": {}, "low": {}, "high": {}, "numberOfAnalysts": {}, "yearAgoRevenue": {}, "growth": {}}, "epsTrend": {"current": {}, "7daysAgo": {}, "30daysAgo": {}, "60daysAgo": {}, "90daysAgo": {}}, "epsRevisions": {"upLast7days": {}, "upLast30days": {}, "downLast30days": {}, "downLast90days": {}}}, {"maxAge": 1, "period": "-5y", "endDate": null, "growth": {}, "earningsEstimate": {"avg": {}, "low": {}, "high": {}, "yearAgoEps": {}, "numberOfAnalysts": {}, "growth": {}}, "revenueEstimate": {"avg": {}, "low": {}, "high": {}, "numberOfAnalysts": {}, "yearAgoRevenue": {}, "growth": {}}, "epsTrend": {"current": {}, "7daysAgo": {}, "30daysAgo": {}, "60daysAgo": {}, "90daysAgo": {}}, "epsRevisions": {"upLast7days": {}, "upLast30days": {}, "downLast30days": {}, "downLast90days": {}}}], "maxAge": 1}, "financialData": {"maxAge": 86400, "currentPrice": 496.0, "targetHighPrice": 290.0, "targetLowPrice": 290.0, "targetMeanPrice": 290.0, "targetMedianPrice": 290.0, "recommendationMean": 2.0, "recommendationKey": "buy", "numberOfAnalystOpinions": 1, "grossProfits": 4301800000, "financialCurrency": "INR"}}}