{"LSIL.NS": {"assetProfile": {"address1": "Trade World, \u00e2\u0080\u0098C\u00e2\u0080\u0099 Wing", "address2": "16th Floor Kamala City, Senapati Bapat Marg Lower Parel (West)", "city": "Mumbai", "zip": "400013", "country": "India", "phone": "91 22 6291 8111", "fax": "91 22 6291 8260", "website": "http://www.lloydsengg.in", "industry": "Specialty Industrial Machinery", "sector": "Industrials", "longBusinessSummary": "Lloyds Steels Industries Limited provides engineering products and services in India. It designs, engineers, manufactures, fabricates, supplies, erects, and commissions mechanical, hydraulic, structural, process plants, metallurgical, and chemical plants equipment, including marine loading/unloading arms, truck/wagon loading/unloading arms, columns, pressure vessels, dryers, boilers, power plant, and steel plant and capital equipment. The company also executes turnkey and EPC projects. Lloyds Steels Industries Limited was founded in 1974 and is based in Mumbai, India.", "fullTimeEmployees": 173, "companyOfficers": [{"maxAge": 1, "name": "Mr. Saiprasad  Gangishetti", "age": 56, "title": "VP of Marketing", "yearBorn": 1964, "exercisedValue": 0, "unexercisedValue": 0}, {"maxAge": 1, "name": "Mr. Shree Krishna Gupta", "age": 28, "title": "Exec. VP", "yearBorn": 1992, "exercisedValue": 0, "unexercisedValue": 0}, {"maxAge": 1, "name": "Mr. Kalpesh Prakash Agrawal", "title": "Chief Financial Officer", "exercisedValue": 0, "unexercisedValue": 0}, {"maxAge": 1, "name": "Ms. Meenakshi Ankit Pansari B.Com.", "title": "Company Sec. & Compliance Officer", "exercisedValue": 0, "unexercisedValue": 0}], "maxAge": 86400}, "cashflowStatementHistory": {"cashflowStatements": [{"maxAge": 1, "endDate": "2020-03-31", "netIncome": 24905000, "depreciation": 15720000, "changeToNetincome": -7987000, "changeToAccountReceivables": 2234968000, "changeToLiabilities": -2361794000, "changeToInventory": 123351000, "changeToOperatingActivities": 947000, "totalCashFromOperatingActivities": 30110000, "capitalExpenditures": -6836000, "otherCashflowsFromInvestingActivities": 9031000, "totalCashflowsFromInvestingActivities": 3235000, "otherCashflowsFromFinancingActivities": -5446000, "totalCashFromFinancingActivities": -5446000, "changeInCash": 27899000}, {"maxAge": 1, "endDate": "2019-03-31", "netIncome": 28750000, "depreciation": 10537000, "changeToNetincome": -31662000, "changeToAccountReceivables": 1448412000, "changeToLiabilities": -1244912000, "changeToInventory": -233901000, "changeToOperatingActivities": 947000, "totalCashFromOperatingActivities": -22776000, "capitalExpenditures": -12122000, "otherCashflowsFromInvestingActivities": 25807000, "totalCashflowsFromInvestingActivities": 13833000, "otherCashflowsFromFinancingActivities": -3318000, "totalCashFromFinancingActivities": -3318000, "changeInCash": -12261000}, {"maxAge": 1, "endDate": "2018-03-31", "netIncome": 20735000, "depreciation": 10100000, "changeToNetincome": -51744000, "changeToAccountReceivables": 232141000, "changeToLiabilities": -468083000, "changeToInventory": 212717000, "changeToOperatingActivities": 947000, "totalCashFromOperatingActivities": -44134000, "capitalExpenditures": -9345000, "otherCashflowsFromInvestingActivities": 57663000, "totalCashflowsFromInvestingActivities": 48318000, "otherCashflowsFromFinancingActivities": -2857000, "totalCashFromFinancingActivities": -2857000, "changeInCash": 1327000}, {"maxAge": 1, "endDate": "2017-03-31", "netIncome": 8874000, "depreciation": 11298000, "changeToNetincome": -28807000, "changeToAccountReceivables": -31993000, "changeToLiabilities": -254554000, "changeToInventory": 257482000, "changeToOperatingActivities": 947000, "totalCashFromOperatingActivities": -37700000, "capitalExpenditures": -9345000, "otherCashflowsFromInvestingActivities": 30748000, "totalCashflowsFromInvestingActivities": 32301000, "otherCashflowsFromFinancingActivities": -3110000, "totalCashFromFinancingActivities": -3110000, "changeInCash": -8509000}], "maxAge": 86400}, "institutionOwnership": {"ownershipList": [], "maxAge": 1}, "majorHoldersBreakdown": {"maxAge": 1, "insidersPercentHeld": 0.5976, "institutionsPercentHeld": 0.0, "institutionsFloatPercentHeld": 0.0, "institutionsCount": 0}, "balanceSheetHistoryQuarterly": {"balanceSheetStatements": [{"maxAge": 1, "endDate": "2020-12-31", "totalStockholderEquity": 1133998000, "netTangibleAssets": 1124400000}, {"maxAge": 1, "endDate": "2020-09-30", "cash": 229721000, "shortTermInvestments": 90907000, "netReceivables": 426800000, "inventory": 435790000, "otherCurrentAssets": 462219000, "totalCurrentAssets": 1645437000, "propertyPlantEquipment": 124467000, "goodWill": 9598000, "otherAssets": 84414000, "deferredLongTermAssetCharges": 80820000, "totalAssets": 1863916000, "accountsPayable": 441130000, "otherCurrentLiab": 198793000, "longTermDebt": 7344000, "otherLiab": 34850000, "totalCurrentLiabilities": 657711000, "totalLiab": 729918000, "commonStock": 898698000, "treasuryStock": 235300000, "otherStockholderEquity": 235300000, "totalStockholderEquity": 1133998000, "netTangibleAssets": 1124400000}, {"maxAge": 1, "endDate": "2020-06-30", "totalStockholderEquity": 1123935000, "netTangibleAssets": 1114337000}, {"maxAge": 1, "endDate": "2020-03-31", "cash": 216034000, "netReceivables": 401896000, "inventory": 215280000, "otherCurrentAssets": 517333000, "totalCurrentAssets": 1352047000, "propertyPlantEquipment": 132907000, "goodWill": 9598000, "otherAssets": 83775000, "deferredLongTermAssetCharges": 80820000, "totalAssets": 1578327000, "accountsPayable": 158948000, "shortLongTermDebt": 1215000, "otherCurrentLiab": 169066000, "longTermDebt": 9500000, "otherLiab": 35812000, "totalCurrentLiabilities": 375888000, "totalLiab": 454392000, "commonStock": 898698000, "retainedEarnings": 224737000, "treasuryStock": 500000, "otherStockholderEquity": 500000, "totalStockholderEquity": 1123935000, "netTangibleAssets": 1114337000}], "maxAge": 86400}, "indexTrend": {"maxAge": 1, "symbol": "SP5", "peRatio": 19.7411, "pegRatio": 1.34172, "estimates": [{"period": "0q", "growth": 0.549}, {"period": "+1q", "growth": 0.431}, {"period": "0y", "growth": 0.305}, {"period": "+1y", "growth": 0.109}, {"period": "+5y", "growth": 0.120865}, {"period": "-5y"}]}, "defaultKeyStatistics": {"maxAge": 1, "priceHint": 4, "enterpriseValue": 978301504, "profitMargins": 0.01798, "floatShares": 352326748, "sharesOutstanding": 898697984, "heldPercentInsiders": 0.5976, "heldPercentInstitutions": 0.0, "beta": 0.948876, "category": null, "bookValue": 1.944, "priceToBook": 0.7458848, "fundFamily": null, "legalType": null, "lastFiscalYearEnd": "2020-03-31 05:30:00", "nextFiscalYearEnd": "2022-03-31 05:30:00", "mostRecentQuarter": "2020-12-31 05:30:00", "earningsQuarterlyGrowth": 0.457, "netIncomeToCommon": 16247000, "trailingEps": 0.018, "lastSplitFactor": null, "enterpriseToRevenue": 1.083, "enterpriseToEbitda": -17.697}, "summaryProfile": {"address1": "Trade World, \u00e2\u0080\u0098C\u00e2\u0080\u0099 Wing", "address2": "16th Floor Kamala City, Senapati Bapat Marg Lower Parel (West)", "city": "Mumbai", "zip": "400013", "country": "India", "phone": "91 22 6291 8111", "fax": "91 22 6291 8260", "website": "http://www.lloydsengg.in", "industry": "Specialty Industrial Machinery", "sector": "Industrials", "longBusinessSummary": "Lloyds Steels Industries Limited provides engineering products and services in India. It designs, engineers, manufactures, fabricates, supplies, erects, and commissions mechanical, hydraulic, structural, process plants, metallurgical, and chemical plants equipment, including marine loading/unloading arms, truck/wagon loading/unloading arms, columns, pressure vessels, dryers, boilers, power plant, and steel plant and capital equipment. The company also executes turnkey and EPC projects. Lloyds Steels Industries Limited was founded in 1974 and is based in Mumbai, India.", "fullTimeEmployees": 173, "companyOfficers": [], "maxAge": 86400}, "netSharePurchaseActivity": {"maxAge": 1, "period": "6m", "buyInfoCount": 0, "buyInfoShares": 0, "sellInfoCount": 0, "netInfoCount": 0, "netInfoShares": 0, "netPercentInsiderShares": 0.0, "totalInsiderShares": 519941856}, "quoteType": {"exchange": "NSI", "quoteType": "EQUITY", "symbol": "LSIL.NS", "underlyingSymbol": "LSIL.NS", "shortName": "LLOYDS STEELS INDU", "longName": "Lloyds Steels Industries Limited", "firstTradeDateEpochUtc": "2016-07-20 09:15:00", "timeZoneFullName": "Asia/Kolkata", "timeZoneShortName": "IST", "uuid": "3bd1a1cc-2fd9-3a91-ae77-8d6b04833509", "gmtOffSetMilliseconds": 19800000, "maxAge": 1}, "incomeStatementHistory": {"incomeStatementHistory": [{"maxAge": 1, "endDate": "2020-03-31", "totalRevenue": 1144648000, "costOfRevenue": 1001160000, "grossProfit": 143488000, "researchDevelopment": {}, "sellingGeneralAdministrative": 172580000, "nonRecurring": {}, "otherOperatingExpenses": {}, "totalOperatingExpenses": 1189460000, "operatingIncome": -44812000, "totalOtherIncomeExpenseNet": 77541000, "ebit": -44812000, "interestExpense": -3603000, "incomeBeforeTax": 32729000, "incomeTaxExpense": 7824000, "minorityInterest": {}, "netIncomeFromContinuingOps": 24905000, "discontinuedOperations": {}, "extraordinaryItems": {}, "effectOfAccountingCharges": {}, "otherItems": {}, "netIncome": 24905000, "netIncomeApplicableToCommonShares": 24905000}, {"maxAge": 1, "endDate": "2019-03-31", "totalRevenue": 977178000, "costOfRevenue": 882781000, "grossProfit": 94397000, "researchDevelopment": {}, "sellingGeneralAdministrative": 149316000, "nonRecurring": {}, "otherOperatingExpenses": {}, "totalOperatingExpenses": 1042634000, "operatingIncome": -65456000, "totalOtherIncomeExpenseNet": 97049000, "ebit": -65456000, "interestExpense": -1124000, "incomeBeforeTax": 31593000, "incomeTaxExpense": 2843000, "minorityInterest": {}, "netIncomeFromContinuingOps": 28750000, "discontinuedOperations": {}, "extraordinaryItems": {}, "effectOfAccountingCharges": {}, "otherItems": {}, "netIncome": 28750000, "netIncomeApplicableToCommonShares": 28750000}, {"maxAge": 1, "endDate": "2018-03-31", "totalRevenue": 1219812000, "costOfRevenue": 1386965000, "grossProfit": -167153000, "researchDevelopment": {}, "sellingGeneralAdministrative": 132914000, "nonRecurring": {}, "otherOperatingExpenses": {}, "totalOperatingExpenses": 1529979000, "operatingIncome": -310167000, "totalOtherIncomeExpenseNet": 339978000, "ebit": -310167000, "interestExpense": -688000, "incomeBeforeTax": 29811000, "incomeTaxExpense": 9076000, "minorityInterest": {}, "netIncomeFromContinuingOps": 20735000, "discontinuedOperations": {}, "extraordinaryItems": {}, "effectOfAccountingCharges": {}, "otherItems": {}, "netIncome": 20735000, "netIncomeApplicableToCommonShares": 20735000}, {"maxAge": 1, "endDate": "2017-03-31", "totalRevenue": 761483000, "costOfRevenue": 655070000, "grossProfit": 106413000, "researchDevelopment": {}, "sellingGeneralAdministrative": 138462000, "nonRecurring": {}, "otherOperatingExpenses": {}, "totalOperatingExpenses": 804830000, "operatingIncome": -43347000, "totalOtherIncomeExpenseNet": 54310000, "ebit": -43347000, "interestExpense": -826000, "incomeBeforeTax": 10963000, "incomeTaxExpense": 2089000, "minorityInterest": {}, "netIncomeFromContinuingOps": 8874000, "discontinuedOperations": {}, "extraordinaryItems": {}, "effectOfAccountingCharges": {}, "otherItems": {}, "netIncome": 8874000, "netIncomeApplicableToCommonShares": 8874000}], "maxAge": 86400}, "fundOwnership": {"ownershipList": [], "maxAge": 1}, "summaryDetail": {"maxAge": 1, "priceHint": 4, "previousClose": 1.4, "open": 1.45, "dayLow": 1.45, "dayHigh": 1.45, "regularMarketPreviousClose": 1.4, "regularMarketOpen": 1.45, "regularMarketDayLow": 1.45, "regularMarketDayHigh": 1.45, "payoutRatio": 0.0, "beta": 0.948876, "trailingPE": 80.555565, "volume": 692039, "regularMarketVolume": 692039, "averageVolume": 2733326, "averageVolume10days": 1523210, "averageDailyVolume10Day": 1523210, "bid": 0.0, "ask": 0.0, "bidSize": 0, "askSize": 0, "marketCap": 1303112064, "fiftyTwoWeekLow": 0.3, "fiftyTwoWeekHigh": 1.5, "priceToSalesTrailing12Months": 1.4419885, "fiftyDayAverage": 1.1393939, "twoHundredDayAverage": 0.8971428, "currency": "INR", "fromCurrency": null, "lastMarket": null, "algorithm": null, "tradeable": false}, "incomeStatementHistoryQuarterly": {"incomeStatementHistory": [{"maxAge": 1, "endDate": "2020-12-31", "totalRevenue": 394924000, "costOfRevenue": 362174000, "grossProfit": 32750000, "researchDevelopment": {}, "sellingGeneralAdministrative": 34994000, "nonRecurring": {}, "otherOperatingExpenses": {}, "totalOperatingExpenses": 400984000, "operatingIncome": -6060000, "totalOtherIncomeExpenseNet": 14794000, "ebit": -6060000, "interestExpense": -1531000, "incomeBeforeTax": 8734000, "incomeTaxExpense": 0, "minorityInterest": {}, "netIncomeFromContinuingOps": 8734000, "discontinuedOperations": {}, "extraordinaryItems": {}, "effectOfAccountingCharges": {}, "otherItems": {}, "netIncome": 8734000, "netIncomeApplicableToCommonShares": 8734000}, {"maxAge": 1, "endDate": "2020-09-30", "totalRevenue": 163819000, "costOfRevenue": 138002000, "grossProfit": 25817000, "researchDevelopment": {}, "sellingGeneralAdministrative": 31927000, "nonRecurring": {}, "otherOperatingExpenses": {}, "totalOperatingExpenses": 174237000, "operatingIncome": -10418000, "totalOtherIncomeExpenseNet": 16252000, "ebit": -10418000, "interestExpense": -1381000, "incomeBeforeTax": 5834000, "incomeTaxExpense": 0, "minorityInterest": {}, "netIncomeFromContinuingOps": 5834000, "discontinuedOperations": {}, "extraordinaryItems": {}, "effectOfAccountingCharges": {}, "otherItems": {}, "netIncome": 5834000, "netIncomeApplicableToCommonShares": 5834000}, {"maxAge": 1, "endDate": "2020-06-30", "totalRevenue": 99924000, "costOfRevenue": 85729000, "grossProfit": 14195000, "researchDevelopment": {}, "sellingGeneralAdministrative": 24379000, "nonRecurring": {}, "otherOperatingExpenses": {}, "totalOperatingExpenses": 114390000, "operatingIncome": -14466000, "totalOtherIncomeExpenseNet": 17299000, "ebit": -14466000, "interestExpense": -1263000, "incomeBeforeTax": 2833000, "incomeTaxExpense": 0, "minorityInterest": {}, "netIncomeFromContinuingOps": 2833000, "discontinuedOperations": {}, "extraordinaryItems": {}, "effectOfAccountingCharges": {}, "otherItems": {}, "netIncome": 2833000, "netIncomeApplicableToCommonShares": 2833000}, {"maxAge": 1, "endDate": "2020-03-31", "totalRevenue": 245024000, "costOfRevenue": 231432000, "grossProfit": 13592000, "researchDevelopment": {}, "sellingGeneralAdministrative": 44419000, "nonRecurring": {}, "otherOperatingExpenses": {}, "totalOperatingExpenses": 280286000, "operatingIncome": -35262000, "totalOtherIncomeExpenseNet": 41932000, "ebit": -35262000, "interestExpense": -1263000, "incomeBeforeTax": 6670000, "incomeTaxExpense": 7824000, "minorityInterest": {}, "netIncomeFromContinuingOps": -1154000, "discontinuedOperations": {}, "extraordinaryItems": {}, "effectOfAccountingCharges": {}, "otherItems": {}, "netIncome": -1154000, "netIncomeApplicableToCommonShares": -1154000}], "maxAge": 86400}, "cashflowStatementHistoryQuarterly": {"cashflowStatements": [{"maxAge": 1, "endDate": "2020-12-31", "netIncome": 8734000, "changeToLiabilities": 0}, {"maxAge": 1, "endDate": "2020-09-30", "netIncome": 5834000, "changeToLiabilities": 0}, {"maxAge": 1, "endDate": "2020-06-30", "netIncome": 2833000, "changeToLiabilities": 0}, {"maxAge": 1, "endDate": "2020-03-31", "netIncome": -1154000, "changeToLiabilities": 0}], "maxAge": 86400}, "insiderHolders": {"holders": [], "maxAge": 1}, "calendarEvents": {"maxAge": 1, "earnings": {"earningsDate": ["2019-02-08 05:30:S", "2019-02-12 05:30:S"]}}, "upgradeDowngradeHistory": {"history": [], "maxAge": 86400}, "price": {"maxAge": 1, "regularMarketChangePercent": 0.035714336, "regularMarketChange": 0.05000007, "regularMarketTime": "2021-04-30 15:27:13", "priceHint": 4, "regularMarketPrice": 1.45, "regularMarketDayHigh": 1.45, "regularMarketDayLow": 1.45, "regularMarketVolume": 692039, "averageDailyVolume10Day": 1523210, "averageDailyVolume3Month": 2733326, "regularMarketPreviousClose": 1.4, "regularMarketSource": "FREE_REALTIME", "regularMarketOpen": 1.45, "exchange": "NSI", "exchangeName": "NSE", "exchangeDataDelayedBy": 15, "marketState": "CLOSED", "quoteType": "EQUITY", "symbol": "LSIL.NS", "underlyingSymbol": null, "shortName": "LLOYDS STEELS INDU", "longName": "Lloyds Steels Industries Limited", "currency": "INR", "quoteSourceName": "Delayed Quote", "currencySymbol": "\u20b9", "fromCurrency": null, "lastMarket": null, "marketCap": 1303112064}, "balanceSheetHistory": {"balanceSheetStatements": [{"maxAge": 1, "endDate": "2020-03-31", "cash": 216034000, "netReceivables": 401896000, "inventory": 215280000, "otherCurrentAssets": 517333000, "totalCurrentAssets": 1352047000, "propertyPlantEquipment": 132907000, "goodWill": 9598000, "otherAssets": 83775000, "deferredLongTermAssetCharges": 80820000, "totalAssets": 1578327000, "accountsPayable": 158948000, "shortLongTermDebt": 1215000, "otherCurrentLiab": 169066000, "longTermDebt": 9500000, "otherLiab": 35812000, "totalCurrentLiabilities": 375888000, "totalLiab": 454392000, "commonStock": 898698000, "retainedEarnings": 224737000, "treasuryStock": 500000, "otherStockholderEquity": 500000, "totalStockholderEquity": 1123935000, "netTangibleAssets": 1114337000}, {"maxAge": 1, "endDate": "2019-03-31", "cash": 223704000, "netReceivables": 1213945000, "inventory": 338631000, "otherCurrentAssets": 1894409000, "totalCurrentAssets": 3671607000, "propertyPlantEquipment": 105811000, "goodWill": 9598000, "otherAssets": 91554000, "deferredLongTermAssetCharges": 90128000, "totalAssets": 3878570000, "accountsPayable": 354391000, "shortLongTermDebt": 3050000, "otherCurrentLiab": 2347523000, "longTermDebt": 8794000, "otherLiab": 45725000, "totalCurrentLiabilities": 2728653000, "totalLiab": 2783172000, "commonStock": 898698000, "retainedEarnings": 196200000, "treasuryStock": 500000, "otherStockholderEquity": 500000, "totalStockholderEquity": 1095398000, "netTangibleAssets": 1085800000}, {"maxAge": 1, "endDate": "2018-03-31", "cash": 204057000, "shortTermInvestments": 1170000, "netReceivables": 1986928000, "inventory": 104730000, "otherCurrentAssets": 2595975000, "totalCurrentAssets": 4893899000, "propertyPlantEquipment": 104356000, "goodWill": 9598000, "otherAssets": 93321000, "deferredLongTermAssetCharges": 92261000, "totalAssets": 5101174000, "accountsPayable": 126993000, "shortLongTermDebt": 1534000, "otherCurrentLiab": 3843365000, "longTermDebt": 2824000, "otherLiab": 43135000, "totalCurrentLiabilities": 3986726000, "totalLiab": 4032685000, "commonStock": 898698000, "retainedEarnings": 169291000, "treasuryStock": 500000, "otherStockholderEquity": 500000, "totalStockholderEquity": 1068489000, "netTangibleAssets": 1058891000}, {"maxAge": 1, "endDate": "2017-03-31", "cash": 187650000, "netReceivables": 2995630000, "inventory": 317447000, "otherCurrentAssets": 1817683000, "totalCurrentAssets": 5319450000, "propertyPlantEquipment": 105563000, "goodWill": 9598000, "otherAssets": 111301000, "deferredLongTermAssetCharges": 110181000, "totalAssets": 5545912000, "accountsPayable": 572818000, "otherCurrentLiab": 3858355000, "otherLiab": 39253000, "totalCurrentLiabilities": 4458179000, "totalLiab": 4497432000, "commonStock": 898698000, "retainedEarnings": 149282000, "treasuryStock": 500000, "otherStockholderEquity": 500000, "totalStockholderEquity": 1048480000, "netTangibleAssets": 1038882000}], "maxAge": 86400}, "financialData": {"maxAge": 86400, "currentPrice": 1.45, "recommendationKey": "none", "totalCash": 320628000, "totalCashPerShare": 0.369, "ebitda": -55280500, "totalDebt": 37357000, "totalRevenue": 903691008, "debtToEquity": 3.294, "revenuePerShare": 1.004, "grossProfits": 143488000, "earningsGrowth": 0.454, "revenueGrowth": -0.071, "grossMargins": 0.09556, "ebitdaMargins": -0.06117, "operatingMargins": -0.07326, "profitMargins": 0.01798, "financialCurrency": "INR"}}}