{"LUHARUKA.BO": {"cashflowStatementHistory": {"cashflowStatements": [{"maxAge": 1, "endDate": "2020-03-31", "netIncome": -489420, "depreciation": 41680, "changeToNetincome": -8036542, "changeToAccountReceivables": 3160208, "changeToLiabilities": -150181, "changeToOperatingActivities": -18042375, "totalCashFromOperatingActivities": -23516630, "investments": 17464374, "totalCashflowsFromInvestingActivities": 17464374, "netBorrowings": 11368488, "otherCashflowsFromFinancingActivities": 7883785, "totalCashFromFinancingActivities": 19252273, "changeInCash": 13200017}, {"maxAge": 1, "endDate": "2019-03-31", "netIncome": 2700323, "depreciation": 43078, "changeToNetincome": -9523852, "changeToAccountReceivables": -6214829, "changeToLiabilities": 309301, "changeToOperatingActivities": 24491995, "totalCashFromOperatingActivities": 11806016, "investments": -17484101, "totalCashflowsFromInvestingActivities": -17484101, "dividendsPaid": -937200, "netBorrowings": 2751234, "otherCashflowsFromFinancingActivities": 9692769, "totalCashFromFinancingActivities": 11506803, "changeInCash": 5828718}, {"maxAge": 1, "endDate": "2018-03-31", "netIncome": 4212795, "depreciation": 41681, "changeToNetincome": -7415642, "changeToAccountReceivables": 599854, "changeToLiabilities": -475000, "changeToOperatingActivities": -3553070, "totalCashFromOperatingActivities": -6589382, "investments": -9857, "totalCashflowsFromInvestingActivities": -9857, "dividendsPaid": -1127991, "netBorrowings": 295628, "otherCashflowsFromFinancingActivities": 7220926, "totalCashFromFinancingActivities": 6388563, "changeInCash": -210676}, {"maxAge": 1, "endDate": "2017-03-31", "netIncome": 6785461, "depreciation": 41680, "changeToNetincome": -4990821, "changeToAccountReceivables": -600448, "changeToLiabilities": 475000, "changeToOperatingActivities": -22018085, "totalCashFromOperatingActivities": -20307213, "investments": 10259364, "totalCashflowsFromInvestingActivities": 10259364, "dividendsPaid": -1124616, "netBorrowings": 5408780, "otherCashflowsFromFinancingActivities": 4965820, "totalCashFromFinancingActivities": 9249984, "changeInCash": -797865}], "maxAge": 86400}, "institutionOwnership": {"maxAge": 1, "ownershipList": []}, "balanceSheetHistoryQuarterly": {"balanceSheetStatements": [{"maxAge": 1, "endDate": "2020-06-30", "totalStockholderEquity": 134512000, "netTangibleAssets": 134512000}, {"maxAge": 1, "endDate": "2020-03-31", "cash": 26091421, "netReceivables": 57854118, "otherCurrentAssets": 62400, "totalCurrentAssets": 84007939, "longTermInvestments": 115235, "propertyPlantEquipment": 43175, "otherAssets": 73736141, "deferredLongTermAssetCharges": 24075, "totalAssets": 157902490, "accountsPayable": 159120, "otherCurrentLiab": 3167586, "totalCurrentLiabilities": 23390349, "totalLiab": 23390349, "commonStock": 93720000, "retainedEarnings": 31017914, "treasuryStock": 19727, "capitalSurplus": 9754500, "otherStockholderEquity": 19727, "totalStockholderEquity": 134512141, "netTangibleAssets": 134512141}, {"maxAge": 1, "endDate": "2019-12-31", "totalStockholderEquity": 133757000, "netTangibleAssets": 133757000}, {"maxAge": 1, "endDate": "2019-09-30", "cash": 26335000, "shortTermInvestments": 4096000, "netReceivables": 38944000, "otherCurrentAssets": 1000, "totalCurrentAssets": 69376000, "longTermInvestments": 98000, "propertyPlantEquipment": 64000, "otherAssets": 73130000, "deferredLongTermAssetCharges": 17000, "totalAssets": 142668000, "accountsPayable": 343000, "otherCurrentLiab": 2162000, "totalCurrentLiabilities": 8911000, "totalLiab": 8911000, "commonStock": 93720000, "treasuryStock": 40037000, "otherStockholderEquity": 40037000, "totalStockholderEquity": 133757000, "netTangibleAssets": 133757000}], "maxAge": 86400}, "indexTrend": {"maxAge": 1, "symbol": "SP5", "peRatio": 19.7411, "pegRatio": 1.34172, "estimates": [{"period": "0q", "growth": 0.549}, {"period": "+1q", "growth": 0.431}, {"period": "0y", "growth": 0.305}, {"period": "+1y", "growth": 0.109}, {"period": "+5y", "growth": 0.120859005}, {"period": "-5y"}]}, "quoteType": {"exchange": "BSE", "quoteType": "EQUITY", "symbol": "LUHARUKA.BO", "underlyingSymbol": "LUHARUKA.BO", "shortName": "Luharuka Media & Infra Limited", "longName": "Luharuka Media & Infra Limited", "firstTradeDateEpochUtc": "2006-10-04 09:15:00", "timeZoneFullName": "Asia/Kolkata", "timeZoneShortName": "IST", "uuid": "9c86c169-6da3-36aa-ae06-ed54e785a539", "messageBoardId": null, "gmtOffSetMilliseconds": 19800000, "maxAge": 1}, "incomeStatementHistory": {"incomeStatementHistory": [{"maxAge": 1, "endDate": "2020-03-31", "totalRevenue": 8834416, "costOfRevenue": 0, "grossProfit": 8834416, "researchDevelopment": {}, "sellingGeneralAdministrative": 5634544, "nonRecurring": {}, "otherOperatingExpenses": 3057924, "totalOperatingExpenses": 8734148, "operatingIncome": 100268, "totalOtherIncomeExpenseNet": -559934, "ebit": 100268, "interestExpense": -559934, "incomeBeforeTax": -459666, "incomeTaxExpense": 29754, "minorityInterest": {}, "netIncomeFromContinuingOps": -489420, "discontinuedOperations": {}, "extraordinaryItems": {}, "effectOfAccountingCharges": {}, "otherItems": {}, "netIncome": -489420, "netIncomeApplicableToCommonShares": -489420}, {"maxAge": 1, "endDate": "2019-03-31", "totalRevenue": 10778451, "costOfRevenue": 0, "grossProfit": 10778451, "researchDevelopment": {}, "sellingGeneralAdministrative": 4286559, "nonRecurring": {}, "otherOperatingExpenses": 2570387, "totalOperatingExpenses": 6900024, "operatingIncome": 3878427, "totalOtherIncomeExpenseNet": -230595, "ebit": 3878427, "interestExpense": -230595, "incomeBeforeTax": 3647832, "incomeTaxExpense": 947509, "minorityInterest": {}, "netIncomeFromContinuingOps": 2700323, "discontinuedOperations": {}, "extraordinaryItems": {}, "effectOfAccountingCharges": {}, "otherItems": {}, "netIncome": 2700323, "netIncomeApplicableToCommonShares": 2700323}, {"maxAge": 1, "endDate": "2018-03-31", "totalRevenue": 19906616, "costOfRevenue": 7820000, "grossProfit": 12086616, "researchDevelopment": {}, "sellingGeneralAdministrative": 3798927, "nonRecurring": {}, "otherOperatingExpenses": 2464736, "totalOperatingExpenses": 14125344, "operatingIncome": 5781272, "totalOtherIncomeExpenseNet": -390891, "ebit": 5781272, "interestExpense": -390891, "incomeBeforeTax": 5390381, "incomeTaxExpense": 1177586, "minorityInterest": {}, "netIncomeFromContinuingOps": 4212795, "discontinuedOperations": {}, "extraordinaryItems": {}, "effectOfAccountingCharges": {}, "otherItems": {}, "netIncome": 4212795, "netIncomeApplicableToCommonShares": 4212795}, {"maxAge": 1, "endDate": "2017-03-31", "totalRevenue": 14986512, "costOfRevenue": 102930, "grossProfit": 14883582, "researchDevelopment": {}, "sellingGeneralAdministrative": 1581489, "nonRecurring": {}, "otherOperatingExpenses": 3430034, "totalOperatingExpenses": 5156133, "operatingIncome": 9830379, "totalOtherIncomeExpenseNet": -312273, "ebit": 9830379, "interestExpense": -312273, "incomeBeforeTax": 9518106, "incomeTaxExpense": 2732645, "minorityInterest": {}, "netIncomeFromContinuingOps": 6785461, "discontinuedOperations": {}, "extraordinaryItems": {}, "effectOfAccountingCharges": {}, "otherItems": {}, "netIncome": 6785461, "netIncomeApplicableToCommonShares": 6785461}], "maxAge": 86400}, "fundOwnership": {"maxAge": 1, "ownershipList": []}, "summaryDetail": {"maxAge": 1, "priceHint": 4, "previousClose": 0.5, "open": 0.5, "dayLow": 0.5, "dayHigh": 0.5, "regularMarketPreviousClose": 0.5, "regularMarketOpen": 0.5, "regularMarketDayLow": 0.5, "regularMarketDayHigh": 0.5, "volume": 1010, "regularMarketVolume": 1010, "averageVolume": 7918, "averageVolume10days": 18064, "averageDailyVolume10Day": 18064, "bid": 0.5, "ask": 0.0, "bidSize": 0, "askSize": 0, "marketCap": 46860000, "fiftyTwoWeekLow": 0.35, "fiftyTwoWeekHigh": 0.89, "fiftyDayAverage": 0.5957143, "twoHundredDayAverage": 0.70065695, "trailingAnnualDividendRate": 0.01, "trailingAnnualDividendYield": 0.02, "currency": "INR", "fromCurrency": null, "toCurrency": null, "lastMarket": null, "algorithm": null, "tradeable": false}, "incomeStatementHistoryQuarterly": {"incomeStatementHistory": [{"maxAge": 1, "endDate": "2020-06-30", "totalRevenue": 2693000, "costOfRevenue": 0, "grossProfit": 2693000, "researchDevelopment": {}, "sellingGeneralAdministrative": 1086000, "nonRecurring": {}, "otherOperatingExpenses": 305000, "totalOperatingExpenses": 1401000, "operatingIncome": 1292000, "totalOtherIncomeExpenseNet": -279000, "ebit": 1292000, "interestExpense": -279000, "incomeBeforeTax": 1013000, "incomeTaxExpense": 265000, "minorityInterest": {}, "netIncomeFromContinuingOps": 748000, "discontinuedOperations": {}, "extraordinaryItems": {}, "effectOfAccountingCharges": {}, "otherItems": {}, "netIncome": 748000, "netIncomeApplicableToCommonShares": 748000}, {"maxAge": 1, "endDate": "2020-03-31", "totalRevenue": 2241416, "costOfRevenue": 0, "grossProfit": 2241416, "researchDevelopment": {}, "sellingGeneralAdministrative": 2098544, "nonRecurring": {}, "otherOperatingExpenses": 100924, "totalOperatingExpenses": 2210148, "operatingIncome": 31268, "totalOtherIncomeExpenseNet": -148934, "ebit": 31268, "interestExpense": -149934, "incomeBeforeTax": -117666, "incomeTaxExpense": -308246, "minorityInterest": {}, "netIncomeFromContinuingOps": 190580, "discontinuedOperations": {}, "extraordinaryItems": {}, "effectOfAccountingCharges": {}, "otherItems": {}, "netIncome": 190580, "netIncomeApplicableToCommonShares": 190580}, {"maxAge": 1, "endDate": "2019-12-31", "totalRevenue": 2852000, "costOfRevenue": 0, "grossProfit": 2852000, "researchDevelopment": {}, "sellingGeneralAdministrative": 1442000, "nonRecurring": {}, "otherOperatingExpenses": 736000, "totalOperatingExpenses": 2188000, "operatingIncome": 664000, "totalOtherIncomeExpenseNet": -116000, "ebit": 664000, "interestExpense": -116000, "incomeBeforeTax": 548000, "incomeTaxExpense": 0, "minorityInterest": {}, "netIncomeFromContinuingOps": 548000, "discontinuedOperations": {}, "extraordinaryItems": {}, "effectOfAccountingCharges": {}, "otherItems": {}, "netIncome": 548000, "netIncomeApplicableToCommonShares": 548000}, {"maxAge": 1, "endDate": "2019-09-30", "totalRevenue": 763000, "costOfRevenue": 0, "grossProfit": 763000, "researchDevelopment": {}, "sellingGeneralAdministrative": 1249000, "nonRecurring": {}, "otherOperatingExpenses": 1477000, "totalOperatingExpenses": 2736000, "operatingIncome": -1973000, "totalOtherIncomeExpenseNet": -209000, "ebit": -1973000, "interestExpense": -208000, "incomeBeforeTax": -2182000, "incomeTaxExpense": 0, "minorityInterest": {}, "netIncomeFromContinuingOps": -2182000, "discontinuedOperations": {}, "extraordinaryItems": {}, "effectOfAccountingCharges": {}, "otherItems": {}, "netIncome": -2182000, "netIncomeApplicableToCommonShares": -2182000}], "maxAge": 86400}, "cashflowStatementHistoryQuarterly": {"cashflowStatements": [{"maxAge": 1, "endDate": "2020-06-30", "netIncome": 748000, "changeToLiabilities": 0}, {"maxAge": 1, "endDate": "2020-03-31", "netIncome": 190580, "changeToLiabilities": 0}, {"maxAge": 1, "endDate": "2019-12-31", "netIncome": 548000, "changeToLiabilities": 0}, {"maxAge": 1, "endDate": "2019-09-30", "netIncome": -2182000, "changeToLiabilities": 0}], "maxAge": 86400}, "insiderHolders": {"holders": [], "maxAge": 1}, "calendarEvents": {"maxAge": 1, "earnings": {"earningsDate": []}}, "price": {"maxAge": 1, "regularMarketChangePercent": 0.0, "regularMarketChange": 0.0, "regularMarketTime": "2021-04-30 13:15:00", "priceHint": 4, "regularMarketPrice": 0.5, "regularMarketDayHigh": 0.5, "regularMarketDayLow": 0.5, "regularMarketVolume": 1010, "averageDailyVolume10Day": 18064, "averageDailyVolume3Month": 7918, "regularMarketPreviousClose": 0.5, "regularMarketSource": "FREE_REALTIME", "regularMarketOpen": 0.5, "exchange": "BSE", "exchangeName": "BSE", "exchangeDataDelayedBy": 0, "marketState": "CLOSED", "quoteType": "EQUITY", "symbol": "LUHARUKA.BO", "underlyingSymbol": null, "shortName": "Luharuka Media & Infra Limited", "longName": "Luharuka Media & Infra Limited", "currency": "INR", "quoteSourceName": "Delayed Quote", "currencySymbol": "\u20b9", "fromCurrency": null, "toCurrency": null, "lastMarket": null, "marketCap": 46860000}, "balanceSheetHistory": {"balanceSheetStatements": [{"maxAge": 1, "endDate": "2020-03-31", "cash": 26091421, "netReceivables": 57854118, "otherCurrentAssets": 62400, "totalCurrentAssets": 84007939, "longTermInvestments": 115235, "propertyPlantEquipment": 43175, "otherAssets": 73736141, "deferredLongTermAssetCharges": 24075, "totalAssets": 157902490, "accountsPayable": 159120, "otherCurrentLiab": 3167586, "totalCurrentLiabilities": 23390349, "totalLiab": 23390349, "commonStock": 93720000, "retainedEarnings": 31017914, "treasuryStock": 19727, "capitalSurplus": 9754500, "otherStockholderEquity": 19727, "totalStockholderEquity": 134512141, "netTangibleAssets": 134512141}, {"maxAge": 1, "endDate": "2019-03-31", "cash": 12891403, "netReceivables": 40475111, "otherCurrentAssets": 1800000, "totalCurrentAssets": 55166514, "longTermInvestments": 17579609, "propertyPlantEquipment": 84855, "otherAssets": 73129228, "deferredLongTermAssetCharges": 17161, "totalAssets": 145960206, "accountsPayable": 309301, "otherCurrentLiab": 1989815, "totalCurrentLiabilities": 10994271, "totalLiab": 10994271, "commonStock": 93720000, "retainedEarnings": 31507334, "treasuryStock": -15899, "capitalSurplus": 9754500, "otherStockholderEquity": -15899, "totalStockholderEquity": 134965935, "netTangibleAssets": 134965935}, {"maxAge": 1, "endDate": "2018-03-31", "cash": 7062684, "netReceivables": 98445, "otherCurrentAssets": 62816598, "totalCurrentAssets": 69977727, "longTermInvestments": 95508, "propertyPlantEquipment": 127933, "otherAssets": 73112066, "totalAssets": 143313234, "otherCurrentLiab": 3959811, "totalCurrentLiabilities": 9903732, "totalLiab": 9903732, "commonStock": 93720000, "retainedEarnings": 29935002, "capitalSurplus": 9754500, "totalStockholderEquity": 133409502, "netTangibleAssets": 133409502}, {"maxAge": 1, "endDate": "2017-03-31", "cash": 7273360, "netReceivables": 666228, "otherCurrentAssets": 31903020, "totalCurrentAssets": 39842608, "propertyPlantEquipment": 169614, "otherAssets": 97387067, "totalAssets": 137399289, "accountsPayable": 475000, "otherCurrentLiab": 2079288, "totalCurrentLiabilities": 8202581, "totalLiab": 8202581, "commonStock": 93720000, "retainedEarnings": 25722208, "capitalSurplus": 9754500, "totalStockholderEquity": 129196708, "netTangibleAssets": 129196708}], "maxAge": 86400}, "financialData": {"maxAge": 86400, "currentPrice": 0.5, "recommendationKey": "none", "grossProfits": 8834416, "financialCurrency": "INR"}}}