{"LUMAXIND.BO": {"recommendationTrend": {"trend": [{"period": "0m", "strongBuy": 0, "buy": 0, "hold": 0, "sell": 0, "strongSell": 0}, {"period": "-1m", "strongBuy": 0, "buy": 0, "hold": 0, "sell": 0, "strongSell": 0}, {"period": "-2m", "strongBuy": 0, "buy": 0, "hold": 0, "sell": 0, "strongSell": 0}, {"period": "-3m", "strongBuy": 0, "buy": 0, "hold": 0, "sell": 0, "strongSell": 0}], "maxAge": 86400}, "cashflowStatementHistory": {"cashflowStatements": [{"maxAge": 1, "endDate": "2020-03-31", "netIncome": 718968000, "depreciation": 614726000, "changeToNetincome": 198239000, "changeToAccountReceivables": 435684000, "changeToLiabilities": -682151000, "changeToInventory": 249691000, "changeToOperatingActivities": -523362000, "totalCashFromOperatingActivities": 1032511000, "capitalExpenditures": -1669232000, "investments": -300318000, "otherCashflowsFromInvestingActivities": 26182000, "totalCashflowsFromInvestingActivities": -1937649000, "dividendsPaid": -392787000, "netBorrowings": 1745520000, "otherCashflowsFromFinancingActivities": -294751000, "totalCashFromFinancingActivities": 964505000, "changeInCash": 59367000}, {"maxAge": 1, "endDate": "2019-03-31", "netIncome": 1037942000, "depreciation": 584312000, "changeToNetincome": -361504000, "changeToAccountReceivables": 959629000, "changeToLiabilities": -1555336000, "changeToInventory": -353599000, "changeToOperatingActivities": 709947000, "totalCashFromOperatingActivities": 1039966000, "capitalExpenditures": -1508053000, "investments": -1767000, "otherCashflowsFromInvestingActivities": 143385000, "totalCashflowsFromInvestingActivities": -974531000, "dividendsPaid": -214998000, "netBorrowings": 356298000, "otherCashflowsFromFinancingActivities": -199012000, "totalCashFromFinancingActivities": -57712000, "changeInCash": 7723000}, {"maxAge": 1, "endDate": "2018-03-31", "netIncome": 713623000, "depreciation": 464522000, "changeToNetincome": 41802000, "changeToAccountReceivables": -1289947000, "changeToLiabilities": 2090339000, "changeToInventory": -527420000, "changeToOperatingActivities": -106068000, "totalCashFromOperatingActivities": 1401027000, "capitalExpenditures": -1326535000, "investments": -1767000, "otherCashflowsFromInvestingActivities": 37455000, "totalCashflowsFromInvestingActivities": -1283637000, "dividendsPaid": -135542000, "netBorrowings": 122102000, "otherCashflowsFromFinancingActivities": -98247000, "totalCashFromFinancingActivities": -111687000, "changeInCash": 5703000}, {"maxAge": 1, "endDate": "2017-03-31", "netIncome": 543710000, "depreciation": 403168000, "changeToNetincome": -32728000, "changeToAccountReceivables": -82807000, "changeToLiabilities": 317545000, "changeToInventory": -114952000, "changeToOperatingActivities": -48689000, "totalCashFromOperatingActivities": 995984000, "capitalExpenditures": -699132000, "investments": -1767000, "otherCashflowsFromInvestingActivities": 5669000, "totalCashflowsFromInvestingActivities": -621163000, "dividendsPaid": -135542000, "netBorrowings": -286000000, "otherCashflowsFromFinancingActivities": -108920000, "totalCashFromFinancingActivities": -394920000, "changeInCash": -20099000}], "maxAge": 86400}, "institutionOwnership": {"ownershipList": [], "maxAge": 1}, "balanceSheetHistoryQuarterly": {"balanceSheetStatements": [{"maxAge": 1, "endDate": "2020-06-30", "totalStockholderEquity": 4464680000, "netTangibleAssets": 4308665000}, {"maxAge": 1, "endDate": "2020-03-31", "cash": 79500000, "shortTermInvestments": 308514000, "netReceivables": 1842692000, "inventory": 1791782000, "otherCurrentAssets": 201970000, "totalCurrentAssets": 4287943000, "longTermInvestments": 902414000, "propertyPlantEquipment": 6685370000, "goodWill": 97758000, "intangibleAssets": 58257000, "otherAssets": 800250000, "totalAssets": 12831992000, "accountsPayable": 3151713000, "shortLongTermDebt": 265419000, "otherCurrentLiab": 894937000, "longTermDebt": 263819000, "otherLiab": 513150000, "totalCurrentLiabilities": 7310721000, "totalLiab": 8367312000, "commonStock": 93477000, "retainedEarnings": 3691472000, "treasuryStock": 65000, "capitalSurplus": 679666000, "otherStockholderEquity": 65000, "totalStockholderEquity": 4464680000, "netTangibleAssets": 4308665000}, {"maxAge": 1, "endDate": "2019-12-31", "totalStockholderEquity": 4302882000, "netTangibleAssets": 4162692000}, {"maxAge": 1, "endDate": "2019-09-30", "cash": 9532000, "shortTermInvestments": 70334000, "netReceivables": 2153251000, "inventory": 1703585000, "otherCurrentAssets": 306968000, "totalCurrentAssets": 4243670000, "longTermInvestments": 869139000, "propertyPlantEquipment": 6629435000, "goodWill": 97758000, "intangibleAssets": 42432000, "otherAssets": 554229000, "totalAssets": 12436663000, "accountsPayable": 3023498000, "otherCurrentLiab": 2264527000, "longTermDebt": 106947000, "otherLiab": 440527000, "totalCurrentLiabilities": 7368316000, "totalLiab": 8133781000, "commonStock": 93477000, "treasuryStock": 4209405000, "otherStockholderEquity": 4209405000, "totalStockholderEquity": 4302882000, "netTangibleAssets": 4162692000}], "maxAge": 86400}, "earningsHistory": {"history": [{"maxAge": 1, "epsActual": 18.57, "epsEstimate": 13.02, "epsDifference": 5.55, "surprisePercent": 0.426, "quarter": "2017-12-31", "period": "-4q"}, {"maxAge": 1, "epsActual": 20.01, "epsEstimate": 14.58, "epsDifference": 5.43, "surprisePercent": 0.372, "quarter": "2018-03-31", "period": "-3q"}, {"maxAge": 1, "epsActual": 18.57, "epsEstimate": 18.09, "epsDifference": 0.48, "surprisePercent": 0.027, "quarter": "2018-06-30", "period": "-2q"}, {"maxAge": 1, "epsActual": 29.2, "epsEstimate": 20.94, "epsDifference": 8.26, "surprisePercent": 0.39400002, "quarter": "2018-09-30", "period": "-1q"}], "maxAge": 86400}, "indexTrend": {"maxAge": 1, "symbol": "SP5", "peRatio": 19.7411, "pegRatio": 1.34172, "estimates": [{"period": "0q", "growth": 0.549}, {"period": "+1q", "growth": 0.431}, {"period": "0y", "growth": 0.305}, {"period": "+1y", "growth": 0.109}, {"period": "+5y", "growth": 0.120865}, {"period": "-5y"}]}, "industryTrend": {"maxAge": 1, "symbol": null, "estimates": []}, "insiderTransactions": {"transactions": [{"maxAge": 1, "shares": 2109709, "filerUrl": "", "transactionText": "", "filerName": "Jain (Dhanesh Kumar)", "filerRelation": "Chairman of the Board", "moneyText": "", "startDate": "2019-06-28", "ownership": "D"}, {"maxAge": 1, "shares": 1007603, "filerUrl": "", "transactionText": "", "filerName": "Jain (Deepak)", "filerRelation": "Managing Director", "moneyText": "", "startDate": "2019-06-28", "ownership": "D"}, {"maxAge": 1, "shares": 1102106, "filerUrl": "", "transactionText": "", "filerName": "Jain (Anmol)", "filerRelation": "Director (Non-Executive)", "moneyText": "", "startDate": "2019-06-28", "ownership": "D"}, {"maxAge": 1, "shares": 150683, "filerUrl": "", "transactionText": "", "filerName": "Jain (Dhanesh Kumar)", "filerRelation": "Chairman of the Board", "moneyText": "", "startDate": "2018-12-13", "ownership": "D"}, {"maxAge": 1, "shares": 4302, "filerUrl": "", "transactionText": "", "filerName": "Lumax Finance Pvt Ltd", "filerRelation": "Promoter", "moneyText": "", "startDate": "2018-06-28", "ownership": "D"}, {"maxAge": 1, "shares": 2000, "filerUrl": "", "transactionText": "", "filerName": "Lumax Finance Pvt Ltd", "filerRelation": "Promoter", "moneyText": "", "startDate": "2018-06-27", "ownership": "D"}, {"maxAge": 1, "shares": 4060, "filerUrl": "", "transactionText": "", "filerName": "Lumax Finance Pvt Ltd", "filerRelation": "Promoter", "moneyText": "", "startDate": "2018-06-26", "ownership": "D"}, {"maxAge": 1, "shares": 2005, "filerUrl": "", "transactionText": "", "filerName": "Lumax Finance Pvt Ltd", "filerRelation": "Promoter", "moneyText": "", "startDate": "2018-06-25", "ownership": "D"}, {"maxAge": 1, "shares": 1134, "filerUrl": "", "transactionText": "", "filerName": "Lumax Finance Pvt Ltd", "filerRelation": "Promoter", "moneyText": "", "startDate": "2018-06-22", "ownership": "D"}, {"maxAge": 1, "shares": 1200, "filerUrl": "", "transactionText": "", "filerName": "Lumax Finance Pvt Ltd", "filerRelation": "Promoter", "moneyText": "", "startDate": "2018-06-21", "ownership": "D"}, {"maxAge": 1, "shares": 2000, "filerUrl": "", "transactionText": "", "filerName": "Lumax Finance Pvt Ltd", "filerRelation": "Promoter", "moneyText": "", "startDate": "2018-06-20", "ownership": "D"}, {"maxAge": 1, "shares": 225, "filerUrl": "", "transactionText": "", "filerName": "Lumax Finance Pvt Ltd", "filerRelation": "Promoter", "moneyText": "", "startDate": "2018-06-19", "ownership": "D"}, {"maxAge": 1, "shares": 2030, "filerUrl": "", "transactionText": "", "filerName": "Lumax Finance Pvt Ltd", "filerRelation": "Promoter", "moneyText": "", "startDate": "2018-06-05", "ownership": "D"}, {"maxAge": 1, "shares": 5363, "filerUrl": "", "transactionText": "", "filerName": "Lumax Finance Pvt Ltd", "filerRelation": "Promoter", "moneyText": "", "startDate": "2018-05-31", "ownership": "D"}, {"maxAge": 1, "shares": 2000, "filerUrl": "", "transactionText": "", "filerName": "Lumax Finance Pvt Ltd", "filerRelation": "Promoter", "moneyText": "", "startDate": "2018-05-18", "ownership": "D"}, {"maxAge": 1, "shares": 3557, "filerUrl": "", "transactionText": "", "filerName": "Lumax Finance Pvt Ltd", "filerRelation": "Promoter", "moneyText": "", "startDate": "2018-05-17", "ownership": "D"}, {"maxAge": 1, "shares": 600, "filerUrl": "", "transactionText": "", "filerName": "Lumax Finance Pvt Ltd", "filerRelation": "Promoter", "moneyText": "", "startDate": "2018-04-23", "ownership": "D"}, {"maxAge": 1, "shares": 3, "filerUrl": "", "transactionText": "", "filerName": "Lumax Finance Pvt Ltd", "filerRelation": "Promoter", "moneyText": "", "startDate": "2018-04-20", "ownership": "D"}, {"maxAge": 1, "shares": 1250, "filerUrl": "", "transactionText": "", "filerName": "Lumax Finance Pvt Ltd", "filerRelation": "Promoter", "moneyText": "", "startDate": "2018-04-16", "ownership": "D"}, {"maxAge": 1, "shares": 627, "filerUrl": "", "transactionText": "", "filerName": "Lumax Finance Pvt Ltd", "filerRelation": "Promoter", "moneyText": "", "startDate": "2018-04-13", "ownership": "D"}, {"maxAge": 1, "shares": 2258, "filerUrl": "", "transactionText": "", "filerName": "Lumax Finance Pvt Ltd", "filerRelation": "Promoter", "moneyText": "", "startDate": "2018-04-12", "ownership": "D"}, {"maxAge": 1, "shares": 430, "filerUrl": "", "transactionText": "", "filerName": "Lumax Finance Pvt Ltd", "filerRelation": "Promoter", "moneyText": "", "startDate": "2018-03-27", "ownership": "D"}, {"maxAge": 1, "shares": 1285, "filerUrl": "", "transactionText": "", "filerName": "Jain (Deepak)", "filerRelation": "Managing Director", "moneyText": "", "startDate": "2018-03-23", "ownership": "D"}, {"maxAge": 1, "shares": 908, "filerUrl": "", "transactionText": "", "filerName": "Lumax Finance Pvt Ltd", "filerRelation": "Promoter", "moneyText": "", "startDate": "2018-03-22", "ownership": "D"}, {"maxAge": 1, "shares": 1795, "filerUrl": "", "transactionText": "", "filerName": "Lumax Finance Pvt Ltd", "filerRelation": "Promoter", "moneyText": "", "startDate": "2018-03-19", "ownership": "D"}, {"maxAge": 1, "shares": 4389, "filerUrl": "", "transactionText": "", "filerName": "Lumax Finance Pvt Ltd", "filerRelation": "Promoter", "moneyText": "", "startDate": "2018-03-08", "ownership": "D"}, {"maxAge": 1, "shares": 1693, "filerUrl": "", "transactionText": "", "filerName": "Lumax Finance Pvt Ltd", "filerRelation": "Promoter", "moneyText": "", "startDate": "2018-03-07", "ownership": "D"}, {"maxAge": 1, "shares": 2, "filerUrl": "", "transactionText": "", "filerName": "Lumax Finance Pvt Ltd", "filerRelation": "Promoter", "moneyText": "", "startDate": "2018-03-05", "ownership": "D"}, {"maxAge": 1, "shares": 85, "filerUrl": "", "transactionText": "", "filerName": "Lumax Finance Pvt Ltd", "filerRelation": "Promoter", "moneyText": "", "startDate": "2018-02-22", "ownership": "D"}, {"maxAge": 1, "shares": 736, "filerUrl": "", "transactionText": "", "filerName": "Lumax Finance Pvt Ltd", "filerRelation": "Promoter", "moneyText": "", "startDate": "2018-02-21", "ownership": "D"}, {"maxAge": 1, "shares": 1000, "filerUrl": "", "transactionText": "", "filerName": "Jain (Anmol)", "filerRelation": "Director (Non-Executive)", "moneyText": "", "startDate": "2018-02-19", "ownership": "D"}, {"maxAge": 1, "shares": 4000, "filerUrl": "", "transactionText": "", "filerName": "Jain (Dhanesh Kumar)", "filerRelation": "Chairman of the Board", "moneyText": "", "startDate": "2018-02-19", "ownership": "D"}, {"maxAge": 1, "shares": 51, "filerUrl": "", "transactionText": "", "filerName": "Jain (Deepak)", "filerRelation": "Managing Director", "moneyText": "", "startDate": "2018-02-15", "ownership": "D"}, {"maxAge": 1, "shares": 3178, "filerUrl": "", "transactionText": "", "filerName": "Jain (Anmol)", "filerRelation": "Director (Non-Executive)", "moneyText": "", "startDate": "2018-02-15", "ownership": "D"}, {"maxAge": 1, "shares": 2271, "filerUrl": "", "transactionText": "", "filerName": "Jain (Dhanesh Kumar)", "filerRelation": "Chairman of the Board", "moneyText": "", "startDate": "2018-02-15", "ownership": "D"}, {"maxAge": 1, "shares": 4000, "filerUrl": "", "transactionText": "", "filerName": "Jain (Deepak)", "filerRelation": "Managing Director", "moneyText": "", "startDate": "2018-02-14", "ownership": "D"}, {"maxAge": 1, "shares": 8000, "filerUrl": "", "transactionText": "", "filerName": "Jain (Anmol)", "filerRelation": "Director (Executive)", "moneyText": "", "startDate": "2018-02-09", "ownership": "D"}, {"maxAge": 1, "shares": 500, "filerUrl": "", "transactionText": "", "filerName": "Jain (Dhanesh Kumar)", "filerRelation": "Non Executive Chairman", "moneyText": "", "startDate": "2018-02-09", "ownership": "D"}, {"maxAge": 1, "shares": 2000, "filerUrl": "", "transactionText": "", "filerName": "Jain (Deepak)", "filerRelation": "Managing Director", "moneyText": "", "startDate": "2018-02-09", "ownership": "D"}, {"maxAge": 1, "shares": 2369, "filerUrl": "", "transactionText": "", "filerName": "Jain (Anmol)", "filerRelation": "Director (Executive)", "moneyText": "", "startDate": "2018-02-08", "ownership": "D"}, {"maxAge": 1, "shares": 7800, "filerUrl": "", "transactionText": "", "filerName": "Lumax Finance Pvt Ltd", "filerRelation": "Promoter", "moneyText": "", "startDate": "2018-02-08", "ownership": "D"}, {"maxAge": 1, "shares": 14381, "filerUrl": "", "transactionText": "", "filerName": "Jain (Deepak)", "filerRelation": "Managing Director", "moneyText": "", "startDate": "2018-02-08", "ownership": "D"}, {"maxAge": 1, "shares": 24522, "filerUrl": "", "transactionText": "", "filerName": "Lumax Finance Pvt Ltd", "filerRelation": "Promoter", "moneyText": "", "startDate": "2018-02-07", "ownership": "D"}, {"maxAge": 1, "shares": 396858, "filerUrl": "", "transactionText": "", "filerName": "Stanley Electric Company, Ltd.", "filerRelation": "Institution- Corporation", "moneyText": "", "startDate": "2011-03-15", "ownership": "D"}, {"maxAge": 1, "shares": 396858, "filerUrl": "", "transactionText": "", "filerName": "Jain (Dhanesh Kumar)", "filerRelation": "Chairman of the Board", "moneyText": "", "startDate": "2011-03-15", "ownership": "D"}, {"maxAge": 1, "shares": 525000, "filerUrl": "", "transactionText": "", "filerName": "Jain (Dhanesh Kumar)", "filerRelation": "Chairman of the Board", "moneyText": "", "startDate": "2011-02-09", "ownership": "D"}, {"maxAge": 1, "shares": 525000, "filerUrl": "", "transactionText": "", "filerName": "Lumax Auto Technologies Ltd", "filerRelation": "Institution- Corporation", "moneyText": "", "startDate": "2011-02-09", "ownership": "D"}], "maxAge": 1}, "quoteType": {"exchange": "BSE", "quoteType": "EQUITY", "symbol": "LUMAXIND.BO", "underlyingSymbol": "LUMAXIND.BO", "shortName": "LUMAX INDUSTRIES LTD.", "longName": "Lumax Industries Limited", "firstTradeDateEpochUtc": "2000-04-27 09:15:00", "timeZoneFullName": "Asia/Kolkata", "timeZoneShortName": "IST", "uuid": "5d81a73c-e545-36bc-985f-fa858339ee27", "gmtOffSetMilliseconds": 19800000, "maxAge": 1}, "incomeStatementHistory": {"incomeStatementHistory": [{"maxAge": 1, "endDate": "2020-03-31", "totalRevenue": 16033676000, "costOfRevenue": 10132100000, "grossProfit": 5901576000, "researchDevelopment": {}, "sellingGeneralAdministrative": 2129782000, "nonRecurring": {}, "otherOperatingExpenses": 2111075000, "totalOperatingExpenses": 15008399000, "operatingIncome": 1025277000, "totalOtherIncomeExpenseNet": -107967000, "ebit": 1025277000, "interestExpense": -219156000, "incomeBeforeTax": 917310000, "incomeTaxExpense": 198342000, "minorityInterest": {}, "netIncomeFromContinuingOps": 718968000, "discontinuedOperations": {}, "extraordinaryItems": {}, "effectOfAccountingCharges": {}, "otherItems": {}, "netIncome": 718968000, "netIncomeApplicableToCommonShares": 718968000}, {"maxAge": 1, "endDate": "2019-03-31", "totalRevenue": 18557143000, "costOfRevenue": 12488023000, "grossProfit": 6069120000, "researchDevelopment": {}, "sellingGeneralAdministrative": 2216198000, "nonRecurring": {}, "otherOperatingExpenses": 2195689000, "totalOperatingExpenses": 17502462000, "operatingIncome": 1054681000, "totalOtherIncomeExpenseNet": 288129000, "ebit": 1054681000, "interestExpense": -155233000, "incomeBeforeTax": 1342810000, "incomeTaxExpense": 304868000, "minorityInterest": {}, "netIncomeFromContinuingOps": 1037942000, "discontinuedOperations": {}, "extraordinaryItems": {}, "effectOfAccountingCharges": {}, "otherItems": {}, "netIncome": 1037942000, "netIncomeApplicableToCommonShares": 1037942000}, {"maxAge": 1, "endDate": "2018-03-31", "totalRevenue": 16493463000, "costOfRevenue": 11201581000, "grossProfit": 5291882000, "researchDevelopment": {}, "sellingGeneralAdministrative": 1921563000, "nonRecurring": {}, "otherOperatingExpenses": 2003393000, "totalOperatingExpenses": 15604847000, "operatingIncome": 888616000, "totalOtherIncomeExpenseNet": 86878000, "ebit": 888616000, "interestExpense": -71862000, "incomeBeforeTax": 975494000, "incomeTaxExpense": 261871000, "minorityInterest": {}, "netIncomeFromContinuingOps": 713623000, "discontinuedOperations": {}, "extraordinaryItems": {}, "effectOfAccountingCharges": {}, "otherItems": {}, "netIncome": 713623000, "netIncomeApplicableToCommonShares": 713623000}, {"maxAge": 1, "endDate": "2017-03-31", "totalRevenue": 12709233000, "costOfRevenue": 8434892000, "grossProfit": 4274341000, "researchDevelopment": {}, "sellingGeneralAdministrative": 1625682000, "nonRecurring": {}, "otherOperatingExpenses": 1629537000, "totalOperatingExpenses": 12103466000, "operatingIncome": 605767000, "totalOtherIncomeExpenseNet": 42132000, "ebit": 605767000, "interestExpense": -106644000, "incomeBeforeTax": 647899000, "incomeTaxExpense": 104189000, "minorityInterest": {}, "netIncomeFromContinuingOps": 543710000, "discontinuedOperations": {}, "extraordinaryItems": {}, "effectOfAccountingCharges": {}, "otherItems": {}, "netIncome": 543710000, "netIncomeApplicableToCommonShares": 543710000}], "maxAge": 86400}, "fundOwnership": {"ownershipList": [{"maxAge": 1, "reportDate": "2020-07-31", "organization": "DFA Emerging Markets Core Equity Portfolio", "pctHeld": 0.0013, "position": 11696, "value": 14397776}, {"maxAge": 1, "reportDate": "2020-07-31", "organization": "DFA Emerging Markets Small Cap Series", "pctHeld": 0.0002, "position": 1862, "value": 2292122}, {"maxAge": 1, "reportDate": "2020-07-31", "organization": "DFA Investment Dimensions-World Ex U.S. Core Equity Port", "pctHeld": 0.0001, "position": 1052, "value": 1295012}], "maxAge": 1}, "summaryDetail": {"maxAge": 1, "priceHint": 2, "previousClose": 1543.65, "open": 1589.95, "dayLow": 1492.35, "dayHigh": 1589.95, "regularMarketPreviousClose": 1543.65, "regularMarketOpen": 1589.95, "regularMarketDayLow": 1492.35, "regularMarketDayHigh": 1589.95, "trailingPE": 59.933437, "forwardPE": 20.66617, "volume": 1320, "regularMarketVolume": 1320, "averageVolume": 771, "averageVolume10days": 831, "averageDailyVolume10Day": 831, "bid": 1515.0, "ask": 1544.65, "bidSize": 0, "askSize": 0, "marketCap": 14223973376, "fiftyTwoWeekLow": 702.0, "fiftyTwoWeekHigh": 1695.95, "fiftyDayAverage": 1382.056, "twoHundredDayAverage": 1368.1025, "trailingAnnualDividendRate": 23.5, "trailingAnnualDividendYield": 0.015223658, "currency": "INR", "fromCurrency": null, "lastMarket": null, "algorithm": null, "tradeable": false}, "sectorTrend": {"maxAge": 1, "symbol": null, "estimates": []}, "incomeStatementHistoryQuarterly": {"incomeStatementHistory": [{"maxAge": 1, "endDate": "2020-06-30", "totalRevenue": 780086000, "costOfRevenue": 544426000, "grossProfit": 235660000, "researchDevelopment": {}, "sellingGeneralAdministrative": 362219000, "nonRecurring": {}, "otherOperatingExpenses": 222214000, "totalOperatingExpenses": 1266742000, "operatingIncome": -486656000, "totalOtherIncomeExpenseNet": -100012000, "ebit": -486656000, "interestExpense": -77311000, "incomeBeforeTax": -586668000, "incomeTaxExpense": -270648000, "minorityInterest": {}, "netIncomeFromContinuingOps": -316020000, "discontinuedOperations": {}, "extraordinaryItems": {}, "effectOfAccountingCharges": {}, "otherItems": {}, "netIncome": -316020000, "netIncomeApplicableToCommonShares": -316020000}, {"maxAge": 1, "endDate": "2020-03-31", "totalRevenue": 3890684000, "costOfRevenue": 2689035000, "grossProfit": 1201649000, "researchDevelopment": {}, "sellingGeneralAdministrative": 529757000, "nonRecurring": {}, "otherOperatingExpenses": 284698000, "totalOperatingExpenses": 3666940000, "operatingIncome": 223744000, "totalOtherIncomeExpenseNet": -49872000, "ebit": 223744000, "interestExpense": -62826000, "incomeBeforeTax": 173872000, "incomeTaxExpense": 10309000, "minorityInterest": {}, "netIncomeFromContinuingOps": 163563000, "discontinuedOperations": {}, "extraordinaryItems": {}, "effectOfAccountingCharges": {}, "otherItems": {}, "netIncome": 163563000, "netIncomeApplicableToCommonShares": 163563000}, {"maxAge": 1, "endDate": "2019-12-31", "totalRevenue": 3832472000, "costOfRevenue": 2286906000, "grossProfit": 1545566000, "researchDevelopment": {}, "sellingGeneralAdministrative": 536598000, "nonRecurring": {}, "otherOperatingExpenses": 567307000, "totalOperatingExpenses": 3552064000, "operatingIncome": 280408000, "totalOtherIncomeExpenseNet": -28419000, "ebit": 280408000, "interestExpense": -59845000, "incomeBeforeTax": 251989000, "incomeTaxExpense": 63003000, "minorityInterest": {}, "netIncomeFromContinuingOps": 188986000, "discontinuedOperations": {}, "extraordinaryItems": {}, "effectOfAccountingCharges": {}, "otherItems": {}, "netIncome": 188986000, "netIncomeApplicableToCommonShares": 188986000}, {"maxAge": 1, "endDate": "2019-09-30", "totalRevenue": 4290285000, "costOfRevenue": 2676533000, "grossProfit": 1613752000, "researchDevelopment": {}, "sellingGeneralAdministrative": 531960000, "nonRecurring": {}, "otherOperatingExpenses": 643933000, "totalOperatingExpenses": 4011247000, "operatingIncome": 279038000, "totalOtherIncomeExpenseNet": -14388000, "ebit": 279038000, "interestExpense": -50139000, "incomeBeforeTax": 264650000, "incomeTaxExpense": 63839000, "minorityInterest": {}, "netIncomeFromContinuingOps": 200811000, "discontinuedOperations": {}, "extraordinaryItems": {}, "effectOfAccountingCharges": {}, "otherItems": {}, "netIncome": 200811000, "netIncomeApplicableToCommonShares": 200811000}], "maxAge": 86400}, "cashflowStatementHistoryQuarterly": {"cashflowStatements": [{"maxAge": 1, "endDate": "2020-06-30", "netIncome": -316020000, "changeToLiabilities": 0}, {"maxAge": 1, "endDate": "2020-03-31", "netIncome": 163563000, "changeToLiabilities": 0}, {"maxAge": 1, "endDate": "2019-12-31", "netIncome": 188986000, "changeToLiabilities": 0}, {"maxAge": 1, "endDate": "2019-09-30", "netIncome": 200811000, "changeToLiabilities": 0}], "maxAge": 86400}, "insiderHolders": {"holders": [{"maxAge": 1, "name": "Jain (Anmol)", "relation": "Director (Non-Executive)", "url": "", "transactionDescription": "Other", "latestTransDate": "2019-06-28", "positionDirect": 1172031, "positionDirectDate": "2019-06-28"}, {"maxAge": 1, "name": "Jain (Deepak)", "relation": "Managing Director", "url": "", "transactionDescription": "Other", "latestTransDate": "2019-06-28", "positionDirect": 1172031, "positionDirectDate": "2019-06-28"}, {"maxAge": 1, "name": "Jain (Dhanesh Kumar)", "relation": "Chairman of the Board", "url": "", "transactionDescription": "Other", "latestTransDate": "2019-06-28", "positionDirect": 0, "positionDirectDate": "2019-06-28"}, {"maxAge": 1, "name": "Lumax Auto Technologies Ltd", "relation": "Institution- Corporation", "url": "", "transactionDescription": "Acquisition", "latestTransDate": "2011-02-09", "positionDirect": 525000, "positionDirectDate": "2011-02-09"}, {"maxAge": 1, "name": "Lumax Finance Pvt Ltd", "relation": "Promoter", "url": "", "transactionDescription": "Acquisition", "latestTransDate": "2018-06-28", "positionDirect": 493367, "positionDirectDate": "2018-06-28"}, {"maxAge": 1, "name": "Stanley Electric Company, Ltd.", "relation": "Institution- Corporation", "url": "", "transactionDescription": "Sale", "latestTransDate": "2011-03-15", "positionDirect": 3343381, "positionDirectDate": "2011-03-15"}], "maxAge": 1}, "earnings": {"maxAge": 86400, "earningsChart": {"quarterly": [{"date": "4Q2017", "actual": 18.57, "estimate": 13.02}, {"date": "1Q2018", "actual": 20.01, "estimate": 14.58}, {"date": "2Q2018", "actual": 18.57, "estimate": 18.09}, {"date": "3Q2018", "actual": 29.2, "estimate": 20.94}], "currentQuarterEstimateDate": "4Q", "currentQuarterEstimateYear": 2018, "earningsDate": []}, "financialsChart": {"yearly": [{"date": 2017, "revenue": 12709233000, "earnings": 543710000}, {"date": 2018, "revenue": 16493463000, "earnings": 713623000}, {"date": 2019, "revenue": 18557143000, "earnings": 1037942000}, {"date": 2020, "revenue": 16033676000, "earnings": 718968000}], "quarterly": [{"date": "3Q2019", "revenue": 4290285000, "earnings": 200811000}, {"date": "4Q2019", "revenue": 3832472000, "earnings": 188986000}, {"date": "1Q2020", "revenue": 3890684000, "earnings": 163563000}, {"date": "2Q2020", "revenue": 780086000, "earnings": -316020000}]}, "financialCurrency": "INR"}, "calendarEvents": {"maxAge": 1, "earnings": {"earningsDate": [], "revenueAverage": 5090000000, "revenueLow": 5090000000, "revenueHigh": 5090000000}}, "upgradeDowngradeHistory": {"history": [], "maxAge": 86400}, "price": {"maxAge": 1, "regularMarketChangePercent": -0.014251935, "regularMarketChange": -22.0, "regularMarketTime": "2021-04-30 15:29:20", "priceHint": 2, "regularMarketPrice": 1521.65, "regularMarketDayHigh": 1589.95, "regularMarketDayLow": 1492.35, "regularMarketVolume": 1320, "averageDailyVolume10Day": 831, "averageDailyVolume3Month": 771, "regularMarketPreviousClose": 1543.65, "regularMarketSource": "FREE_REALTIME", "regularMarketOpen": 1589.95, "exchange": "BSE", "exchangeName": "BSE", "exchangeDataDelayedBy": 0, "marketState": "CLOSED", "quoteType": "EQUITY", "symbol": "LUMAXIND.BO", "underlyingSymbol": null, "shortName": "LUMAX INDUSTRIES LTD.", "longName": "Lumax Industries Limited", "currency": "INR", "quoteSourceName": "Delayed Quote", "currencySymbol": "\u20b9", "fromCurrency": null, "lastMarket": null, "marketCap": 14223973376}, "balanceSheetHistory": {"balanceSheetStatements": [{"maxAge": 1, "endDate": "2020-03-31", "cash": 79500000, "shortTermInvestments": 308514000, "netReceivables": 1842692000, "inventory": 1791782000, "otherCurrentAssets": 201970000, "totalCurrentAssets": 4287943000, "longTermInvestments": 902414000, "propertyPlantEquipment": 6685370000, "goodWill": 97758000, "intangibleAssets": 58257000, "otherAssets": 800250000, "totalAssets": 12831992000, "accountsPayable": 3151713000, "shortLongTermDebt": 265419000, "otherCurrentLiab": 894937000, "longTermDebt": 263819000, "otherLiab": 513150000, "totalCurrentLiabilities": 7310721000, "totalLiab": 8367312000, "commonStock": 93477000, "retainedEarnings": 3691472000, "treasuryStock": 65000, "capitalSurplus": 679666000, "otherStockholderEquity": 65000, "totalStockholderEquity": 4464680000, "netTangibleAssets": 4308665000}, {"maxAge": 1, "endDate": "2019-03-31", "cash": 20133000, "shortTermInvestments": 11467000, "netReceivables": 2318611000, "inventory": 2041473000, "otherCurrentAssets": 232646000, "totalCurrentAssets": 4649057000, "longTermInvestments": 806818000, "propertyPlantEquipment": 5931213000, "intangibleAssets": 53957000, "otherAssets": 455383000, "totalAssets": 11896428000, "accountsPayable": 3800919000, "shortLongTermDebt": 17766000, "otherCurrentLiab": 1462749000, "longTermDebt": 9363000, "otherLiab": 424745000, "totalCurrentLiabilities": 7113350000, "totalLiab": 7547458000, "commonStock": 93477000, "retainedEarnings": 3575762000, "treasuryStock": 65000, "capitalSurplus": 679666000, "otherStockholderEquity": 65000, "totalStockholderEquity": 4348970000, "netTangibleAssets": 4295013000}, {"maxAge": 1, "endDate": "2018-03-31", "cash": 12410000, "shortTermInvestments": 17162000, "netReceivables": 3502905000, "inventory": 1687874000, "otherCurrentAssets": 384905000, "totalCurrentAssets": 5623133000, "longTermInvestments": 877182000, "propertyPlantEquipment": 5478486000, "intangibleAssets": 43523000, "otherAssets": 151208000, "totalAssets": 12173532000, "accountsPayable": 5363622000, "shortLongTermDebt": 25538000, "otherCurrentLiab": 1370354000, "longTermDebt": 22830000, "otherLiab": 338354000, "totalCurrentLiabilities": 8192371000, "totalLiab": 8553555000, "commonStock": 93477000, "retainedEarnings": 2846769000, "treasuryStock": 65000, "capitalSurplus": 679666000, "otherStockholderEquity": 65000, "totalStockholderEquity": 3619977000, "netTangibleAssets": 3576454000}, {"maxAge": 1, "endDate": "2017-03-31", "cash": 6707000, "netReceivables": 1913083000, "inventory": 1160454000, "otherCurrentAssets": 374425000, "totalCurrentAssets": 3481767000, "longTermInvestments": 787315000, "propertyPlantEquipment": 4357190000, "intangibleAssets": 33302000, "otherAssets": 136656000, "totalAssets": 8796230000, "accountsPayable": 3268420000, "shortLongTermDebt": 97427000, "otherCurrentLiab": 858469000, "longTermDebt": 36377000, "otherLiab": 316110000, "totalCurrentLiabilities": 5352558000, "totalLiab": 5705045000, "commonStock": 93477000, "retainedEarnings": 2317977000, "treasuryStock": 65000, "capitalSurplus": 679666000, "otherStockholderEquity": 65000, "totalStockholderEquity": 3091185000, "netTangibleAssets": 3057883000}], "maxAge": 86400}, "earningsTrend": {"trend": [{"maxAge": 1, "period": "0q", "endDate": "2018-12-31", "growth": {}, "earningsEstimate": {"avg": 0.0, "low": 0.0, "high": 0.0, "yearAgoEps": 18.57, "numberOfAnalysts": 0, "growth": {}}, "revenueEstimate": {"avg": 5090000000, "low": 5090000000, "high": 5090000000, "numberOfAnalysts": 1, "yearAgoRevenue": 3708050000, "growth": 0.373}, "epsTrend": {"current": 0.0, "7daysAgo": 21.54, "30daysAgo": 21.54, "60daysAgo": 21.54, "90daysAgo": 21.54}, "epsRevisions": {"upLast7days": 0, "upLast30days": 0, "downLast30days": 0, "downLast90days": {}}}, {"maxAge": 1, "period": "+1q", "endDate": "2019-03-31", "growth": {}, "earningsEstimate": {"avg": 0.0, "low": 0.0, "high": 0.0, "yearAgoEps": 20.01, "numberOfAnalysts": 0, "growth": {}}, "revenueEstimate": {"avg": 5549000000, "low": 5549000000, "high": 5549000000, "numberOfAnalysts": 1, "yearAgoRevenue": 5590440000, "growth": -0.0069999998}, "epsTrend": {"current": 0.0, "7daysAgo": 24.02, "30daysAgo": 24.02, "60daysAgo": 24.02, "90daysAgo": 24.02}, "epsRevisions": {"upLast7days": 0, "upLast30days": 0, "downLast30days": 0, "downLast90days": {}}}, {"maxAge": 1, "period": "0y", "endDate": "2019-03-31", "growth": {}, "earningsEstimate": {"avg": 0.0, "low": 0.0, "high": 0.0, "yearAgoEps": {}, "numberOfAnalysts": 0, "growth": {}}, "revenueEstimate": {"avg": 20420700000, "low": 20064300000, "high": 20777000000, "numberOfAnalysts": 2, "yearAgoRevenue": 16499200000, "growth": 0.23799999}, "epsTrend": {"current": 0.0, "7daysAgo": 94.77, "30daysAgo": 94.77, "60daysAgo": 94.77, "90daysAgo": 94.77}, "epsRevisions": {"upLast7days": 0, "upLast30days": 0, "downLast30days": 0, "downLast90days": {}}}, {"maxAge": 1, "period": "+1y", "endDate": "2020-03-31", "growth": {}, "earningsEstimate": {"avg": 0.0, "low": 0.0, "high": 0.0, "yearAgoEps": {}, "numberOfAnalysts": 0, "growth": {}}, "revenueEstimate": {"avg": 23874000000, "low": 23675900000, "high": 24072000000, "numberOfAnalysts": 2, "yearAgoRevenue": 20420700000, "growth": 0.169}, "epsTrend": {"current": 0.0, "7daysAgo": 117.24, "30daysAgo": 117.24, "60daysAgo": 117.24, "90daysAgo": 117.24}, "epsRevisions": {"upLast7days": 0, "upLast30days": 0, "downLast30days": 0, "downLast90days": {}}}, {"maxAge": 1, "period": "+5y", "endDate": null, "growth": {}, "earningsEstimate": {"avg": {}, "low": {}, "high": {}, "yearAgoEps": {}, "numberOfAnalysts": {}, "growth": {}}, "revenueEstimate": {"avg": {}, "low": {}, "high": {}, "numberOfAnalysts": {}, "yearAgoRevenue": {}, "growth": {}}, "epsTrend": {"current": {}, "7daysAgo": {}, "30daysAgo": {}, "60daysAgo": {}, "90daysAgo": {}}, "epsRevisions": {"upLast7days": {}, "upLast30days": {}, "downLast30days": {}, "downLast90days": {}}}, {"maxAge": 1, "period": "-5y", "endDate": null, "growth": {}, "earningsEstimate": {"avg": {}, "low": {}, "high": {}, "yearAgoEps": {}, "numberOfAnalysts": {}, "growth": {}}, "revenueEstimate": {"avg": {}, "low": {}, "high": {}, "numberOfAnalysts": {}, "yearAgoRevenue": {}, "growth": {}}, "epsTrend": {"current": {}, "7daysAgo": {}, "30daysAgo": {}, "60daysAgo": {}, "90daysAgo": {}}, "epsRevisions": {"upLast7days": {}, "upLast30days": {}, "downLast30days": {}, "downLast90days": {}}}], "maxAge": 1}, "financialData": {"maxAge": 86400, "currentPrice": 1521.65, "targetHighPrice": 2645.0, "targetLowPrice": 2382.0, "targetMeanPrice": 2513.5, "targetMedianPrice": 2513.5, "recommendationKey": "none", "numberOfAnalystOpinions": 2, "grossProfits": 5901576000, "financialCurrency": "INR"}}}