{"LUXIND.NS": {"assetProfile": {"address1": "PS Srijan Tech Park", "address2": "10th Floor DN -52, Sector-V Salt Lake City", "city": "Kolkata", "zip": "700091", "country": "India", "phone": "91 33 4040 2121", "fax": "91 33 4001 2001", "website": "http://www.luxinnerwear.com", "industry": "Apparel Manufacturing", "sector": "Consumer Cyclical", "longBusinessSummary": "Lux Industries Limited manufactures and sells knitwear in India. The company primarily offers vests, briefs, boxers, T-shirts, shirts, shorts, winter wear, panties, racer backs, camisole straps, and slips under the Lux Venus, Lux Classic, Lux Karishma, Lux Touch, GenX, Lux Cozi, Lux Cozi Big Shot, Lux Cott's Wool, Lux Inferno, Lux Mozze, ONN, Lyra, Lux Cozi GLO, Lux Cozi Her, Lux Venus Classic, and One8 for men, women, and children. It also exports its products. The company was formerly known as Biswanath Hosiery Mills and changed its name to Lux Industries Limited in 1995. Lux Industries Limited was founded in 1957 and is headquartered in Kolkata, India.", "fullTimeEmployees": 1561, "companyOfficers": [{"maxAge": 1, "name": "Mr. Ashok Kumar Todi", "age": 61, "title": "Exec. Non-Independent Chairman", "yearBorn": 1959, "fiscalYear": 2020, "totalPay": 30000000, "exercisedValue": 0, "unexercisedValue": 0}, {"maxAge": 1, "name": "Mr. Pradip Kumar Todi M.D.", "age": 58, "title": "MD & Exec. Non-Independent Director", "yearBorn": 1962, "fiscalYear": 2020, "totalPay": 30000000, "exercisedValue": 0, "unexercisedValue": 0}, {"maxAge": 1, "name": "Ms. Smita  Mishra", "title": "Company Sec. & Compliance Officer", "fiscalYear": 2020, "totalPay": 1156000, "exercisedValue": 0, "unexercisedValue": 0}, {"maxAge": 1, "name": "Mr. Saket  Todi", "age": 31, "title": "Pres of Marketing", "yearBorn": 1989, "exercisedValue": 0, "unexercisedValue": 0}, {"maxAge": 1, "name": "Ms. Prabha Devi Todi", "age": 58, "title": "Non-Independent Exec. Women Director", "yearBorn": 1962, "fiscalYear": 2020, "totalPay": 0, "exercisedValue": 0, "unexercisedValue": 0}, {"maxAge": 1, "name": "Mr. Udit  Todi", "age": 31, "title": "Pres of Strategy", "yearBorn": 1989, "exercisedValue": 0, "unexercisedValue": 0}, {"maxAge": 1, "name": "Mr. Saurabh Kumar Bhudolia", "title": "Chief Financial Officer", "exercisedValue": 0, "unexercisedValue": 0}, {"maxAge": 1, "name": "Mr. Sanjay  Mittal", "title": "VP of Sales", "exercisedValue": 0, "unexercisedValue": 0}, {"maxAge": 1, "name": "Mr. R. K. Bhutoria", "title": "HR Mang.", "exercisedValue": 0, "unexercisedValue": 0}, {"maxAge": 1, "name": "Mr. Bibekananda  Maity", "age": 51, "title": "Head of Information Technology", "yearBorn": 1969, "fiscalYear": 2019, "exercisedValue": 0, "unexercisedValue": 0}], "compensationAsOfEpochDate": "2020-12-31 05:30:00", "maxAge": 86400}, "recommendationTrend": {"trend": [{"period": "0m", "strongBuy": 0, "buy": 0, "hold": 0, "sell": 0, "strongSell": 0}, {"period": "-1m", "strongBuy": 0, "buy": 1, "hold": 0, "sell": 0, "strongSell": 0}, {"period": "-2m", "strongBuy": 0, "buy": 1, "hold": 0, "sell": 0, "strongSell": 0}, {"period": "-3m", "strongBuy": 0, "buy": 0, "hold": 0, "sell": 0, "strongSell": 0}], "maxAge": 86400}, "cashflowStatementHistory": {"cashflowStatements": [{"maxAge": 1, "endDate": "2020-03-31", "netIncome": 1228866000, "depreciation": 122691000, "changeToNetincome": 97150000, "changeToAccountReceivables": 551654000, "changeToLiabilities": -151534000, "changeToInventory": -782361000, "changeToOperatingActivities": -109878000, "totalCashFromOperatingActivities": 961048000, "capitalExpenditures": -99135000, "investments": 9247000, "otherCashflowsFromInvestingActivities": 6459000, "totalCashflowsFromInvestingActivities": -53916000, "dividendsPaid": -340916000, "netBorrowings": -364415000, "otherCashflowsFromFinancingActivities": -208067000, "totalCashFromFinancingActivities": -913398000, "changeInCash": -6265000}, {"maxAge": 1, "endDate": "2019-03-31", "netIncome": 987984000, "depreciation": 106064000, "changeToNetincome": 265142000, "changeToAccountReceivables": 224218000, "changeToLiabilities": -252997000, "changeToInventory": 457542000, "changeToOperatingActivities": 104529000, "totalCashFromOperatingActivities": 1898869000, "capitalExpenditures": -125594000, "investments": -1000, "otherCashflowsFromInvestingActivities": 1128000, "totalCashflowsFromInvestingActivities": -121624000, "dividendsPaid": -50506000, "netBorrowings": -1482066000, "otherCashflowsFromFinancingActivities": -246434000, "totalCashFromFinancingActivities": -1779006000, "changeInCash": -1762000}, {"maxAge": 1, "endDate": "2018-03-31", "netIncome": 778797000, "depreciation": 90215000, "changeToNetincome": 266676000, "changeToAccountReceivables": -1150226000, "changeToLiabilities": 682922000, "changeToInventory": -664230000, "changeToOperatingActivities": -33481000, "totalCashFromOperatingActivities": -23283000, "capitalExpenditures": -175839000, "investments": -17159000, "otherCashflowsFromInvestingActivities": 3277000, "totalCashflowsFromInvestingActivities": -187635000, "dividendsPaid": -35355000, "netBorrowings": 406638000, "otherCashflowsFromFinancingActivities": -209061000, "totalCashFromFinancingActivities": 162222000, "changeInCash": -48639000}, {"maxAge": 1, "endDate": "2017-03-31", "netIncome": 628478000, "depreciation": 69317000, "changeToNetincome": 194995000, "changeToAccountReceivables": -201613000, "changeToLiabilities": 76641000, "changeToInventory": -326043000, "changeToOperatingActivities": -238079000, "totalCashFromOperatingActivities": 205214000, "capitalExpenditures": -210020000, "investments": 9149000, "otherCashflowsFromInvestingActivities": 3675000, "totalCashflowsFromInvestingActivities": -196669000, "dividendsPaid": -6451000, "netBorrowings": 170146000, "otherCashflowsFromFinancingActivities": -172941000, "totalCashFromFinancingActivities": -9246000, "changeInCash": -701000}], "maxAge": 86400}, "indexTrend": {"maxAge": 1, "symbol": "SP5", "peRatio": 19.7411, "pegRatio": 1.34172, "estimates": [{"period": "0q", "growth": 0.549}, {"period": "+1q", "growth": 0.431}, {"period": "0y", "growth": 0.305}, {"period": "+1y", "growth": 0.109}, {"period": "+5y", "growth": 0.120865}, {"period": "-5y"}]}, "defaultKeyStatistics": {"maxAge": 1, "priceHint": 2, "enterpriseValue": 47900114944, "profitMargins": 0.12833999, "floatShares": 6668307, "sharesOutstanding": 25253000, "heldPercentInsiders": 0.74671, "heldPercentInstitutions": 0.13024999, "beta": 0.656007, "category": null, "bookValue": 226.317, "priceToBook": 8.418943, "fundFamily": null, "legalType": null, "lastFiscalYearEnd": "2020-03-31 05:30:00", "nextFiscalYearEnd": "2022-03-31 05:30:00", "mostRecentQuarter": "2020-12-31 05:30:00", "earningsQuarterlyGrowth": 0.662, "netIncomeToCommon": 1679987968, "trailingEps": 66.53, "forwardEps": 49.66, "lastSplitFactor": "5:1", "lastSplitDate": "2016-06-06 05:30:00", "enterpriseToRevenue": 3.659, "enterpriseToEbitda": 19.995}, "industryTrend": {"maxAge": 1, "symbol": null, "estimates": []}, "quoteType": {"exchange": "NSI", "quoteType": "EQUITY", "symbol": "LUXIND.NS", "underlyingSymbol": "LUXIND.NS", "shortName": "LUX INDUSTRIES LTD", "longName": "Lux Industries Limited", "firstTradeDateEpochUtc": "2015-12-01 09:15:00", "timeZoneFullName": "Asia/Kolkata", "timeZoneShortName": "IST", "uuid": "aea8311f-1e1b-395a-b8ee-4b47e6db9aec", "gmtOffSetMilliseconds": 19800000, "maxAge": 1}, "incomeStatementHistory": {"incomeStatementHistory": [{"maxAge": 1, "endDate": "2020-03-31", "totalRevenue": 12061280000, "costOfRevenue": 5285949000, "grossProfit": 6775331000, "researchDevelopment": {}, "sellingGeneralAdministrative": 1412434000, "nonRecurring": {}, "otherOperatingExpenses": 3495851000, "totalOperatingExpenses": 10321385000, "operatingIncome": 1739895000, "totalOtherIncomeExpenseNet": -105422000, "ebit": 1739895000, "interestExpense": -115573000, "incomeBeforeTax": 1634473000, "incomeTaxExpense": 409645000, "minorityInterest": -27631000, "netIncomeFromContinuingOps": 1224828000, "discontinuedOperations": {}, "extraordinaryItems": {}, "effectOfAccountingCharges": {}, "otherItems": {}, "netIncome": 1228866000, "netIncomeApplicableToCommonShares": 1228866000}, {"maxAge": 1, "endDate": "2019-03-31", "totalRevenue": 12070477000, "costOfRevenue": 5770595000, "grossProfit": 6299882000, "researchDevelopment": {}, "sellingGeneralAdministrative": 1384694000, "nonRecurring": {}, "otherOperatingExpenses": 3135903000, "totalOperatingExpenses": 10403643000, "operatingIncome": 1666834000, "totalOtherIncomeExpenseNet": -145709000, "ebit": 1666834000, "interestExpense": -218995000, "incomeBeforeTax": 1521125000, "incomeTaxExpense": 533184000, "minorityInterest": 942000, "netIncomeFromContinuingOps": 987941000, "discontinuedOperations": {}, "extraordinaryItems": {}, "effectOfAccountingCharges": {}, "otherItems": {}, "netIncome": 987984000, "netIncomeApplicableToCommonShares": 987984000}, {"maxAge": 1, "endDate": "2018-03-31", "totalRevenue": 10775051000, "costOfRevenue": 4868693000, "grossProfit": 5906358000, "researchDevelopment": {}, "sellingGeneralAdministrative": 1479231000, "nonRecurring": {}, "otherOperatingExpenses": 2883369000, "totalOperatingExpenses": 9327552000, "operatingIncome": 1447499000, "totalOtherIncomeExpenseNet": -237286000, "ebit": 1447499000, "interestExpense": -242746000, "incomeBeforeTax": 1210213000, "incomeTaxExpense": 431416000, "minorityInterest": 942000, "netIncomeFromContinuingOps": 778797000, "discontinuedOperations": {}, "extraordinaryItems": {}, "effectOfAccountingCharges": {}, "otherItems": {}, "netIncome": 778797000, "netIncomeApplicableToCommonShares": 778797000}, {"maxAge": 1, "endDate": "2017-03-31", "totalRevenue": 9715621000, "costOfRevenue": 4215220000, "grossProfit": 5500401000, "researchDevelopment": {}, "sellingGeneralAdministrative": 1027454000, "nonRecurring": {}, "otherOperatingExpenses": 3237246000, "totalOperatingExpenses": 8550755000, "operatingIncome": 1164866000, "totalOtherIncomeExpenseNet": -202174000, "ebit": 1164866000, "interestExpense": -150447000, "incomeBeforeTax": 962692000, "incomeTaxExpense": 334214000, "minorityInterest": 942000, "netIncomeFromContinuingOps": 628478000, "discontinuedOperations": {}, "extraordinaryItems": {}, "effectOfAccountingCharges": {}, "otherItems": {}, "netIncome": 628478000, "netIncomeApplicableToCommonShares": 628478000}], "maxAge": 86400}, "fundOwnership": {"ownershipList": [{"maxAge": 1, "reportDate": "2021-01-31", "organization": "DFA Emerging Markets Core Equity Portfolio", "pctHeld": 0.0021, "position": 53130, "value": 87058818}, {"maxAge": 1, "reportDate": "2021-03-31", "organization": "SPDR Portfolio Emerging Markets ETF", "pctHeld": 0.0018000001, "position": 46672, "value": 81598991}, {"maxAge": 1, "reportDate": "2021-01-31", "organization": "DFA Emerging Markets Small Cap Series", "pctHeld": 0.0014, "position": 34657, "value": 56788960}, {"maxAge": 1, "reportDate": "2021-02-28", "organization": "WisdomTree Tr-WisdomTree India Earnings Fd", "pctHeld": 0.0002, "position": 5292, "value": 9166802}, {"maxAge": 1, "reportDate": "2021-03-31", "organization": "SPDR (R) Idx Shares-SPDR (R) Emerging Markets Small Cap ETF", "pctHeld": 0.0001, "position": 2941, "value": 5141897}, {"maxAge": 1, "reportDate": "2021-01-31", "organization": "DFA Investment Dimensions-Emerging Markets Social Core Equity", "pctHeld": 0.0001, "position": 2738, "value": 4486486}, {"maxAge": 1, "reportDate": "2021-01-31", "organization": "DFA T.A. World Ex U.S. Core Equity Portfolio", "pctHeld": 0.0001, "position": 1750, "value": 2867550}, {"maxAge": 1, "reportDate": "2021-01-31", "organization": "DFA Investment Dimensions-World Ex U.S. Core Equity Port", "pctHeld": 0.0001, "position": 1387, "value": 2272738}, {"maxAge": 1, "reportDate": "2021-01-31", "organization": "DFA Emerging Markets Sustainability Core 1 Portfolio", "pctHeld": 0.0001, "position": 1356, "value": 2221941}], "maxAge": 1}, "summaryDetail": {"maxAge": 1, "priceHint": 2, "previousClose": 1893.2, "open": 1890.0, "dayLow": 1885.55, "dayHigh": 1950.0, "regularMarketPreviousClose": 1893.2, "regularMarketOpen": 1890.0, "regularMarketDayLow": 1885.55, "regularMarketDayHigh": 1950.0, "dividendRate": 12.5, "dividendYield": 0.0066000004, "exDividendDate": "2020-09-16 05:30:00", "payoutRatio": 0.1879, "fiveYearAvgDividendYield": 0.34, "beta": 0.656007, "trailingPE": 28.63896, "forwardPE": 38.3679, "volume": 211574, "regularMarketVolume": 211574, "averageVolume": 56842, "averageVolume10days": 238118, "averageDailyVolume10Day": 238118, "bid": 0.0, "ask": 0.0, "bidSize": 0, "askSize": 0, "marketCap": 48115802112, "fiftyTwoWeekLow": 840.0, "fiftyTwoWeekHigh": 1950.0, "priceToSalesTrailing12Months": 3.675683, "fiftyDayAverage": 1751.3544, "twoHundredDayAverage": 1592.4272, "trailingAnnualDividendRate": 2.5, "trailingAnnualDividendYield": 0.0013205155, "currency": "INR", "fromCurrency": null, "lastMarket": null, "algorithm": null, "tradeable": false}, "insiderHolders": {"holders": [{"maxAge": 1, "name": "Agarwal (Shilpa P)", "relation": "UNREPORTED", "url": "", "transactionDescription": "Other", "latestTransDate": "2016-04-08", "positionDirect": 10000, "positionDirectDate": "2016-04-08"}, {"maxAge": 1, "name": "Todi (Ashok Kumar)", "relation": "Promoter", "url": "", "transactionDescription": "Sale", "latestTransDate": "2019-12-23", "positionDirect": 3467834, "positionDirectDate": "2019-12-23"}, {"maxAge": 1, "name": "Todi (Bimla Devi)", "relation": "Promoter", "url": "", "transactionDescription": "Sale", "latestTransDate": "2019-12-23", "positionDirect": 3280000, "positionDirectDate": "2019-12-23"}, {"maxAge": 1, "name": "Todi (Neha)", "relation": "UNREPORTED", "url": "", "transactionDescription": "Other", "latestTransDate": "2016-04-08", "positionDirect": 10000, "positionDirectDate": "2016-04-08"}, {"maxAge": 1, "name": "Todi (Prabha Devi)", "relation": "Promoter", "url": "", "transactionDescription": "Sale", "latestTransDate": "2019-12-23", "positionDirect": 3623000, "positionDirectDate": "2019-12-23"}, {"maxAge": 1, "name": "Todi (Pradip Kumar)", "relation": "Promoter", "url": "", "transactionDescription": "Other", "latestTransDate": "2020-03-20", "positionDirect": 4226500, "positionDirectDate": "2020-03-20"}, {"maxAge": 1, "name": "Todi (Saket)", "relation": "UNREPORTED", "url": "", "transactionDescription": "Other", "latestTransDate": "2020-03-20", "positionDirect": 142000, "positionDirectDate": "2020-03-20"}, {"maxAge": 1, "name": "Todi (Shobha Devi)", "relation": "Promoter", "url": "", "transactionDescription": "Sale", "latestTransDate": "2019-12-23", "positionDirect": 2527500, "positionDirectDate": "2019-12-23"}, {"maxAge": 1, "name": "Todi (Udit)", "relation": "UNREPORTED", "url": "", "transactionDescription": "Other", "latestTransDate": "2016-04-08", "positionDirect": 37200, "positionDirectDate": "2016-04-08"}], "maxAge": 1}, "calendarEvents": {"maxAge": 1, "earnings": {"earningsDate": ["2021-05-30 05:30:S", "2021-05-31 05:30:S"], "revenueLow": 3226420000, "revenueHigh": 3226420000}, "exDividendDate": "2020-09-16 05:30:00"}, "upgradeDowngradeHistory": {"history": [], "maxAge": 86400}, "price": {"maxAge": 1, "regularMarketChangePercent": 0.0064177187, "regularMarketChange": 12.150024, "regularMarketTime": "2021-04-30 15:29:53", "priceHint": 2, "regularMarketPrice": 1905.35, "regularMarketDayHigh": 1950.0, "regularMarketDayLow": 1885.55, "regularMarketVolume": 211574, "averageDailyVolume10Day": 238118, "averageDailyVolume3Month": 56842, "regularMarketPreviousClose": 1893.2, "regularMarketSource": "FREE_REALTIME", "regularMarketOpen": 1890.0, "exchange": "NSI", "exchangeName": "NSE", "exchangeDataDelayedBy": 15, "marketState": "CLOSED", "quoteType": "EQUITY", "symbol": "LUXIND.NS", "underlyingSymbol": null, "shortName": "LUX INDUSTRIES LTD", "longName": "Lux Industries Limited", "currency": "INR", "quoteSourceName": "Delayed Quote", "currencySymbol": "\u20b9", "fromCurrency": null, "lastMarket": null, "marketCap": 48115802112}, "balanceSheetHistory": {"balanceSheetStatements": [{"maxAge": 1, "endDate": "2020-03-31", "cash": 13097000, "netReceivables": 3185035000, "inventory": 3316583000, "otherCurrentAssets": 427492000, "totalCurrentAssets": 6949520000, "longTermInvestments": 44206000, "propertyPlantEquipment": 1415827000, "intangibleAssets": 2124000, "otherAssets": 66825000, "totalAssets": 8478502000, "accountsPayable": 1481377000, "shortLongTermDebt": 27830000, "otherCurrentLiab": 362331000, "longTermDebt": 69039000, "otherLiab": 93071000, "minorityInterest": -27631000, "totalCurrentLiabilities": 3265262000, "totalLiab": 3551039000, "commonStock": 50506000, "retainedEarnings": 4279288000, "treasuryStock": 559942000, "capitalSurplus": 65358000, "otherStockholderEquity": 559942000, "totalStockholderEquity": 4955094000, "netTangibleAssets": 4952970000}, {"maxAge": 1, "endDate": "2019-03-31", "cash": 19362000, "shortTermInvestments": 26916000, "netReceivables": 3732227000, "inventory": 2534222000, "otherCurrentAssets": 313074000, "totalCurrentAssets": 6610109000, "longTermInvestments": 45101000, "propertyPlantEquipment": 1323494000, "intangibleAssets": 4417000, "otherAssets": 33150000, "totalAssets": 8016271000, "accountsPayable": 1632911000, "shortLongTermDebt": 32075000, "otherCurrentLiab": 333872000, "longTermDebt": 52872000, "otherLiab": 104584000, "minorityInterest": 942000, "totalCurrentLiabilities": 3743765000, "totalLiab": 3901221000, "commonStock": 50506000, "retainedEarnings": 3436838000, "treasuryStock": 561406000, "capitalSurplus": 65358000, "otherStockholderEquity": 561406000, "totalStockholderEquity": 4114108000, "netTangibleAssets": 4109691000}, {"maxAge": 1, "endDate": "2018-03-31", "cash": 21124000, "netReceivables": 3982000000, "inventory": 2991763000, "otherCurrentAssets": 353029000, "totalCurrentAssets": 7361337000, "longTermInvestments": 8451000, "propertyPlantEquipment": 1305888000, "intangibleAssets": 10630000, "otherAssets": 34339000, "totalAssets": 8720645000, "accountsPayable": 1885908000, "shortLongTermDebt": 77331000, "otherCurrentLiab": 247363000, "longTermDebt": 49286000, "otherLiab": 84872000, "totalCurrentLiabilities": 5400248000, "totalLiab": 5534406000, "commonStock": 50506000, "retainedEarnings": 2509740000, "treasuryStock": 560635000, "capitalSurplus": 65358000, "otherStockholderEquity": 560635000, "totalStockholderEquity": 3186239000, "netTangibleAssets": 3175609000}, {"maxAge": 1, "endDate": "2017-03-31", "cash": 70990000, "netReceivables": 2894438000, "inventory": 2327534000, "otherCurrentAssets": 219097000, "totalCurrentAssets": 5570365000, "longTermInvestments": 9121000, "propertyPlantEquipment": 1223948000, "intangibleAssets": 11390000, "otherAssets": 22656000, "totalAssets": 6837480000, "accountsPayable": 1202987000, "shortLongTermDebt": 152567000, "otherCurrentLiab": 158745000, "longTermDebt": 382835000, "otherLiab": 49338000, "totalCurrentLiabilities": 3428320000, "totalLiab": 3860493000, "commonStock": 50506000, "retainedEarnings": 2298631000, "treasuryStock": 2492000, "capitalSurplus": 65358000, "otherStockholderEquity": 2492000, "totalStockholderEquity": 2416987000, "netTangibleAssets": 2405597000}], "maxAge": 86400}, "earningsTrend": {"trend": [{"maxAge": 1, "period": "0q", "endDate": "2018-06-30", "growth": {}, "earningsEstimate": {"avg": 0.0, "low": 0.0, "high": 0.0, "yearAgoEps": {}, "numberOfAnalysts": 0, "growth": {}}, "revenueEstimate": {"avg": 0, "low": 3226420000, "high": 3226420000, "numberOfAnalysts": 1, "yearAgoRevenue": {}, "growth": {}}, "epsTrend": {"current": 0.0, "7daysAgo": 10.11, "30daysAgo": 10.11, "60daysAgo": 10.11, "90daysAgo": 10.11}, "epsRevisions": {"upLast7days": 0, "upLast30days": 0, "downLast30days": 0, "downLast90days": {}}}, {"maxAge": 1, "period": "+1q", "endDate": "2018-09-30", "growth": {}, "earningsEstimate": {"avg": 0.0, "low": 0.0, "high": 0.0, "yearAgoEps": {}, "numberOfAnalysts": 0, "growth": {}}, "revenueEstimate": {"avg": 0, "low": 0, "high": 0, "numberOfAnalysts": 0, "yearAgoRevenue": {}, "growth": {}}, "epsTrend": {"current": 0.0, "7daysAgo": 0.0, "30daysAgo": 0.0, "60daysAgo": 0.0, "90daysAgo": 0.0}, "epsRevisions": {"upLast7days": 0, "upLast30days": 0, "downLast30days": 0, "downLast90days": {}}}, {"maxAge": 1, "period": "0y", "endDate": "2019-03-31", "growth": {}, "earningsEstimate": {"avg": 0.0, "low": 0.0, "high": 0.0, "yearAgoEps": {}, "numberOfAnalysts": 0, "growth": {}}, "revenueEstimate": {"avg": 13220500000, "low": 13197900000, "high": 13243000000, "numberOfAnalysts": 2, "yearAgoRevenue": 11377500000, "growth": 0.162}, "epsTrend": {"current": 0.0, "7daysAgo": 38.19, "30daysAgo": 38.19, "60daysAgo": 38.19, "90daysAgo": 38.19}, "epsRevisions": {"upLast7days": 0, "upLast30days": 0, "downLast30days": 0, "downLast90days": {}}}, {"maxAge": 1, "period": "+1y", "endDate": "2020-03-31", "growth": {}, "earningsEstimate": {"avg": 0.0, "low": 0.0, "high": 0.0, "yearAgoEps": {}, "numberOfAnalysts": 0, "growth": {}}, "revenueEstimate": {"avg": 16025700000, "low": 15422000000, "high": 16629400000, "numberOfAnalysts": 2, "yearAgoRevenue": 13220500000, "growth": 0.21200001}, "epsTrend": {"current": 0.0, "7daysAgo": 49.66, "30daysAgo": 49.66, "60daysAgo": 49.66, "90daysAgo": 49.66}, "epsRevisions": {"upLast7days": 0, "upLast30days": 0, "downLast30days": 0, "downLast90days": {}}}, {"maxAge": 1, "period": "+5y", "endDate": null, "growth": {}, "earningsEstimate": {"avg": {}, "low": {}, "high": {}, "yearAgoEps": {}, "numberOfAnalysts": {}, "growth": {}}, "revenueEstimate": {"avg": {}, "low": {}, "high": {}, "numberOfAnalysts": {}, "yearAgoRevenue": {}, "growth": {}}, "epsTrend": {"current": {}, "7daysAgo": {}, "30daysAgo": {}, "60daysAgo": {}, "90daysAgo": {}}, "epsRevisions": {"upLast7days": {}, "upLast30days": {}, "downLast30days": {}, "downLast90days": {}}}, {"maxAge": 1, "period": "-5y", "endDate": null, "growth": {}, "earningsEstimate": {"avg": {}, "low": {}, "high": {}, "yearAgoEps": {}, "numberOfAnalysts": {}, "growth": {}}, "revenueEstimate": {"avg": {}, "low": {}, "high": {}, "numberOfAnalysts": {}, "yearAgoRevenue": {}, "growth": {}}, "epsTrend": {"current": {}, "7daysAgo": {}, "30daysAgo": {}, "60daysAgo": {}, "90daysAgo": {}}, "epsRevisions": {"upLast7days": {}, "upLast30days": {}, "downLast30days": {}, "downLast90days": {}}}], "maxAge": 1}, "institutionOwnership": {"ownershipList": [], "maxAge": 1}, "majorHoldersBreakdown": {"maxAge": 1, "insidersPercentHeld": 0.74671, "institutionsPercentHeld": 0.13024999, "institutionsFloatPercentHeld": 0.51423, "institutionsCount": 14}, "balanceSheetHistoryQuarterly": {"balanceSheetStatements": [{"maxAge": 1, "endDate": "2020-12-31", "totalStockholderEquity": 5715191000, "netTangibleAssets": 5713799000}, {"maxAge": 1, "endDate": "2020-09-30", "cash": 871826000, "shortTermInvestments": 248936000, "netReceivables": 2910152000, "inventory": 3021601000, "otherCurrentAssets": 452731000, "totalCurrentAssets": 7505246000, "longTermInvestments": 78485000, "propertyPlantEquipment": 1449285000, "intangibleAssets": 1392000, "otherAssets": 21236000, "totalAssets": 9055644000, "accountsPayable": 1793847000, "otherCurrentLiab": 540361000, "longTermDebt": 110001000, "otherLiab": 93503000, "minorityInterest": -36835000, "totalCurrentLiabilities": 3065744000, "totalLiab": 3377288000, "commonStock": 52998000, "treasuryStock": 5662193000, "otherStockholderEquity": 5662193000, "totalStockholderEquity": 5715191000, "netTangibleAssets": 5713799000}, {"maxAge": 1, "endDate": "2020-06-30", "totalStockholderEquity": 4955094000, "netTangibleAssets": 4952970000}, {"maxAge": 1, "endDate": "2020-03-31", "cash": 13097000, "netReceivables": 3185035000, "inventory": 3316583000, "otherCurrentAssets": 427492000, "totalCurrentAssets": 6949520000, "longTermInvestments": 44206000, "propertyPlantEquipment": 1415827000, "intangibleAssets": 2124000, "otherAssets": 66825000, "totalAssets": 8478502000, "accountsPayable": 1481377000, "shortLongTermDebt": 27830000, "otherCurrentLiab": 362331000, "longTermDebt": 69039000, "otherLiab": 93071000, "minorityInterest": -27631000, "totalCurrentLiabilities": 3265262000, "totalLiab": 3551039000, "commonStock": 50506000, "retainedEarnings": 4279288000, "treasuryStock": 559942000, "capitalSurplus": 65358000, "otherStockholderEquity": 559942000, "totalStockholderEquity": 4955094000, "netTangibleAssets": 4952970000}], "maxAge": 86400}, "earningsHistory": {"history": [{"maxAge": 1, "epsActual": {}, "epsEstimate": {}, "epsDifference": {}, "surprisePercent": {}, "quarter": {}, "period": "-4q"}, {"maxAge": 1, "epsActual": {}, "epsEstimate": {}, "epsDifference": {}, "surprisePercent": {}, "quarter": {}, "period": "-3q"}, {"maxAge": 1, "epsActual": {}, "epsEstimate": {}, "epsDifference": {}, "surprisePercent": {}, "quarter": {}, "period": "-2q"}, {"maxAge": 1, "epsActual": 12.58, "epsEstimate": 8.96, "epsDifference": 3.62, "surprisePercent": 0.404, "quarter": "2018-03-31", "period": "-1q"}], "maxAge": 86400}, "summaryProfile": {"address1": "PS Srijan Tech Park", "address2": "10th Floor DN -52, Sector-V Salt Lake City", "city": "Kolkata", "zip": "700091", "country": "India", "phone": "91 33 4040 2121", "fax": "91 33 4001 2001", "website": "http://www.luxinnerwear.com", "industry": "Apparel Manufacturing", "sector": "Consumer Cyclical", "longBusinessSummary": "Lux Industries Limited manufactures and sells knitwear in India. The company primarily offers vests, briefs, boxers, T-shirts, shirts, shorts, winter wear, panties, racer backs, camisole straps, and slips under the Lux Venus, Lux Classic, Lux Karishma, Lux Touch, GenX, Lux Cozi, Lux Cozi Big Shot, Lux Cott's Wool, Lux Inferno, Lux Mozze, ONN, Lyra, Lux Cozi GLO, Lux Cozi Her, Lux Venus Classic, and One8 for men, women, and children. It also exports its products. The company was formerly known as Biswanath Hosiery Mills and changed its name to Lux Industries Limited in 1995. Lux Industries Limited was founded in 1957 and is headquartered in Kolkata, India.", "fullTimeEmployees": 1561, "companyOfficers": [], "maxAge": 86400}, "netSharePurchaseActivity": {"maxAge": 1, "period": "6m", "buyInfoCount": 0, "buyInfoShares": 0, "sellInfoCount": 0, "netInfoCount": 0, "netInfoShares": 0, "netPercentInsiderShares": 0.0, "totalInsiderShares": 18856668}, "insiderTransactions": {"transactions": [{"maxAge": 1, "shares": 6000, "filerUrl": "", "transactionText": "", "filerName": "Todi (Pradip Kumar)", "filerRelation": "Promoter", "moneyText": "", "startDate": "2020-03-20", "ownership": "D"}, {"maxAge": 1, "shares": 114800, "filerUrl": "", "transactionText": "", "filerName": "Todi (Saket)", "filerRelation": "UNREPORTED", "moneyText": "", "startDate": "2020-03-20", "ownership": "D"}, {"maxAge": 1, "shares": 2878400, "filerUrl": "", "transactionText": "", "filerName": "Todi (Prabha Devi)", "filerRelation": "Promoter", "moneyText": "", "startDate": "2019-12-23", "ownership": "D"}, {"maxAge": 1, "shares": 250000, "filerUrl": "", "transactionText": "", "filerName": "Todi (Pradip Kumar)", "filerRelation": "Promoter", "moneyText": "", "startDate": "2019-12-23", "ownership": "D"}, {"maxAge": 1, "shares": 225000, "filerUrl": "", "transactionText": "", "filerName": "Todi (Bimla Devi)", "filerRelation": "Promoter", "moneyText": "", "startDate": "2019-12-23", "ownership": "D"}, {"maxAge": 1, "shares": 225000, "filerUrl": "", "transactionText": "", "filerName": "Todi (Shobha Devi)", "filerRelation": "Promoter", "moneyText": "", "startDate": "2019-12-23", "ownership": "D"}, {"maxAge": 1, "shares": 262166, "filerUrl": "", "transactionText": "", "filerName": "Todi (Ashok Kumar)", "filerRelation": "Promoter", "moneyText": "", "startDate": "2019-12-23", "ownership": "D"}, {"maxAge": 1, "shares": 84400, "filerUrl": "", "transactionText": "", "filerName": "Todi (Prabha Devi)", "filerRelation": "Director", "moneyText": "", "startDate": "2016-04-08", "ownership": "D"}, {"maxAge": 1, "shares": 27200, "filerUrl": "", "transactionText": "", "filerName": "Todi (Saket)", "filerRelation": "UNREPORTED", "moneyText": "", "startDate": "2016-04-08", "ownership": "D"}, {"maxAge": 1, "shares": 10000, "filerUrl": "", "transactionText": "", "filerName": "Todi (Neha)", "filerRelation": "UNREPORTED", "moneyText": "", "startDate": "2016-04-08", "ownership": "D"}, {"maxAge": 1, "shares": 37200, "filerUrl": "", "transactionText": "", "filerName": "Todi (Udit)", "filerRelation": "UNREPORTED", "moneyText": "", "startDate": "2016-04-08", "ownership": "D"}, {"maxAge": 1, "shares": 10000, "filerUrl": "", "transactionText": "", "filerName": "Agarwal (Shilpa P)", "filerRelation": "UNREPORTED", "moneyText": "", "startDate": "2016-04-08", "ownership": "D"}], "maxAge": 1}, "sectorTrend": {"maxAge": 1, "symbol": null, "estimates": []}, "incomeStatementHistoryQuarterly": {"incomeStatementHistory": [{"maxAge": 1, "endDate": "2020-12-31", "totalRevenue": 3917891000, "costOfRevenue": 2544505000, "grossProfit": 1373386000, "researchDevelopment": {}, "sellingGeneralAdministrative": 146001000, "nonRecurring": {}, "otherOperatingExpenses": 436569000, "totalOperatingExpenses": 3163122000, "operatingIncome": 754769000, "totalOtherIncomeExpenseNet": -6913000, "ebit": 754769000, "interestExpense": -18151000, "incomeBeforeTax": 747856000, "incomeTaxExpense": 196769000, "minorityInterest": {}, "netIncomeFromContinuingOps": 551087000, "discontinuedOperations": {}, "extraordinaryItems": {}, "effectOfAccountingCharges": {}, "otherItems": {}, "netIncome": 554486000, "netIncomeApplicableToCommonShares": 554486000}, {"maxAge": 1, "endDate": "2020-09-30", "totalRevenue": 3854618000, "costOfRevenue": 2632285000, "grossProfit": 1222333000, "researchDevelopment": {}, "sellingGeneralAdministrative": 127049000, "nonRecurring": {}, "otherOperatingExpenses": 376296000, "totalOperatingExpenses": 3170878000, "operatingIncome": 683740000, "totalOtherIncomeExpenseNet": 540000, "ebit": 683740000, "interestExpense": -22789000, "incomeBeforeTax": 684280000, "incomeTaxExpense": 177391000, "minorityInterest": -36835000, "netIncomeFromContinuingOps": 506889000, "discontinuedOperations": {}, "extraordinaryItems": {}, "effectOfAccountingCharges": {}, "otherItems": {}, "netIncome": 512038000, "netIncomeApplicableToCommonShares": 512038000}, {"maxAge": 1, "endDate": "2020-06-30", "totalRevenue": 2456099000, "costOfRevenue": 1713000000, "grossProfit": 743099000, "researchDevelopment": {}, "sellingGeneralAdministrative": 88512000, "nonRecurring": {}, "otherOperatingExpenses": 200046000, "totalOperatingExpenses": 2037298000, "operatingIncome": 418801000, "totalOtherIncomeExpenseNet": -12060000, "ebit": 418801000, "interestExpense": -27951000, "incomeBeforeTax": 406741000, "incomeTaxExpense": 98872000, "minorityInterest": -36835000, "netIncomeFromContinuingOps": 307869000, "discontinuedOperations": {}, "extraordinaryItems": {}, "effectOfAccountingCharges": {}, "otherItems": {}, "netIncome": 311923000, "netIncomeApplicableToCommonShares": 311923000}, {"maxAge": 1, "endDate": "2020-03-31", "totalRevenue": 2861694000, "costOfRevenue": -788378000, "grossProfit": 3650072000, "researchDevelopment": {}, "sellingGeneralAdministrative": 1043685000, "nonRecurring": {}, "otherOperatingExpenses": 2145387000, "totalOperatingExpenses": 2435853000, "operatingIncome": 425841000, "totalOtherIncomeExpenseNet": -16922000, "ebit": 425841000, "interestExpense": -10152000, "incomeBeforeTax": 408919000, "incomeTaxExpense": 111125000, "minorityInterest": -27631000, "netIncomeFromContinuingOps": 297794000, "discontinuedOperations": {}, "extraordinaryItems": {}, "effectOfAccountingCharges": {}, "otherItems": {}, "netIncome": 301541000, "netIncomeApplicableToCommonShares": 301541000}], "maxAge": 86400}, "cashflowStatementHistoryQuarterly": {"cashflowStatements": [{"maxAge": 1, "endDate": "2020-12-31", "netIncome": 554486000, "changeToLiabilities": 0}, {"maxAge": 1, "endDate": "2020-09-30", "netIncome": 512038000, "changeToLiabilities": 0}, {"maxAge": 1, "endDate": "2020-06-30", "netIncome": 311923000, "changeToLiabilities": 0}, {"maxAge": 1, "endDate": "2020-03-31", "netIncome": 301541000, "changeToLiabilities": 0}], "maxAge": 86400}, "earnings": {"maxAge": 86400, "earningsChart": {"quarterly": [{"date": "1Q2018", "actual": 12.58, "estimate": 8.96}], "currentQuarterEstimateDate": "2Q", "currentQuarterEstimateYear": 2018, "earningsDate": ["2021-05-30 05:30:S", "2021-05-31 05:30:S"]}, "financialsChart": {"yearly": [{"date": 2017, "revenue": 9715621000, "earnings": 628478000}, {"date": 2018, "revenue": 10775051000, "earnings": 778797000}, {"date": 2019, "revenue": 12070477000, "earnings": 987984000}, {"date": 2020, "revenue": 12061280000, "earnings": 1228866000}], "quarterly": [{"date": "1Q2020", "revenue": 2861694000, "earnings": 301541000}, {"date": "2Q2020", "revenue": 2456099000, "earnings": 311923000}, {"date": "3Q2020", "revenue": 3854618000, "earnings": 512038000}, {"date": "4Q2020", "revenue": 3917891000, "earnings": 554486000}]}, "financialCurrency": "INR"}, "financialData": {"maxAge": 86400, "currentPrice": 1905.35, "targetHighPrice": 2300.0, "targetLowPrice": 2300.0, "targetMeanPrice": 2300.0, "targetMedianPrice": 2300.0, "recommendationKey": "none", "numberOfAnalystOpinions": 1, "totalCash": 1120761984, "totalCashPerShare": 44.381, "ebitda": 2395639296, "totalDebt": 941907008, "totalRevenue": 13090301952, "debtToEquity": 16.588, "revenuePerShare": 518.413, "grossProfits": 6775331000, "earningsGrowth": 0.662, "revenueGrowth": 0.286, "grossMargins": 0.5339, "ebitdaMargins": 0.18301001, "operatingMargins": 0.17442, "profitMargins": 0.12833999, "financialCurrency": "INR"}}}