{"LWSKNIT.BO": {"cashflowStatementHistory": {"cashflowStatements": [{"maxAge": 1, "endDate": "2020-03-31", "netIncome": 1678369, "depreciation": 1016792, "changeToNetincome": 6947, "changeToAccountReceivables": 22854792, "changeToLiabilities": 0, "changeToInventory": -11828393, "changeToOperatingActivities": 4191628, "totalCashFromOperatingActivities": 17920133, "investments": -1104231, "otherCashflowsFromInvestingActivities": -18961596, "totalCashflowsFromInvestingActivities": -20065827, "netBorrowings": -1193487, "otherCashflowsFromFinancingActivities": -47000, "totalCashFromFinancingActivities": -1240487, "changeInCash": -3386180}, {"maxAge": 1, "endDate": "2019-03-31", "netIncome": 4445252, "depreciation": 1015991, "changeToNetincome": 47610, "changeToAccountReceivables": -44781650, "changeToLiabilities": 0, "changeToInventory": 4197308, "changeToOperatingActivities": 13694771, "totalCashFromOperatingActivities": -21380720, "investments": -2107031, "otherCashflowsFromInvestingActivities": 23919039, "totalCashflowsFromInvestingActivities": 21812008, "netBorrowings": 1266957, "otherCashflowsFromFinancingActivities": 52700, "totalCashFromFinancingActivities": 1319657, "changeInCash": 1750946}, {"maxAge": 1, "endDate": "2018-03-31", "netIncome": 1001518, "depreciation": 642179, "changeToNetincome": -3300000, "changeToAccountReceivables": 13994754, "changeToLiabilities": 0, "changeToInventory": -24409287, "changeToOperatingActivities": 50694332, "totalCashFromOperatingActivities": 38716374, "capitalExpenditures": -6534836, "investments": 30632273, "otherCashflowsFromInvestingActivities": -16541547, "totalCashflowsFromInvestingActivities": 7555890, "netBorrowings": -44340962, "otherCashflowsFromFinancingActivities": 120400, "totalCashFromFinancingActivities": -44220562, "changeInCash": 2051701}, {"maxAge": 1, "endDate": "2017-03-31", "netIncome": 768656, "depreciation": 236057, "changeToNetincome": -3300000, "changeToAccountReceivables": -58984441, "changeToLiabilities": 0, "changeToInventory": 25273486, "changeToOperatingActivities": -8722493, "totalCashFromOperatingActivities": -41428738, "capitalExpenditures": -62792, "investments": -7374483, "otherCashflowsFromInvestingActivities": -777200, "totalCashflowsFromInvestingActivities": -6065385, "netBorrowings": 44179323, "otherCashflowsFromFinancingActivities": 6200, "totalCashFromFinancingActivities": 44185523, "changeInCash": -3308598}], "maxAge": 86400}, "institutionOwnership": {"maxAge": 1, "ownershipList": []}, "balanceSheetHistoryQuarterly": {"balanceSheetStatements": [{"maxAge": 1, "endDate": "2020-06-30", "totalStockholderEquity": 100000000, "netTangibleAssets": 100000000}, {"maxAge": 1, "endDate": "2020-03-31", "cash": 577810, "netReceivables": 107343255, "inventory": 45125063, "totalCurrentAssets": 153046128, "longTermInvestments": 34700546, "propertyPlantEquipment": 5869076, "otherAssets": 35163343, "totalAssets": 228779093, "accountsPayable": 122697210, "otherCurrentLiab": 796000, "longTermDebt": 4808350, "otherLiab": 299097, "totalCurrentLiabilities": 123651227, "totalLiab": 128758674, "commonStock": 50584000, "retainedEarnings": 47436419, "capitalSurplus": 2000000, "totalStockholderEquity": 100020419, "netTangibleAssets": 100020419}, {"maxAge": 1, "endDate": "2019-12-31", "totalStockholderEquity": 99400000, "netTangibleAssets": 99400000}, {"maxAge": 1, "endDate": "2019-09-30", "cash": 3300000, "netReceivables": 160400000, "inventory": 38400000, "totalCurrentAssets": 202100000, "longTermInvestments": 34700000, "propertyPlantEquipment": 6400000, "otherAssets": 17900000, "totalAssets": 261100000, "accountsPayable": 153200000, "otherCurrentLiab": 300000, "longTermDebt": 5400000, "otherLiab": 500000, "totalCurrentLiabilities": 155800000, "totalLiab": 161700000, "commonStock": 50600000, "treasuryStock": 48800000, "otherStockholderEquity": 48800000, "totalStockholderEquity": 99400000, "netTangibleAssets": 99400000}], "maxAge": 86400}, "indexTrend": {"maxAge": 1, "symbol": "SP5", "peRatio": 19.7411, "pegRatio": 1.34172, "estimates": [{"period": "0q", "growth": 0.549}, {"period": "+1q", "growth": 0.431}, {"period": "0y", "growth": 0.305}, {"period": "+1y", "growth": 0.109}, {"period": "+5y", "growth": 0.120859005}, {"period": "-5y"}]}, "quoteType": {"exchange": "BSE", "quoteType": "EQUITY", "symbol": "LWSKNIT.BO", "underlyingSymbol": "LWSKNIT.BO", "shortName": "LWS KNITWEAR LTD.", "longName": "LWS Knitwear Limited", "firstTradeDateEpochUtc": "2011-09-05 09:15:00", "timeZoneFullName": "Asia/Kolkata", "timeZoneShortName": "IST", "uuid": "5adbde89-3752-3665-ace5-59c4562d96dc", "messageBoardId": null, "gmtOffSetMilliseconds": 19800000, "maxAge": 1}, "incomeStatementHistory": {"incomeStatementHistory": [{"maxAge": 1, "endDate": "2020-03-31", "totalRevenue": 290063608, "costOfRevenue": 283447020, "grossProfit": 6616588, "researchDevelopment": {}, "sellingGeneralAdministrative": 548528, "nonRecurring": {}, "otherOperatingExpenses": 2027075, "totalOperatingExpenses": 287039415, "operatingIncome": 3024193, "totalOtherIncomeExpenseNet": -596824, "ebit": 3024193, "interestExpense": -590710, "incomeBeforeTax": 2427369, "incomeTaxExpense": 749000, "minorityInterest": {}, "netIncomeFromContinuingOps": 1678369, "discontinuedOperations": {}, "extraordinaryItems": {}, "effectOfAccountingCharges": {}, "otherItems": {}, "netIncome": 1678369, "netIncomeApplicableToCommonShares": 1678369}, {"maxAge": 1, "endDate": "2019-03-31", "totalRevenue": 543707544, "costOfRevenue": 533347248, "grossProfit": 10360296, "researchDevelopment": {}, "sellingGeneralAdministrative": 410760, "nonRecurring": {}, "otherOperatingExpenses": 1880963, "totalOperatingExpenses": 536654962, "operatingIncome": 7052582, "totalOtherIncomeExpenseNet": -546630, "ebit": 7052582, "interestExpense": -525180, "incomeBeforeTax": 6505952, "incomeTaxExpense": 2060700, "minorityInterest": {}, "netIncomeFromContinuingOps": 4445252, "discontinuedOperations": {}, "extraordinaryItems": {}, "effectOfAccountingCharges": {}, "otherItems": {}, "netIncome": 4445252, "netIncomeApplicableToCommonShares": 4445252}, {"maxAge": 1, "endDate": "2018-03-31", "totalRevenue": 303048541, "costOfRevenue": 297825548, "grossProfit": 5222993, "researchDevelopment": {}, "sellingGeneralAdministrative": 662102, "nonRecurring": {}, "otherOperatingExpenses": 1240762, "totalOperatingExpenses": 300370591, "operatingIncome": 2677950, "totalOtherIncomeExpenseNet": -1294382, "ebit": 2677950, "interestExpense": -1290546, "incomeBeforeTax": 1383568, "incomeTaxExpense": 382050, "minorityInterest": {}, "netIncomeFromContinuingOps": 1001518, "discontinuedOperations": {}, "extraordinaryItems": {}, "effectOfAccountingCharges": {}, "otherItems": {}, "netIncome": 1001518, "netIncomeApplicableToCommonShares": 1001518}, {"maxAge": 1, "endDate": "2017-03-31", "totalRevenue": 322328162, "costOfRevenue": 313723423, "grossProfit": 8604739, "researchDevelopment": {}, "sellingGeneralAdministrative": 1204575, "nonRecurring": {}, "otherOperatingExpenses": 1492311, "totalOperatingExpenses": 316656366, "operatingIncome": 5671796, "totalOtherIncomeExpenseNet": -4375880, "ebit": 5671796, "interestExpense": -4229951, "incomeBeforeTax": 1295916, "incomeTaxExpense": 527260, "minorityInterest": {}, "netIncomeFromContinuingOps": 768656, "discontinuedOperations": {}, "extraordinaryItems": {}, "effectOfAccountingCharges": {}, "otherItems": {}, "netIncome": 768656, "netIncomeApplicableToCommonShares": 768656}], "maxAge": 86400}, "fundOwnership": {"maxAge": 1, "ownershipList": []}, "summaryDetail": {"maxAge": 1, "priceHint": 2, "previousClose": 4.98, "open": 5.22, "dayLow": 5.22, "dayHigh": 5.22, "regularMarketPreviousClose": 4.98, "regularMarketOpen": 5.22, "regularMarketDayLow": 5.22, "regularMarketDayHigh": 5.22, "trailingPE": 15.81818, "volume": 5, "regularMarketVolume": 5, "averageVolume": 45, "averageVolume10days": 16, "averageDailyVolume10Day": 16, "bid": 3.93, "ask": 0.0, "bidSize": 0, "askSize": 0, "marketCap": 26404846, "fiftyTwoWeekLow": 1.8, "fiftyTwoWeekHigh": 5.22, "fiftyDayAverage": 2.254, "twoHundredDayAverage": 2.0083213, "currency": "INR", "fromCurrency": null, "toCurrency": null, "lastMarket": null, "algorithm": null, "tradeable": false}, "incomeStatementHistoryQuarterly": {"incomeStatementHistory": [{"maxAge": 1, "endDate": "2020-06-30", "totalRevenue": 18900000, "costOfRevenue": 17500000, "grossProfit": 1400000, "researchDevelopment": {}, "sellingGeneralAdministrative": 100000, "nonRecurring": {}, "otherOperatingExpenses": 400000, "totalOperatingExpenses": 18300000, "operatingIncome": 600000, "totalOtherIncomeExpenseNet": -200000, "ebit": 600000, "interestExpense": -200000, "incomeBeforeTax": 400000, "incomeTaxExpense": 100000, "minorityInterest": {}, "netIncomeFromContinuingOps": 300000, "discontinuedOperations": {}, "extraordinaryItems": {}, "effectOfAccountingCharges": {}, "otherItems": {}, "netIncome": 300000, "netIncomeApplicableToCommonShares": 300000}, {"maxAge": 1, "endDate": "2020-03-31", "totalRevenue": 159063608, "costOfRevenue": 156347020, "grossProfit": 2716588, "researchDevelopment": {}, "sellingGeneralAdministrative": 348528, "nonRecurring": {}, "otherOperatingExpenses": 1127075, "totalOperatingExpenses": 158039415, "operatingIncome": 1024193, "totalOtherIncomeExpenseNet": -396824, "ebit": 1024193, "interestExpense": -390710, "incomeBeforeTax": 627369, "incomeTaxExpense": 249000, "minorityInterest": {}, "netIncomeFromContinuingOps": 378369, "discontinuedOperations": {}, "extraordinaryItems": {}, "effectOfAccountingCharges": {}, "otherItems": {}, "netIncome": 378369, "netIncomeApplicableToCommonShares": 378369}, {"maxAge": 1, "endDate": "2019-12-31", "totalRevenue": 34800000, "costOfRevenue": 33900000, "grossProfit": 900000, "researchDevelopment": {}, "sellingGeneralAdministrative": 348528, "nonRecurring": {}, "otherOperatingExpenses": 200000, "totalOperatingExpenses": 34400000, "operatingIncome": 400000, "totalOtherIncomeExpenseNet": 0, "ebit": 400000, "interestExpense": -390710, "incomeBeforeTax": 400000, "incomeTaxExpense": 100000, "minorityInterest": {}, "netIncomeFromContinuingOps": 300000, "discontinuedOperations": {}, "extraordinaryItems": {}, "effectOfAccountingCharges": {}, "otherItems": {}, "netIncome": 300000, "netIncomeApplicableToCommonShares": 300000}, {"maxAge": 1, "endDate": "2019-09-30", "totalRevenue": 64700000, "costOfRevenue": 63100000, "grossProfit": 1600000, "researchDevelopment": {}, "sellingGeneralAdministrative": 100000, "nonRecurring": {}, "otherOperatingExpenses": 300000, "totalOperatingExpenses": 63700000, "operatingIncome": 1000000, "totalOtherIncomeExpenseNet": 0, "ebit": 1000000, "interestExpense": -390710, "incomeBeforeTax": 1000000, "incomeTaxExpense": 300000, "minorityInterest": {}, "netIncomeFromContinuingOps": 700000, "discontinuedOperations": {}, "extraordinaryItems": {}, "effectOfAccountingCharges": {}, "otherItems": {}, "netIncome": 700000, "netIncomeApplicableToCommonShares": 700000}], "maxAge": 86400}, "cashflowStatementHistoryQuarterly": {"cashflowStatements": [{"maxAge": 1, "endDate": "2020-06-30", "netIncome": 300000, "changeToLiabilities": 0}, {"maxAge": 1, "endDate": "2020-03-31", "netIncome": 378369, "changeToLiabilities": 0}, {"maxAge": 1, "endDate": "2019-12-31", "netIncome": 300000, "changeToLiabilities": 0}, {"maxAge": 1, "endDate": "2019-09-30", "netIncome": 700000, "changeToLiabilities": 0}], "maxAge": 86400}, "insiderHolders": {"holders": [], "maxAge": 1}, "calendarEvents": {"maxAge": 1, "earnings": {"earningsDate": []}}, "price": {"maxAge": 1, "regularMarketChangePercent": 0.048192725, "regularMarketChange": 0.23999977, "regularMarketTime": "2021-04-30 10:56:16", "priceHint": 2, "regularMarketPrice": 5.22, "regularMarketDayHigh": 5.22, "regularMarketDayLow": 5.22, "regularMarketVolume": 5, "averageDailyVolume10Day": 16, "averageDailyVolume3Month": 45, "regularMarketPreviousClose": 4.98, "regularMarketSource": "FREE_REALTIME", "regularMarketOpen": 5.22, "exchange": "BSE", "exchangeName": "BSE", "exchangeDataDelayedBy": 0, "marketState": "CLOSED", "quoteType": "EQUITY", "symbol": "LWSKNIT.BO", "underlyingSymbol": null, "shortName": "LWS KNITWEAR LTD.", "longName": "LWS Knitwear Limited", "currency": "INR", "quoteSourceName": "Delayed Quote", "currencySymbol": "\u20b9", "fromCurrency": null, "toCurrency": null, "lastMarket": null, "marketCap": 26404846}, "balanceSheetHistory": {"balanceSheetStatements": [{"maxAge": 1, "endDate": "2020-03-31", "cash": 577810, "netReceivables": 107343255, "inventory": 45125063, "totalCurrentAssets": 153046128, "longTermInvestments": 34700546, "propertyPlantEquipment": 5869076, "otherAssets": 35163343, "totalAssets": 228779093, "accountsPayable": 122697210, "otherCurrentLiab": 796000, "longTermDebt": 4808350, "otherLiab": 299097, "totalCurrentLiabilities": 123651227, "totalLiab": 128758674, "commonStock": 50584000, "retainedEarnings": 47436419, "capitalSurplus": 2000000, "totalStockholderEquity": 100020419, "netTangibleAssets": 100020419}, {"maxAge": 1, "endDate": "2019-03-31", "cash": 3963991, "netReceivables": 108188412, "inventory": 33296669, "totalCurrentAssets": 145449072, "longTermInvestments": 33596314, "propertyPlantEquipment": 6885868, "otherAssets": 16201747, "totalAssets": 202133001, "accountsPayable": 95258439, "otherCurrentLiab": 2008000, "longTermDebt": 6001838, "otherLiab": 346097, "totalCurrentLiabilities": 97449965, "totalLiab": 103797900, "commonStock": 50584000, "retainedEarnings": 45751104, "capitalSurplus": 2000000, "totalStockholderEquity": 98335104, "netTangibleAssets": 98335104}, {"maxAge": 1, "endDate": "2018-03-31", "cash": 2213045, "netReceivables": 63949523, "inventory": 37493978, "totalCurrentAssets": 103656546, "longTermInvestments": 31489283, "propertyPlantEquipment": 7899199, "otherAssets": 40120786, "totalAssets": 183165814, "accountsPayable": 83556543, "otherCurrentLiab": 261650, "longTermDebt": 4734881, "otherLiab": 293397, "totalCurrentLiabilities": 84297953, "totalLiab": 89326231, "commonStock": 50584000, "retainedEarnings": 41255584, "capitalSurplus": 2000000, "totalStockholderEquity": 93839584, "netTangibleAssets": 93839584}, {"maxAge": 1, "endDate": "2017-03-31", "cash": 161343, "netReceivables": 77100068, "inventory": 13084690, "otherCurrentAssets": 2997131, "totalCurrentAssets": 93343232, "longTermInvestments": 62121556, "propertyPlantEquipment": 2006543, "otherAssets": 23579239, "totalAssets": 181050570, "accountsPayable": 35233441, "otherCurrentLiab": 391340, "longTermDebt": 220415, "otherLiab": 172997, "totalCurrentLiabilities": 84611972, "totalLiab": 85005384, "commonStock": 50584000, "retainedEarnings": 43461187, "capitalSurplus": 2000000, "totalStockholderEquity": 96045187, "netTangibleAssets": 96045187}], "maxAge": 86400}, "financialData": {"maxAge": 86400, "currentPrice": 5.22, "recommendationKey": "none", "grossProfits": 6616588, "financialCurrency": "INR"}}}