{"LXMIATO.BO": {"cashflowStatementHistory": {"cashflowStatements": [{"maxAge": 1, "endDate": "2020-03-31", "netIncome": 33472000, "depreciation": 6225000, "changeToNetincome": -449000, "changeToAccountReceivables": 355000, "changeToLiabilities": -169000, "changeToInventory": 2919000, "changeToOperatingActivities": 9993000, "totalCashFromOperatingActivities": 52346000, "capitalExpenditures": -56360000, "investments": -18823000, "otherCashflowsFromInvestingActivities": 5417000, "totalCashflowsFromInvestingActivities": -69766000, "netBorrowings": 24881000, "otherCashflowsFromFinancingActivities": -5872000, "totalCashFromFinancingActivities": 19009000, "changeInCash": 1589000}, {"maxAge": 1, "endDate": "2019-03-31", "netIncome": 12583000, "depreciation": 4696000, "changeToNetincome": -1237000, "changeToAccountReceivables": -2310000, "changeToLiabilities": 74000, "changeToInventory": -1024000, "changeToOperatingActivities": 16697000, "totalCashFromOperatingActivities": 29479000, "capitalExpenditures": -18385000, "investments": -2494000, "otherCashflowsFromInvestingActivities": 2806000, "totalCashflowsFromInvestingActivities": -17065000, "netBorrowings": -10504000, "otherCashflowsFromFinancingActivities": -2039000, "totalCashFromFinancingActivities": -12543000, "changeInCash": -129000}, {"maxAge": 1, "endDate": "2018-03-31", "netIncome": 17289000, "depreciation": 3599000, "changeToNetincome": -5006000, "changeToAccountReceivables": 835000, "changeToLiabilities": -146000, "changeToInventory": -147000, "changeToOperatingActivities": 1009000, "totalCashFromOperatingActivities": 17433000, "capitalExpenditures": -37625000, "investments": 16825000, "otherCashflowsFromInvestingActivities": 4140000, "totalCashflowsFromInvestingActivities": -15722000, "netBorrowings": 20873000, "otherCashflowsFromFinancingActivities": -545000, "totalCashFromFinancingActivities": 328000, "changeInCash": 2039000}, {"maxAge": 1, "endDate": "2017-03-31", "netIncome": 4625000, "depreciation": 2996000, "changeToNetincome": -3834000, "changeToAccountReceivables": -3849000, "changeToLiabilities": -311000, "changeToInventory": 589000, "changeToOperatingActivities": -6897000, "totalCashFromOperatingActivities": -6681000, "capitalExpenditures": -10361000, "investments": 28991000, "otherCashflowsFromInvestingActivities": 6769000, "totalCashflowsFromInvestingActivities": 25399000, "netBorrowings": 4750000, "otherCashflowsFromFinancingActivities": -479000, "totalCashFromFinancingActivities": -20729000, "changeInCash": -2011000}], "maxAge": 86400}, "institutionOwnership": {"maxAge": 1, "ownershipList": []}, "balanceSheetHistoryQuarterly": {"balanceSheetStatements": [{"maxAge": 1, "endDate": "2020-06-30", "totalStockholderEquity": 135566000, "netTangibleAssets": 135566000}, {"maxAge": 1, "endDate": "2020-03-31", "cash": 4127000, "shortTermInvestments": 35285000, "netReceivables": 14197000, "inventory": 4206000, "otherCurrentAssets": 28497000, "totalCurrentAssets": 86785000, "propertyPlantEquipment": 20260000, "otherAssets": 137230000, "totalAssets": 244275000, "accountsPayable": 1254000, "shortLongTermDebt": 8577000, "otherCurrentLiab": 26999000, "longTermDebt": 33234000, "otherLiab": 20579000, "totalCurrentLiabilities": 48868000, "totalLiab": 108709000, "commonStock": 66875000, "retainedEarnings": -11266000, "treasuryStock": 45000000, "capitalSurplus": 34957000, "otherStockholderEquity": 45000000, "totalStockholderEquity": 135566000, "netTangibleAssets": 135566000}, {"maxAge": 1, "endDate": "2019-12-31", "totalStockholderEquity": 123159000, "netTangibleAssets": 123159000}, {"maxAge": 1, "endDate": "2019-09-30", "cash": 59528000, "netReceivables": 14805000, "inventory": 9073000, "otherCurrentAssets": 1910000, "totalCurrentAssets": 85316000, "propertyPlantEquipment": 69776000, "otherAssets": 76918000, "totalAssets": 232010000, "accountsPayable": 2701000, "otherCurrentLiab": 38398000, "longTermDebt": 29918000, "otherLiab": 34385000, "totalCurrentLiabilities": 44548000, "totalLiab": 108851000, "commonStock": 66875000, "treasuryStock": 56284000, "otherStockholderEquity": 56284000, "totalStockholderEquity": 123159000, "netTangibleAssets": 123159000}], "maxAge": 86400}, "indexTrend": {"maxAge": 1, "symbol": "SP5", "peRatio": 19.7411, "pegRatio": 1.34172, "estimates": [{"period": "0q", "growth": 0.549}, {"period": "+1q", "growth": 0.431}, {"period": "0y", "growth": 0.305}, {"period": "+1y", "growth": 0.109}, {"period": "+5y", "growth": 0.120859005}, {"period": "-5y"}]}, "insiderTransactions": {"transactions": [{"maxAge": 1, "shares": 291757, "filerUrl": "", "transactionText": "", "filerName": "Lakshmi Card Clothing Manufacturing Company Pvt Ltd", "filerRelation": "Promoter", "moneyText": "", "startDate": "2019-05-29", "ownership": "D"}, {"maxAge": 1, "shares": 2308, "filerUrl": "", "transactionText": "", "filerName": "Jayavarthanavelu (Shivali)", "filerRelation": "Promoter", "moneyText": "", "startDate": "2019-03-07", "ownership": "D"}, {"maxAge": 1, "shares": 2308, "filerUrl": "", "transactionText": "", "filerName": "Thayarammal (D)", "filerRelation": "Promoter", "moneyText": "", "startDate": "2019-03-07", "ownership": "D"}], "maxAge": 1}, "quoteType": {"exchange": "BSE", "quoteType": "EQUITY", "symbol": "LXMIATO.BO", "underlyingSymbol": "LXMIATO.BO", "shortName": "LAKSHMI AUTOMATIC LOOM WORKS L", "longName": "Lakshmi Automatic Loom Works Limited", "firstTradeDateEpochUtc": "2000-03-28 09:15:00", "timeZoneFullName": "Asia/Kolkata", "timeZoneShortName": "IST", "uuid": "40d6ad46-6b63-3712-af1c-18614da867eb", "messageBoardId": null, "gmtOffSetMilliseconds": 19800000, "maxAge": 1}, "incomeStatementHistory": {"incomeStatementHistory": [{"maxAge": 1, "endDate": "2020-03-31", "totalRevenue": 126998000, "costOfRevenue": 40929000, "grossProfit": 86069000, "researchDevelopment": {}, "sellingGeneralAdministrative": 2117000, "nonRecurring": {}, "otherOperatingExpenses": 33947000, "totalOperatingExpenses": 83218000, "operatingIncome": 43780000, "totalOtherIncomeExpenseNet": -132000, "ebit": 43780000, "interestExpense": -5872000, "incomeBeforeTax": 43648000, "incomeTaxExpense": 10176000, "minorityInterest": {}, "netIncomeFromContinuingOps": 33472000, "discontinuedOperations": {}, "extraordinaryItems": {}, "effectOfAccountingCharges": {}, "otherItems": {}, "netIncome": 33472000, "netIncomeApplicableToCommonShares": 33472000}, {"maxAge": 1, "endDate": "2019-03-31", "totalRevenue": 81712000, "costOfRevenue": 36490000, "grossProfit": 45222000, "researchDevelopment": {}, "sellingGeneralAdministrative": 2870000, "nonRecurring": {}, "otherOperatingExpenses": 21820000, "totalOperatingExpenses": 65876000, "operatingIncome": 15836000, "totalOtherIncomeExpenseNet": 1967000, "ebit": 15836000, "interestExpense": -2039000, "incomeBeforeTax": 17803000, "incomeTaxExpense": 5220000, "minorityInterest": {}, "netIncomeFromContinuingOps": 12583000, "discontinuedOperations": {}, "extraordinaryItems": {}, "effectOfAccountingCharges": {}, "otherItems": {}, "netIncome": 12583000, "netIncomeApplicableToCommonShares": 12583000}, {"maxAge": 1, "endDate": "2018-03-31", "totalRevenue": 74536000, "costOfRevenue": 32940000, "grossProfit": 41596000, "researchDevelopment": {}, "sellingGeneralAdministrative": 2740000, "nonRecurring": {}, "otherOperatingExpenses": 15854000, "totalOperatingExpenses": 55133000, "operatingIncome": 19403000, "totalOtherIncomeExpenseNet": 4206000, "ebit": 19403000, "interestExpense": -545000, "incomeBeforeTax": 23609000, "incomeTaxExpense": 6320000, "minorityInterest": {}, "netIncomeFromContinuingOps": 17289000, "discontinuedOperations": {}, "extraordinaryItems": {}, "effectOfAccountingCharges": {}, "otherItems": {}, "netIncome": 17289000, "netIncomeApplicableToCommonShares": 17289000}, {"maxAge": 1, "endDate": "2017-03-31", "totalRevenue": 71746000, "costOfRevenue": 32574000, "grossProfit": 39172000, "researchDevelopment": {}, "sellingGeneralAdministrative": 2621000, "nonRecurring": {}, "otherOperatingExpenses": 19939000, "totalOperatingExpenses": 58130000, "operatingIncome": 13616000, "totalOtherIncomeExpenseNet": 13880000, "ebit": 13616000, "interestExpense": -479000, "incomeBeforeTax": 27496000, "incomeTaxExpense": 22871000, "minorityInterest": {}, "netIncomeFromContinuingOps": 4625000, "discontinuedOperations": {}, "extraordinaryItems": {}, "effectOfAccountingCharges": {}, "otherItems": {}, "netIncome": 4625000, "netIncomeApplicableToCommonShares": 4625000}], "maxAge": 86400}, "fundOwnership": {"maxAge": 1, "ownershipList": []}, "summaryDetail": {"maxAge": 1, "priceHint": 2, "previousClose": 59.9, "open": 59.9, "dayLow": 56.95, "dayHigh": 62.85, "regularMarketPreviousClose": 59.9, "regularMarketOpen": 59.9, "regularMarketDayLow": 56.95, "regularMarketDayHigh": 62.85, "trailingPE": 14.78128, "volume": 3675, "regularMarketVolume": 3675, "averageVolume": 381, "averageVolume10days": 860, "averageDailyVolume10Day": 860, "bid": 60.05, "ask": 62.85, "bidSize": 0, "askSize": 0, "marketCap": 420309376, "fiftyTwoWeekLow": 23.6, "fiftyTwoWeekHigh": 62.85, "fiftyDayAverage": 43.075714, "twoHundredDayAverage": 42.709126, "currency": "INR", "fromCurrency": null, "toCurrency": null, "lastMarket": null, "algorithm": null, "tradeable": false}, "incomeStatementHistoryQuarterly": {"incomeStatementHistory": [{"maxAge": 1, "endDate": "2020-06-30", "totalRevenue": 20055000, "costOfRevenue": 7622000, "grossProfit": 12433000, "researchDevelopment": {}, "sellingGeneralAdministrative": {}, "nonRecurring": {}, "otherOperatingExpenses": 4090000, "totalOperatingExpenses": 13924000, "operatingIncome": 6131000, "totalOtherIncomeExpenseNet": -1788000, "ebit": 6131000, "interestExpense": -1788000, "incomeBeforeTax": 4343000, "incomeTaxExpense": 1416000, "minorityInterest": {}, "netIncomeFromContinuingOps": 2927000, "discontinuedOperations": {}, "extraordinaryItems": {}, "effectOfAccountingCharges": {}, "otherItems": {}, "netIncome": 2927000, "netIncomeApplicableToCommonShares": 2927000}, {"maxAge": 1, "endDate": "2020-03-31", "totalRevenue": 25489000, "costOfRevenue": 9580000, "grossProfit": 15909000, "researchDevelopment": {}, "sellingGeneralAdministrative": 2117000, "nonRecurring": {}, "otherOperatingExpenses": 9318000, "totalOperatingExpenses": 23567000, "operatingIncome": 1922000, "totalOtherIncomeExpenseNet": 3899000, "ebit": 1922000, "interestExpense": -1841000, "incomeBeforeTax": 5821000, "incomeTaxExpense": 1875000, "minorityInterest": {}, "netIncomeFromContinuingOps": 3946000, "discontinuedOperations": {}, "extraordinaryItems": {}, "effectOfAccountingCharges": {}, "otherItems": {}, "netIncome": 3946000, "netIncomeApplicableToCommonShares": 3946000}, {"maxAge": 1, "endDate": "2019-12-31", "totalRevenue": 33623000, "costOfRevenue": 11702000, "grossProfit": 21921000, "researchDevelopment": {}, "sellingGeneralAdministrative": 2117000, "nonRecurring": {}, "otherOperatingExpenses": 6909000, "totalOperatingExpenses": 19834000, "operatingIncome": 13789000, "totalOtherIncomeExpenseNet": -1633000, "ebit": 13789000, "interestExpense": -1633000, "incomeBeforeTax": 12156000, "incomeTaxExpense": 2925000, "minorityInterest": {}, "netIncomeFromContinuingOps": 9231000, "discontinuedOperations": {}, "extraordinaryItems": {}, "effectOfAccountingCharges": {}, "otherItems": {}, "netIncome": 9231000, "netIncomeApplicableToCommonShares": 9231000}, {"maxAge": 1, "endDate": "2019-09-30", "totalRevenue": 37703000, "costOfRevenue": 10006000, "grossProfit": 27697000, "researchDevelopment": {}, "sellingGeneralAdministrative": 2117000, "nonRecurring": {}, "otherOperatingExpenses": 8942000, "totalOperatingExpenses": 20201000, "operatingIncome": 17502000, "totalOtherIncomeExpenseNet": -1871000, "ebit": 17502000, "interestExpense": -1871000, "incomeBeforeTax": 15631000, "incomeTaxExpense": 3368000, "minorityInterest": {}, "netIncomeFromContinuingOps": 12263000, "discontinuedOperations": {}, "extraordinaryItems": {}, "effectOfAccountingCharges": {}, "otherItems": {}, "netIncome": 12263000, "netIncomeApplicableToCommonShares": 12263000}], "maxAge": 86400}, "cashflowStatementHistoryQuarterly": {"cashflowStatements": [{"maxAge": 1, "endDate": "2020-06-30", "netIncome": 2927000, "changeToLiabilities": 0}, {"maxAge": 1, "endDate": "2020-03-31", "netIncome": 3946000, "changeToLiabilities": 0}, {"maxAge": 1, "endDate": "2019-12-31", "netIncome": 9231000, "changeToLiabilities": 0}, {"maxAge": 1, "endDate": "2019-09-30", "netIncome": 12263000, "changeToLiabilities": 0}], "maxAge": 86400}, "insiderHolders": {"holders": [{"maxAge": 1, "name": "Jayavarthanavelu (Shivali)", "relation": "Promoter", "url": "", "transactionDescription": "Gift", "latestTransDate": "2019-03-07", "positionDirect": 2308, "positionDirectDate": "2019-03-07"}, {"maxAge": 1, "name": "Lakshmi Card Clothing Manufacturing Company Pvt Ltd", "relation": "Promoter", "url": "", "transactionDescription": "Other", "latestTransDate": "2019-05-29", "positionDirect": 437634, "positionDirectDate": "2019-05-29"}, {"maxAge": 1, "name": "Thayarammal (D)", "relation": "Promoter", "url": "", "transactionDescription": "Gift", "latestTransDate": "2019-03-07", "positionDirect": 0, "positionDirectDate": "2019-03-07"}], "maxAge": 1}, "calendarEvents": {"maxAge": 1, "earnings": {"earningsDate": ["2020-06-25 05:30:S"]}}, "price": {"maxAge": 1, "regularMarketChangePercent": 0.049248695, "regularMarketChange": 2.949997, "regularMarketTime": "2021-04-30 15:29:39", "priceHint": 2, "regularMarketPrice": 62.85, "regularMarketDayHigh": 62.85, "regularMarketDayLow": 56.95, "regularMarketVolume": 3675, "averageDailyVolume10Day": 860, "averageDailyVolume3Month": 381, "regularMarketPreviousClose": 59.9, "regularMarketSource": "FREE_REALTIME", "regularMarketOpen": 59.9, "exchange": "BSE", "exchangeName": "BSE", "exchangeDataDelayedBy": 0, "marketState": "CLOSED", "quoteType": "EQUITY", "symbol": "LXMIATO.BO", "underlyingSymbol": null, "shortName": "LAKSHMI AUTOMATIC LOOM WORKS L", "longName": "Lakshmi Automatic Loom Works Limited", "currency": "INR", "quoteSourceName": "Delayed Quote", "currencySymbol": "\u20b9", "fromCurrency": null, "toCurrency": null, "lastMarket": null, "marketCap": 420309376}, "balanceSheetHistory": {"balanceSheetStatements": [{"maxAge": 1, "endDate": "2020-03-31", "cash": 4127000, "shortTermInvestments": 35285000, "netReceivables": 14197000, "inventory": 4206000, "otherCurrentAssets": 28497000, "totalCurrentAssets": 86785000, "propertyPlantEquipment": 20260000, "otherAssets": 137230000, "totalAssets": 244275000, "accountsPayable": 1254000, "shortLongTermDebt": 8577000, "otherCurrentLiab": 26999000, "longTermDebt": 33234000, "otherLiab": 20579000, "totalCurrentLiabilities": 48868000, "totalLiab": 108709000, "commonStock": 66875000, "retainedEarnings": -11266000, "treasuryStock": 45000000, "capitalSurplus": 34957000, "otherStockholderEquity": 45000000, "totalStockholderEquity": 135566000, "netTangibleAssets": 135566000}, {"maxAge": 1, "endDate": "2019-03-31", "cash": 2538000, "shortTermInvestments": 27138000, "netReceivables": 14251000, "inventory": 7125000, "otherCurrentAssets": 17396000, "totalCurrentAssets": 68660000, "propertyPlantEquipment": 19333000, "otherAssets": 79044000, "totalAssets": 167037000, "accountsPayable": 1423000, "shortLongTermDebt": 5290000, "otherCurrentLiab": 9676000, "longTermDebt": 30455000, "otherLiab": 30655000, "totalCurrentLiabilities": 23166000, "totalLiab": 84276000, "commonStock": 63957000, "retainedEarnings": -44071000, "treasuryStock": 45000000, "capitalSurplus": 17875000, "otherStockholderEquity": 45000000, "totalStockholderEquity": 82761000, "netTangibleAssets": 82761000}, {"maxAge": 1, "endDate": "2018-03-31", "cash": 2667000, "shortTermInvestments": 25586000, "netReceivables": 12108000, "inventory": 6101000, "otherCurrentAssets": 16690000, "totalCurrentAssets": 63396000, "propertyPlantEquipment": 12580000, "otherAssets": 74920000, "totalAssets": 150896000, "accountsPayable": 1349000, "shortLongTermDebt": 3404000, "otherCurrentLiab": 13018000, "longTermDebt": 55852000, "otherLiab": 14172000, "totalCurrentLiabilities": 30891000, "totalLiab": 100915000, "commonStock": 61040000, "retainedEarnings": -57027000, "treasuryStock": 45176000, "capitalSurplus": 792000, "otherStockholderEquity": 45176000, "totalStockholderEquity": 49981000, "netTangibleAssets": 49981000}, {"maxAge": 1, "endDate": "2017-03-31", "cash": 628000, "shortTermInvestments": 43301000, "netReceivables": 12346000, "inventory": 5954000, "otherCurrentAssets": 17334000, "totalCurrentAssets": 79862000, "propertyPlantEquipment": 17757000, "otherAssets": 30980000, "totalAssets": 128599000, "accountsPayable": 1495000, "otherCurrentLiab": 9218000, "longTermDebt": 61000000, "otherLiab": 13198000, "totalCurrentLiabilities": 21827000, "totalLiab": 96025000, "commonStock": 61040000, "retainedEarnings": -74316000, "treasuryStock": 25058000, "capitalSurplus": 20792000, "otherStockholderEquity": 25058000, "totalStockholderEquity": 32574000, "netTangibleAssets": 32574000}], "maxAge": 86400}, "financialData": {"maxAge": 86400, "currentPrice": 62.85, "recommendationKey": "none", "grossProfits": 86069000, "financialCurrency": "INR"}}}