{"LYKALABS.BO": {"cashflowStatementHistory": {"cashflowStatements": [{"maxAge": 1, "endDate": "2020-03-31", "netIncome": -605414000, "depreciation": 72974000, "changeToNetincome": 469166000, "changeToAccountReceivables": 79566000, "changeToLiabilities": -62410000, "changeToInventory": 2695000, "changeToOperatingActivities": 89536000, "totalCashFromOperatingActivities": 53234000, "capitalExpenditures": -10983000, "otherCashflowsFromInvestingActivities": 9888000, "totalCashflowsFromInvestingActivities": -1095000, "netBorrowings": 202377000, "otherCashflowsFromFinancingActivities": -195026000, "totalCashFromFinancingActivities": 30039000, "changeInCash": 82178000, "issuanceOfStock": 22688000}, {"maxAge": 1, "endDate": "2019-03-31", "netIncome": -55503000, "depreciation": 73137000, "changeToNetincome": -27444000, "changeToAccountReceivables": 58610000, "changeToLiabilities": -11587000, "changeToInventory": 41946000, "changeToOperatingActivities": 187497000, "totalCashFromOperatingActivities": 266656000, "capitalExpenditures": -48197000, "otherCashflowsFromInvestingActivities": 1175000, "totalCashflowsFromInvestingActivities": -39718000, "netBorrowings": -162520000, "otherCashflowsFromFinancingActivities": -71654000, "totalCashFromFinancingActivities": -234174000, "changeInCash": -7236000, "issuanceOfStock": 22688000}, {"maxAge": 1, "endDate": "2018-03-31", "netIncome": -172748000, "depreciation": 112816000, "changeToNetincome": 65200000, "changeToAccountReceivables": 86762000, "changeToLiabilities": -144524000, "changeToInventory": 20438000, "changeToOperatingActivities": 140889000, "totalCashFromOperatingActivities": 108833000, "capitalExpenditures": -36223000, "otherCashflowsFromInvestingActivities": 3325000, "totalCashflowsFromInvestingActivities": -31664000, "netBorrowings": -352509000, "otherCashflowsFromFinancingActivities": -87093000, "totalCashFromFinancingActivities": -104102000, "changeInCash": -26932000, "issuanceOfStock": 335500000}, {"maxAge": 1, "endDate": "2017-03-31", "netIncome": -55383000, "depreciation": 96159000, "changeToNetincome": 165652000, "changeToAccountReceivables": 33009000, "changeToLiabilities": 50855000, "changeToInventory": -24291000, "changeToOperatingActivities": 41428000, "totalCashFromOperatingActivities": 313805000, "capitalExpenditures": -133866000, "investments": 788000, "otherCashflowsFromInvestingActivities": 1457000, "totalCashflowsFromInvestingActivities": -126680000, "netBorrowings": -9842000, "otherCashflowsFromFinancingActivities": -181617000, "totalCashFromFinancingActivities": -191459000, "changeInCash": -4333000, "issuanceOfStock": 335500000}], "maxAge": 86400}, "institutionOwnership": {"maxAge": 1, "ownershipList": []}, "balanceSheetHistoryQuarterly": {"balanceSheetStatements": [{"maxAge": 1, "endDate": "2020-06-30", "totalStockholderEquity": -143446000, "netTangibleAssets": -577595000}, {"maxAge": 1, "endDate": "2020-03-31", "cash": 99229000, "shortTermInvestments": 19783000, "netReceivables": 97957000, "inventory": 67328000, "otherCurrentAssets": 45727000, "totalCurrentAssets": 355425000, "longTermInvestments": 89000, "propertyPlantEquipment": 891216000, "intangibleAssets": 397308000, "otherAssets": 353856000, "deferredLongTermAssetCharges": 122882000, "totalAssets": 1997894000, "accountsPayable": 248491000, "shortLongTermDebt": 5913000, "otherCurrentLiab": 89665000, "longTermDebt": 1256602000, "otherLiab": 214511000, "deferredLongTermLiab": 36841000, "minorityInterest": -7668000, "totalCurrentLiabilities": 656255000, "totalLiab": 2149008000, "commonStock": 286900000, "retainedEarnings": -1403655000, "treasuryStock": -1089000, "capitalSurplus": 974398000, "otherStockholderEquity": -1089000, "totalStockholderEquity": -143446000, "netTangibleAssets": -540754000}, {"maxAge": 1, "endDate": "2019-12-31", "totalStockholderEquity": 400067000, "netTangibleAssets": -70103000}, {"maxAge": 1, "endDate": "2019-09-30", "cash": 20117000, "shortTermInvestments": 54379000, "netReceivables": 100077000, "inventory": 95443000, "otherCurrentAssets": 91053000, "totalCurrentAssets": 361069000, "longTermInvestments": 108000, "propertyPlantEquipment": 912384000, "intangibleAssets": 470170000, "otherAssets": 416174000, "deferredLongTermAssetCharges": 135076000, "totalAssets": 2159905000, "accountsPayable": 240999000, "otherCurrentLiab": 516268000, "longTermDebt": 792798000, "otherLiab": 74886000, "minorityInterest": -1110000, "totalCurrentLiabilities": 893264000, "totalLiab": 1760948000, "commonStock": 286900000, "treasuryStock": 113167000, "otherStockholderEquity": 113167000, "totalStockholderEquity": 400067000, "netTangibleAssets": -70103000}], "maxAge": 86400}, "indexTrend": {"maxAge": 1, "symbol": "SP5", "peRatio": 19.7411, "pegRatio": 1.34172, "estimates": [{"period": "0q", "growth": 0.549}, {"period": "+1q", "growth": 0.431}, {"period": "0y", "growth": 0.305}, {"period": "+1y", "growth": 0.109}, {"period": "+5y", "growth": 0.120859005}, {"period": "-5y"}]}, "insiderTransactions": {"transactions": [{"maxAge": 1, "shares": 550000, "filerUrl": "", "transactionText": "", "filerName": "Enai Trading & Investment Pvt Ltd", "filerRelation": "Promoter", "moneyText": "", "startDate": "2019-08-09", "ownership": "D"}], "maxAge": 1}, "quoteType": {"exchange": "BSE", "quoteType": "EQUITY", "symbol": "LYKALABS.BO", "underlyingSymbol": "LYKALABS.BO", "shortName": "LYKA LABS LTD.", "longName": "Lyka Labs Limited", "firstTradeDateEpochUtc": "1992-03-02 09:15:00", "timeZoneFullName": "Asia/Kolkata", "timeZoneShortName": "IST", "uuid": "8d91fc76-2771-3b9b-8299-411afe2b2539", "messageBoardId": null, "gmtOffSetMilliseconds": 19800000, "maxAge": 1}, "incomeStatementHistory": {"incomeStatementHistory": [{"maxAge": 1, "endDate": "2020-03-31", "totalRevenue": 566330000, "costOfRevenue": 366367000, "grossProfit": 199963000, "researchDevelopment": {}, "sellingGeneralAdministrative": 153952000, "nonRecurring": {}, "otherOperatingExpenses": 72172000, "totalOperatingExpenses": 672586000, "operatingIncome": -106256000, "totalOtherIncomeExpenseNet": -512513000, "ebit": -106256000, "interestExpense": -198489000, "incomeBeforeTax": -618769000, "incomeTaxExpense": 7434000, "minorityInterest": -7668000, "netIncomeFromContinuingOps": -626203000, "discontinuedOperations": {}, "extraordinaryItems": {}, "effectOfAccountingCharges": {}, "otherItems": {}, "netIncome": -605414000, "netIncomeApplicableToCommonShares": -606500000}, {"maxAge": 1, "endDate": "2019-03-31", "totalRevenue": 671109000, "costOfRevenue": 397240000, "grossProfit": 273869000, "researchDevelopment": {}, "sellingGeneralAdministrative": 165420000, "nonRecurring": {}, "otherOperatingExpenses": 120775000, "totalOperatingExpenses": 756572000, "operatingIncome": -85463000, "totalOtherIncomeExpenseNet": -68784000, "ebit": -85463000, "interestExpense": -69761000, "incomeBeforeTax": -154247000, "incomeTaxExpense": -90728000, "minorityInterest": 27427000, "netIncomeFromContinuingOps": -63519000, "discontinuedOperations": {}, "extraordinaryItems": {}, "effectOfAccountingCharges": {}, "otherItems": {}, "netIncome": -55503000, "netIncomeApplicableToCommonShares": -56588000}, {"maxAge": 1, "endDate": "2018-03-31", "totalRevenue": 603799000, "costOfRevenue": 299747000, "grossProfit": 304052000, "researchDevelopment": {}, "sellingGeneralAdministrative": 176875000, "nonRecurring": {}, "otherOperatingExpenses": 152339000, "totalOperatingExpenses": 741777000, "operatingIncome": -137978000, "totalOtherIncomeExpenseNet": -62469000, "ebit": -137978000, "interestExpense": -75182000, "incomeBeforeTax": -200447000, "incomeTaxExpense": -10398000, "minorityInterest": 33560000, "netIncomeFromContinuingOps": -190049000, "discontinuedOperations": {}, "extraordinaryItems": {}, "effectOfAccountingCharges": {}, "otherItems": {}, "netIncome": -172748000, "netIncomeApplicableToCommonShares": -173244000}, {"maxAge": 1, "endDate": "2017-03-31", "totalRevenue": 993800000, "costOfRevenue": 544644000, "grossProfit": 449156000, "researchDevelopment": {}, "sellingGeneralAdministrative": 179521000, "nonRecurring": {}, "otherOperatingExpenses": 121931000, "totalOperatingExpenses": 948631000, "operatingIncome": 45169000, "totalOtherIncomeExpenseNet": -126196000, "ebit": 45169000, "interestExpense": -162899000, "incomeBeforeTax": -81027000, "incomeTaxExpense": -15061000, "minorityInterest": 70273000, "netIncomeFromContinuingOps": -65966000, "discontinuedOperations": {}, "extraordinaryItems": {}, "effectOfAccountingCharges": {}, "otherItems": {}, "netIncome": -55383000, "netIncomeApplicableToCommonShares": -56577000}], "maxAge": 86400}, "fundOwnership": {"maxAge": 1, "ownershipList": []}, "summaryDetail": {"maxAge": 1, "priceHint": 2, "previousClose": 39.3, "open": 39.0, "dayLow": 39.0, "dayHigh": 41.25, "regularMarketPreviousClose": 39.3, "regularMarketOpen": 39.0, "regularMarketDayLow": 39.0, "regularMarketDayHigh": 41.25, "volume": 35202, "regularMarketVolume": 35202, "averageVolume": 26256, "averageVolume10days": 12654, "averageDailyVolume10Day": 12654, "bid": 41.25, "ask": 0.0, "bidSize": 0, "askSize": 0, "marketCap": 1183462528, "fiftyTwoWeekLow": 9.7, "fiftyTwoWeekHigh": 41.25, "fiftyDayAverage": 30.065714, "twoHundredDayAverage": 22.624453, "currency": "INR", "fromCurrency": null, "toCurrency": null, "lastMarket": null, "algorithm": null, "tradeable": false}, "incomeStatementHistoryQuarterly": {"incomeStatementHistory": [{"maxAge": 1, "endDate": "2020-06-30", "totalRevenue": 180787000, "costOfRevenue": 79784000, "grossProfit": 101003000, "researchDevelopment": {}, "sellingGeneralAdministrative": 32698000, "nonRecurring": {}, "otherOperatingExpenses": 25039000, "totalOperatingExpenses": 158345000, "operatingIncome": 22442000, "totalOtherIncomeExpenseNet": -63876000, "ebit": 22442000, "interestExpense": -63839000, "incomeBeforeTax": -41434000, "incomeTaxExpense": -574000, "minorityInterest": {}, "netIncomeFromContinuingOps": -40860000, "discontinuedOperations": {}, "extraordinaryItems": {}, "effectOfAccountingCharges": {}, "otherItems": {}, "netIncome": -46747000, "netIncomeApplicableToCommonShares": -46747000}, {"maxAge": 1, "endDate": "2020-03-31", "totalRevenue": 69477000, "costOfRevenue": 89357000, "grossProfit": -19880000, "researchDevelopment": {}, "sellingGeneralAdministrative": 49476000, "nonRecurring": {}, "otherOperatingExpenses": -63664000, "totalOperatingExpenses": 95485000, "operatingIncome": -26008000, "totalOtherIncomeExpenseNet": -102747000, "ebit": -26008000, "interestExpense": -53543000, "incomeBeforeTax": -128755000, "incomeTaxExpense": 10651000, "minorityInterest": -7668000, "netIncomeFromContinuingOps": -139406000, "discontinuedOperations": {}, "extraordinaryItems": {}, "effectOfAccountingCharges": {}, "otherItems": {}, "netIncome": -129774000, "netIncomeApplicableToCommonShares": -130860000}, {"maxAge": 1, "endDate": "2019-12-31", "totalRevenue": 192835000, "costOfRevenue": 123183000, "grossProfit": 69652000, "researchDevelopment": {}, "sellingGeneralAdministrative": 35367000, "nonRecurring": {}, "otherOperatingExpenses": 44595000, "totalOperatingExpenses": 222898000, "operatingIncome": -30063000, "totalOtherIncomeExpenseNet": -377461000, "ebit": -30063000, "interestExpense": -112641000, "incomeBeforeTax": -407524000, "incomeTaxExpense": 1616000, "minorityInterest": -7668000, "netIncomeFromContinuingOps": -409140000, "discontinuedOperations": {}, "extraordinaryItems": {}, "effectOfAccountingCharges": {}, "otherItems": {}, "netIncome": -411956000, "netIncomeApplicableToCommonShares": -411956000}, {"maxAge": 1, "endDate": "2019-09-30", "totalRevenue": 139740000, "costOfRevenue": 73901000, "grossProfit": 65839000, "researchDevelopment": {}, "sellingGeneralAdministrative": 36583000, "nonRecurring": {}, "otherOperatingExpenses": 32185000, "totalOperatingExpenses": 162627000, "operatingIncome": -22887000, "totalOtherIncomeExpenseNet": -15572000, "ebit": -22887000, "interestExpense": -15572000, "incomeBeforeTax": -38459000, "incomeTaxExpense": 1011000, "minorityInterest": -1110000, "netIncomeFromContinuingOps": -39470000, "discontinuedOperations": {}, "extraordinaryItems": {}, "effectOfAccountingCharges": {}, "otherItems": {}, "netIncome": -32033000, "netIncomeApplicableToCommonShares": -32033000}], "maxAge": 86400}, "cashflowStatementHistoryQuarterly": {"cashflowStatements": [{"maxAge": 1, "endDate": "2020-06-30", "netIncome": -46747000, "changeToLiabilities": 0}, {"maxAge": 1, "endDate": "2020-03-31", "netIncome": -129774000, "changeToLiabilities": 0}, {"maxAge": 1, "endDate": "2019-12-31", "netIncome": -411956000, "changeToLiabilities": 0}, {"maxAge": 1, "endDate": "2019-09-30", "netIncome": -32033000, "changeToLiabilities": 0}], "maxAge": 86400}, "insiderHolders": {"holders": [{"maxAge": 1, "name": "Enai Trading & Investment Pvt Ltd", "relation": "Promoter", "url": "", "transactionDescription": "Other", "latestTransDate": "2019-08-09", "positionDirect": 982415, "positionDirectDate": "2019-08-09"}], "maxAge": 1}, "calendarEvents": {"maxAge": 1, "earnings": {"earningsDate": []}}, "price": {"maxAge": 1, "regularMarketChangePercent": 0.04961834, "regularMarketChange": 1.9500008, "regularMarketTime": "2021-04-30 15:48:37", "priceHint": 2, "regularMarketPrice": 41.25, "regularMarketDayHigh": 41.25, "regularMarketDayLow": 39.0, "regularMarketVolume": 35202, "averageDailyVolume10Day": 12654, "averageDailyVolume3Month": 26256, "regularMarketPreviousClose": 39.3, "regularMarketSource": "FREE_REALTIME", "regularMarketOpen": 39.0, "exchange": "BSE", "exchangeName": "BSE", "exchangeDataDelayedBy": 0, "marketState": "CLOSED", "quoteType": "EQUITY", "symbol": "LYKALABS.BO", "underlyingSymbol": null, "shortName": "LYKA LABS LTD.", "longName": "Lyka Labs Limited", "currency": "INR", "quoteSourceName": "Delayed Quote", "currencySymbol": "\u20b9", "fromCurrency": null, "toCurrency": null, "lastMarket": null, "marketCap": 1183462528}, "balanceSheetHistory": {"balanceSheetStatements": [{"maxAge": 1, "endDate": "2020-03-31", "cash": 99229000, "shortTermInvestments": 19783000, "netReceivables": 97957000, "inventory": 67328000, "otherCurrentAssets": 45727000, "totalCurrentAssets": 355425000, "longTermInvestments": 89000, "propertyPlantEquipment": 891216000, "intangibleAssets": 397308000, "otherAssets": 353856000, "deferredLongTermAssetCharges": 122882000, "totalAssets": 1997894000, "accountsPayable": 248491000, "shortLongTermDebt": 5913000, "otherCurrentLiab": 89665000, "longTermDebt": 1256602000, "otherLiab": 214511000, "deferredLongTermLiab": 36841000, "minorityInterest": -7668000, "totalCurrentLiabilities": 656255000, "totalLiab": 2149008000, "commonStock": 286900000, "retainedEarnings": -1403655000, "treasuryStock": -1089000, "capitalSurplus": 974398000, "otherStockholderEquity": -1089000, "totalStockholderEquity": -143446000, "netTangibleAssets": -540754000}, {"maxAge": 1, "endDate": "2019-03-31", "cash": 17051000, "shortTermInvestments": 37322000, "netReceivables": 163491000, "inventory": 70023000, "otherCurrentAssets": 60531000, "totalCurrentAssets": 351098000, "longTermInvestments": 108000, "propertyPlantEquipment": 913685000, "intangibleAssets": 443993000, "otherAssets": 449950000, "deferredLongTermAssetCharges": 130284000, "totalAssets": 2158834000, "accountsPayable": 327751000, "shortLongTermDebt": 6553000, "otherCurrentLiab": 193187000, "longTermDebt": 787969000, "otherLiab": 60268000, "deferredLongTermLiab": 30283000, "minorityInterest": 27427000, "totalCurrentLiabilities": 848133000, "totalLiab": 1701248000, "commonStock": 281400000, "retainedEarnings": -810930000, "treasuryStock": 10043000, "capitalSurplus": 949646000, "otherStockholderEquity": 10043000, "totalStockholderEquity": 430159000, "netTangibleAssets": -13834000}, {"maxAge": 1, "endDate": "2018-03-31", "cash": 24287000, "shortTermInvestments": 37981000, "netReceivables": 211199000, "inventory": 111969000, "otherCurrentAssets": 102119000, "totalCurrentAssets": 490670000, "longTermInvestments": 2278000, "propertyPlantEquipment": 940148000, "intangibleAssets": 463367000, "otherAssets": 395307000, "deferredLongTermAssetCharges": 39523000, "totalAssets": 2291770000, "accountsPayable": 344566000, "shortLongTermDebt": 616615000, "otherCurrentLiab": 111537000, "longTermDebt": 46786000, "otherLiab": 43013000, "deferredLongTermLiab": 35654000, "minorityInterest": 33560000, "totalCurrentLiabilities": 1671211000, "totalLiab": 1763540000, "commonStock": 281400000, "retainedEarnings": -758995000, "treasuryStock": 22618000, "capitalSurplus": 949647000, "otherStockholderEquity": 22618000, "totalStockholderEquity": 494670000, "netTangibleAssets": 31303000}, {"maxAge": 1, "endDate": "2017-03-31", "cash": 51219000, "shortTermInvestments": 21370000, "netReceivables": 297130000, "inventory": 132407000, "otherCurrentAssets": 108781000, "totalCurrentAssets": 627872000, "longTermInvestments": 2612000, "propertyPlantEquipment": 990787000, "intangibleAssets": 543849000, "otherAssets": 352517000, "deferredLongTermAssetCharges": 29022000, "totalAssets": 2517637000, "accountsPayable": 468050000, "shortLongTermDebt": 392894000, "otherCurrentLiab": 108605000, "longTermDebt": 352570000, "otherLiab": 58066000, "deferredLongTermLiab": 36641000, "minorityInterest": 70273000, "totalCurrentLiabilities": 1654478000, "totalLiab": 2070267000, "commonStock": 220400000, "retainedEarnings": -551800000, "treasuryStock": 33350000, "capitalSurplus": 675147000, "otherStockholderEquity": 33350000, "totalStockholderEquity": 377097000, "netTangibleAssets": -166752000}], "maxAge": 86400}, "financialData": {"maxAge": 86400, "currentPrice": 41.25, "recommendationKey": "none", "grossProfits": 199963000, "financialCurrency": "INR"}}}