{"LYKALABS.NS": {"assetProfile": {"address1": "Spencer Building", "address2": "Ground Floor 30, Forjett Street Grant Road (West)", "city": "Mumbai", "zip": "400036", "country": "India", "phone": "91 22 6612 2200", "fax": "91 22 6611 2249", "website": "http://www.lykalabs.com", "industry": "Biotechnology", "sector": "Healthcare", "longBusinessSummary": "Lyka Labs Limited engages in manufacturing pharmaceutical formulations and active pharmaceutical ingredients various therapeutic segments in India. It manufactures and sells various formulations, including emollient, topical steroid, antifungal agent, topical anti-bacterial, acne management, dermatological formulation, pain killer, anti-aging, cleansing lotion, hair care, anti-dandruff shampoo, sunscreen, anti-acne, cosmeceutical, anti-oxidant, proton pump inhibitor, anti-malarial, anti-bacterial, corticosteroid hormones, cephalosporin, dry powder injection, muscle relaxant, bone resorption inhibitor, anti-oxidant/liver disease, antibiotic, and lyophilized products. The company also provides contracted manufacturing services to various large pharmaceutical companies; and medical and technical assistance in the areas of manufacturing know how and manufacturing facilities, as well as technical data, such as molecule stability testing data, impurity profile, BA/BE clinical study data, etc. In addition, it provides products and services in therapeutic categories, such as intensive care, gastroenterology, anti-infective, anti-fungal, surgery care, cosmetologist, urology, wound care, and anesthesia, as well as deals in pharmaceutical products. Lyka Labs Limited offers its products in various formulations, including injections, creams, ointments, foams, gels, and lotions. Further, the company exports its products to Bangladesh, Combodia, Congo, Costa Rica, Peru, Romania, Russia, Sri Lanka, Sudan, Ukraine, Venezuela, and Vietnam. Lyka Labs Limited was incorporated in 1976 and is based in Mumbai, India.", "fullTimeEmployees": 106, "companyOfficers": [{"maxAge": 1, "name": "Mr. Kunal Narendra Gandhi", "age": 33, "title": "MD, CEO & Director", "yearBorn": 1987, "fiscalYear": 2020, "totalPay": 8456219, "exercisedValue": 0, "unexercisedValue": 0}, {"maxAge": 1, "name": "Mr. Yogesh Babulal Shah", "age": 60, "title": "CFO & Exec. Director", "yearBorn": 1960, "fiscalYear": 2020, "totalPay": 1399874, "exercisedValue": 0, "unexercisedValue": 0}, {"maxAge": 1, "name": "Mr. Piyush Girishchandra Hindia", "title": "Company Sec. & Compliance Officer", "fiscalYear": 2020, "totalPay": 1409060, "exercisedValue": 0, "unexercisedValue": 0}, {"maxAge": 1, "name": "Mr. B. S. Arun Rao", "title": "CEO of Lyka BDR International Ltd and Whole-Time Director of Lyka BDR International Ltd", "fiscalYear": 2009, "exercisedValue": 0, "unexercisedValue": 0}], "compensationAsOfEpochDate": "2020-12-31 05:30:00", "maxAge": 86400}, "cashflowStatementHistory": {"cashflowStatements": [{"maxAge": 1, "endDate": "2020-03-31", "netIncome": -605414000, "depreciation": 72974000, "changeToNetincome": 469166000, "changeToAccountReceivables": 79566000, "changeToLiabilities": -62410000, "changeToInventory": 2695000, "changeToOperatingActivities": 89536000, "totalCashFromOperatingActivities": 53234000, "capitalExpenditures": -10983000, "otherCashflowsFromInvestingActivities": 9888000, "totalCashflowsFromInvestingActivities": -1095000, "netBorrowings": 202377000, "otherCashflowsFromFinancingActivities": -195026000, "totalCashFromFinancingActivities": 30039000, "changeInCash": 82178000, "issuanceOfStock": 22688000}, {"maxAge": 1, "endDate": "2019-03-31", "netIncome": -55503000, "depreciation": 73137000, "changeToNetincome": -27444000, "changeToAccountReceivables": 58610000, "changeToLiabilities": -11587000, "changeToInventory": 41946000, "changeToOperatingActivities": 187497000, "totalCashFromOperatingActivities": 266656000, "capitalExpenditures": -48197000, "otherCashflowsFromInvestingActivities": 1175000, "totalCashflowsFromInvestingActivities": -39718000, "netBorrowings": -162520000, "otherCashflowsFromFinancingActivities": -71654000, "totalCashFromFinancingActivities": -234174000, "changeInCash": -7236000, "issuanceOfStock": 22688000}, {"maxAge": 1, "endDate": "2018-03-31", "netIncome": -172748000, "depreciation": 112816000, "changeToNetincome": 65200000, "changeToAccountReceivables": 86762000, "changeToLiabilities": -144524000, "changeToInventory": 20438000, "changeToOperatingActivities": 140889000, "totalCashFromOperatingActivities": 108833000, "capitalExpenditures": -36223000, "otherCashflowsFromInvestingActivities": 3325000, "totalCashflowsFromInvestingActivities": -31664000, "netBorrowings": -352509000, "otherCashflowsFromFinancingActivities": -87093000, "totalCashFromFinancingActivities": -104102000, "changeInCash": -26932000, "issuanceOfStock": 335500000}, {"maxAge": 1, "endDate": "2017-03-31", "netIncome": -55383000, "depreciation": 96159000, "changeToNetincome": 165652000, "changeToAccountReceivables": 33009000, "changeToLiabilities": 50855000, "changeToInventory": -24291000, "changeToOperatingActivities": 41428000, "totalCashFromOperatingActivities": 313805000, "capitalExpenditures": -133866000, "investments": 788000, "otherCashflowsFromInvestingActivities": 1457000, "totalCashflowsFromInvestingActivities": -126680000, "netBorrowings": -9842000, "otherCashflowsFromFinancingActivities": -181617000, "totalCashFromFinancingActivities": -191459000, "changeInCash": -4333000, "issuanceOfStock": 335500000}], "maxAge": 86400}, "institutionOwnership": {"ownershipList": [], "maxAge": 1}, "majorHoldersBreakdown": {"maxAge": 1, "insidersPercentHeld": 0.48117, "institutionsPercentHeld": 0.0, "institutionsFloatPercentHeld": 0.0, "institutionsCount": 0}, "balanceSheetHistoryQuarterly": {"balanceSheetStatements": [{"maxAge": 1, "endDate": "2020-12-31", "totalStockholderEquity": -248713000, "netTangibleAssets": -668223000}, {"maxAge": 1, "endDate": "2020-09-30", "cash": 74177000, "shortTermInvestments": 20087000, "netReceivables": 73182000, "inventory": 51020000, "otherCurrentAssets": 101995000, "totalCurrentAssets": 320461000, "longTermInvestments": 89000, "propertyPlantEquipment": 868040000, "intangibleAssets": 419510000, "otherAssets": 322854000, "deferredLongTermAssetCharges": 119868000, "totalAssets": 1930954000, "accountsPayable": 149809000, "otherCurrentLiab": 337090000, "longTermDebt": 1358655000, "otherLiab": 194003000, "minorityInterest": -1493000, "totalCurrentLiabilities": 628502000, "totalLiab": 2181160000, "commonStock": 286900000, "treasuryStock": -535613000, "otherStockholderEquity": -535613000, "totalStockholderEquity": -248713000, "netTangibleAssets": -668223000}, {"maxAge": 1, "endDate": "2020-06-30", "totalStockholderEquity": -143446000, "netTangibleAssets": -577595000}, {"maxAge": 1, "endDate": "2020-03-31", "cash": 99229000, "shortTermInvestments": 19783000, "netReceivables": 97957000, "inventory": 67328000, "otherCurrentAssets": 45727000, "totalCurrentAssets": 355425000, "longTermInvestments": 89000, "propertyPlantEquipment": 891216000, "intangibleAssets": 397308000, "otherAssets": 353856000, "deferredLongTermAssetCharges": 122882000, "totalAssets": 1997894000, "accountsPayable": 248491000, "shortLongTermDebt": 5913000, "otherCurrentLiab": 89665000, "longTermDebt": 1256602000, "otherLiab": 214511000, "deferredLongTermLiab": 36841000, "minorityInterest": -7668000, "totalCurrentLiabilities": 656255000, "totalLiab": 2149008000, "commonStock": 286900000, "retainedEarnings": -1403655000, "treasuryStock": -1089000, "capitalSurplus": 974398000, "otherStockholderEquity": -1089000, "totalStockholderEquity": -143446000, "netTangibleAssets": -540754000}], "maxAge": 86400}, "indexTrend": {"maxAge": 1, "symbol": "SP5", "peRatio": 19.7411, "pegRatio": 1.34172, "estimates": [{"period": "0q", "growth": 0.549}, {"period": "+1q", "growth": 0.431}, {"period": "0y", "growth": 0.305}, {"period": "+1y", "growth": 0.109}, {"period": "+5y", "growth": 0.120865}, {"period": "-5y"}]}, "defaultKeyStatistics": {"maxAge": 1, "priceHint": 2, "enterpriseValue": 2499801088, "profitMargins": -0.35511002, "floatShares": 16982587, "sharesOutstanding": 28690000, "heldPercentInsiders": 0.48117, "heldPercentInstitutions": 0.0, "beta": 1.56327, "category": null, "bookValue": -8.695, "fundFamily": null, "legalType": null, "lastFiscalYearEnd": "2020-03-31 05:30:00", "nextFiscalYearEnd": "2022-03-31 05:30:00", "mostRecentQuarter": "2020-12-31 05:30:00", "netIncomeToCommon": -257754000, "trailingEps": -9.014, "lastSplitFactor": null, "enterpriseToRevenue": 3.459, "enterpriseToEbitda": 19.213}, "summaryProfile": {"address1": "Spencer Building", "address2": "Ground Floor 30, Forjett Street Grant Road (West)", "city": "Mumbai", "zip": "400036", "country": "India", "phone": "91 22 6612 2200", "fax": "91 22 6611 2249", "website": "http://www.lykalabs.com", "industry": "Biotechnology", "sector": "Healthcare", "longBusinessSummary": "Lyka Labs Limited engages in manufacturing pharmaceutical formulations and active pharmaceutical ingredients various therapeutic segments in India. It manufactures and sells various formulations, including emollient, topical steroid, antifungal agent, topical anti-bacterial, acne management, dermatological formulation, pain killer, anti-aging, cleansing lotion, hair care, anti-dandruff shampoo, sunscreen, anti-acne, cosmeceutical, anti-oxidant, proton pump inhibitor, anti-malarial, anti-bacterial, corticosteroid hormones, cephalosporin, dry powder injection, muscle relaxant, bone resorption inhibitor, anti-oxidant/liver disease, antibiotic, and lyophilized products. The company also provides contracted manufacturing services to various large pharmaceutical companies; and medical and technical assistance in the areas of manufacturing know how and manufacturing facilities, as well as technical data, such as molecule stability testing data, impurity profile, BA/BE clinical study data, etc. In addition, it provides products and services in therapeutic categories, such as intensive care, gastroenterology, anti-infective, anti-fungal, surgery care, cosmetologist, urology, wound care, and anesthesia, as well as deals in pharmaceutical products. Lyka Labs Limited offers its products in various formulations, including injections, creams, ointments, foams, gels, and lotions. Further, the company exports its products to Bangladesh, Combodia, Congo, Costa Rica, Peru, Romania, Russia, Sri Lanka, Sudan, Ukraine, Venezuela, and Vietnam. Lyka Labs Limited was incorporated in 1976 and is based in Mumbai, India.", "fullTimeEmployees": 106, "companyOfficers": [], "maxAge": 86400}, "netSharePurchaseActivity": {"maxAge": 1, "period": "6m", "buyInfoCount": 0, "buyInfoShares": 0, "sellInfoCount": 0, "netInfoCount": 0, "netInfoShares": 0, "netPercentInsiderShares": 0.0, "totalInsiderShares": 13623727}, "insiderTransactions": {"transactions": [{"maxAge": 1, "shares": 550000, "filerUrl": "", "transactionText": "", "filerName": "Enai Trading & Investment Pvt Ltd", "filerRelation": "Promoter", "moneyText": "", "startDate": "2019-08-09", "ownership": "D"}, {"maxAge": 1, "shares": 100000, "filerUrl": "", "transactionText": "", "filerName": "Gandhi (Narendra Ishwarlal)", "filerRelation": "Promoter", "moneyText": "", "startDate": "2017-05-09", "ownership": "D"}, {"maxAge": 1, "shares": 100000, "filerUrl": "", "transactionText": "", "filerName": "Gandhi (Narendra Ishwarlal) HUF", "filerRelation": "Promoter", "moneyText": "", "startDate": "2017-05-09", "ownership": "D"}, {"maxAge": 1, "shares": 230000, "filerUrl": "", "transactionText": "", "filerName": "Enai Trading & Investment Pvt Ltd", "filerRelation": "Promoter", "moneyText": "", "startDate": "2015-11-02", "ownership": "D"}, {"maxAge": 1, "shares": 230000, "filerUrl": "", "transactionText": "", "filerName": "Gandhi (Narendra Ishwarlal) HUF", "filerRelation": "Promoter", "moneyText": "", "startDate": "2015-11-02", "ownership": "D"}], "maxAge": 1}, "quoteType": {"exchange": "NSI", "quoteType": "EQUITY", "symbol": "LYKALABS.NS", "underlyingSymbol": "LYKALABS.NS", "shortName": "LYKA LABORATORIES", "longName": "Lyka Labs Limited", "firstTradeDateEpochUtc": "1996-01-01 09:15:00", "timeZoneFullName": "Asia/Kolkata", "timeZoneShortName": "IST", "uuid": "4cabd9fc-a7ae-335d-911a-192d886dcc9b", "gmtOffSetMilliseconds": 19800000, "maxAge": 1}, "incomeStatementHistory": {"incomeStatementHistory": [{"maxAge": 1, "endDate": "2020-03-31", "totalRevenue": 566330000, "costOfRevenue": 366367000, "grossProfit": 199963000, "researchDevelopment": {}, "sellingGeneralAdministrative": 153952000, "nonRecurring": {}, "otherOperatingExpenses": 72172000, "totalOperatingExpenses": 672586000, "operatingIncome": -106256000, "totalOtherIncomeExpenseNet": -512513000, "ebit": -106256000, "interestExpense": -198489000, "incomeBeforeTax": -618769000, "incomeTaxExpense": 7434000, "minorityInterest": -7668000, "netIncomeFromContinuingOps": -626203000, "discontinuedOperations": {}, "extraordinaryItems": {}, "effectOfAccountingCharges": {}, "otherItems": {}, "netIncome": -605414000, "netIncomeApplicableToCommonShares": -606500000}, {"maxAge": 1, "endDate": "2019-03-31", "totalRevenue": 671109000, "costOfRevenue": 397240000, "grossProfit": 273869000, "researchDevelopment": {}, "sellingGeneralAdministrative": 165420000, "nonRecurring": {}, "otherOperatingExpenses": 120775000, "totalOperatingExpenses": 756572000, "operatingIncome": -85463000, "totalOtherIncomeExpenseNet": -68784000, "ebit": -85463000, "interestExpense": -69761000, "incomeBeforeTax": -154247000, "incomeTaxExpense": -90728000, "minorityInterest": 27427000, "netIncomeFromContinuingOps": -63519000, "discontinuedOperations": {}, "extraordinaryItems": {}, "effectOfAccountingCharges": {}, "otherItems": {}, "netIncome": -55503000, "netIncomeApplicableToCommonShares": -56588000}, {"maxAge": 1, "endDate": "2018-03-31", "totalRevenue": 603799000, "costOfRevenue": 299747000, "grossProfit": 304052000, "researchDevelopment": {}, "sellingGeneralAdministrative": 176875000, "nonRecurring": {}, "otherOperatingExpenses": 152339000, "totalOperatingExpenses": 741777000, "operatingIncome": -137978000, "totalOtherIncomeExpenseNet": -62469000, "ebit": -137978000, "interestExpense": -75182000, "incomeBeforeTax": -200447000, "incomeTaxExpense": -10398000, "minorityInterest": 33560000, "netIncomeFromContinuingOps": -190049000, "discontinuedOperations": {}, "extraordinaryItems": {}, "effectOfAccountingCharges": {}, "otherItems": {}, "netIncome": -172748000, "netIncomeApplicableToCommonShares": -173244000}, {"maxAge": 1, "endDate": "2017-03-31", "totalRevenue": 993800000, "costOfRevenue": 544644000, "grossProfit": 449156000, "researchDevelopment": {}, "sellingGeneralAdministrative": 179521000, "nonRecurring": {}, "otherOperatingExpenses": 121931000, "totalOperatingExpenses": 948631000, "operatingIncome": 45169000, "totalOtherIncomeExpenseNet": -126196000, "ebit": 45169000, "interestExpense": -162899000, "incomeBeforeTax": -81027000, "incomeTaxExpense": -15061000, "minorityInterest": 70273000, "netIncomeFromContinuingOps": -65966000, "discontinuedOperations": {}, "extraordinaryItems": {}, "effectOfAccountingCharges": {}, "otherItems": {}, "netIncome": -55383000, "netIncomeApplicableToCommonShares": -56577000}], "maxAge": 86400}, "fundOwnership": {"ownershipList": [], "maxAge": 1}, "summaryDetail": {"maxAge": 1, "priceHint": 2, "previousClose": 39.35, "open": 40.45, "dayLow": 38.4, "dayHigh": 41.3, "regularMarketPreviousClose": 39.35, "regularMarketOpen": 40.45, "regularMarketDayLow": 38.4, "regularMarketDayHigh": 41.3, "payoutRatio": 0.0, "beta": 1.56327, "volume": 238793, "regularMarketVolume": 238793, "averageVolume": 48651, "averageVolume10days": 26038, "averageDailyVolume10Day": 26038, "bid": 0.0, "ask": 0.0, "bidSize": 0, "askSize": 0, "marketCap": 1183389568, "fiftyTwoWeekLow": 14.65, "fiftyTwoWeekHigh": 41.3, "priceToSalesTrailing12Months": 1.6372885, "fiftyDayAverage": 27.65909, "twoHundredDayAverage": 23.921785, "currency": "INR", "fromCurrency": null, "lastMarket": null, "algorithm": null, "tradeable": false}, "incomeStatementHistoryQuarterly": {"incomeStatementHistory": [{"maxAge": 1, "endDate": "2020-12-31", "totalRevenue": 268141000, "costOfRevenue": 132154000, "grossProfit": 135987000, "researchDevelopment": {}, "sellingGeneralAdministrative": 38092000, "nonRecurring": {}, "otherOperatingExpenses": 37751000, "totalOperatingExpenses": 229156000, "operatingIncome": 38985000, "totalOtherIncomeExpenseNet": -58899000, "ebit": 38985000, "interestExpense": -65859000, "incomeBeforeTax": -19914000, "incomeTaxExpense": -1355000, "minorityInterest": {}, "netIncomeFromContinuingOps": -18559000, "discontinuedOperations": {}, "extraordinaryItems": {}, "effectOfAccountingCharges": {}, "otherItems": {}, "netIncome": -22651000, "netIncomeApplicableToCommonShares": -22651000}, {"maxAge": 1, "endDate": "2020-09-30", "totalRevenue": 174559000, "costOfRevenue": 74297000, "grossProfit": 100262000, "researchDevelopment": {}, "sellingGeneralAdministrative": 34034000, "nonRecurring": {}, "otherOperatingExpenses": 31625000, "totalOperatingExpenses": 161021000, "operatingIncome": 13538000, "totalOtherIncomeExpenseNet": -67158000, "ebit": 13538000, "interestExpense": -65962000, "incomeBeforeTax": -53620000, "incomeTaxExpense": 3587000, "minorityInterest": -1493000, "netIncomeFromContinuingOps": -57207000, "discontinuedOperations": {}, "extraordinaryItems": {}, "effectOfAccountingCharges": {}, "otherItems": {}, "netIncome": -57496000, "netIncomeApplicableToCommonShares": -57496000}, {"maxAge": 1, "endDate": "2020-06-30", "totalRevenue": 177192000, "costOfRevenue": 79784000, "grossProfit": 97408000, "researchDevelopment": {}, "sellingGeneralAdministrative": 32698000, "nonRecurring": {}, "otherOperatingExpenses": 25039000, "totalOperatingExpenses": 158345000, "operatingIncome": 18847000, "totalOtherIncomeExpenseNet": -60281000, "ebit": 18847000, "interestExpense": -63839000, "incomeBeforeTax": -41434000, "incomeTaxExpense": -574000, "minorityInterest": -1493000, "netIncomeFromContinuingOps": -40860000, "discontinuedOperations": {}, "extraordinaryItems": {}, "effectOfAccountingCharges": {}, "otherItems": {}, "netIncome": -46747000, "netIncomeApplicableToCommonShares": -46747000}, {"maxAge": 1, "endDate": "2020-03-31", "totalRevenue": 69477000, "costOfRevenue": 89357000, "grossProfit": -19880000, "researchDevelopment": {}, "sellingGeneralAdministrative": 49476000, "nonRecurring": {}, "otherOperatingExpenses": -63664000, "totalOperatingExpenses": 95485000, "operatingIncome": -26008000, "totalOtherIncomeExpenseNet": -102747000, "ebit": -26008000, "interestExpense": -53543000, "incomeBeforeTax": -128755000, "incomeTaxExpense": 10651000, "minorityInterest": -7668000, "netIncomeFromContinuingOps": -139406000, "discontinuedOperations": {}, "extraordinaryItems": {}, "effectOfAccountingCharges": {}, "otherItems": {}, "netIncome": -129774000, "netIncomeApplicableToCommonShares": -130860000}], "maxAge": 86400}, "cashflowStatementHistoryQuarterly": {"cashflowStatements": [{"maxAge": 1, "endDate": "2020-12-31", "netIncome": -22651000, "changeToLiabilities": 0}, {"maxAge": 1, "endDate": "2020-09-30", "netIncome": -57496000, "changeToLiabilities": 0}, {"maxAge": 1, "endDate": "2020-06-30", "netIncome": -46747000, "changeToLiabilities": 0}, {"maxAge": 1, "endDate": "2020-03-31", "netIncome": -129774000, "changeToLiabilities": 0}], "maxAge": 86400}, "insiderHolders": {"holders": [{"maxAge": 1, "name": "Enai Trading & Investment Pvt Ltd", "relation": "Promoter", "url": "", "transactionDescription": "Other", "latestTransDate": "2019-08-09", "positionDirect": 982415, "positionDirectDate": "2019-08-09"}, {"maxAge": 1, "name": "Gandhi (Narendra Ishwarlal)", "relation": "Promoter", "url": "", "transactionDescription": "Other", "latestTransDate": "2017-05-09", "positionDirect": 1167629, "positionDirectDate": "2017-05-09"}, {"maxAge": 1, "name": "Gandhi (Narendra Ishwarlal) HUF", "relation": "Promoter", "url": "", "transactionDescription": "Other", "latestTransDate": "2017-05-09", "positionDirect": 1400776, "positionDirectDate": "2017-05-09"}], "maxAge": 1}, "calendarEvents": {"maxAge": 1, "earnings": {"earningsDate": []}}, "upgradeDowngradeHistory": {"history": [], "maxAge": 86400}, "price": {"maxAge": 1, "regularMarketChangePercent": 0.04955529, "regularMarketChange": 1.9500008, "regularMarketTime": "2021-04-30 15:28:57", "priceHint": 2, "regularMarketPrice": 41.3, "regularMarketDayHigh": 41.3, "regularMarketDayLow": 38.4, "regularMarketVolume": 238793, "averageDailyVolume10Day": 26038, "averageDailyVolume3Month": 48651, "regularMarketPreviousClose": 39.35, "regularMarketSource": "FREE_REALTIME", "regularMarketOpen": 40.45, "exchange": "NSI", "exchangeName": "NSE", "exchangeDataDelayedBy": 15, "marketState": "CLOSED", "quoteType": "EQUITY", "symbol": "LYKALABS.NS", "underlyingSymbol": null, "shortName": "LYKA LABORATORIES", "longName": "Lyka Labs Limited", "currency": "INR", "quoteSourceName": "Delayed Quote", "currencySymbol": "\u20b9", "fromCurrency": null, "lastMarket": null, "marketCap": 1183389568}, "balanceSheetHistory": {"balanceSheetStatements": [{"maxAge": 1, "endDate": "2020-03-31", "cash": 99229000, "shortTermInvestments": 19783000, "netReceivables": 97957000, "inventory": 67328000, "otherCurrentAssets": 45727000, "totalCurrentAssets": 355425000, "longTermInvestments": 89000, "propertyPlantEquipment": 891216000, "intangibleAssets": 397308000, "otherAssets": 353856000, "deferredLongTermAssetCharges": 122882000, "totalAssets": 1997894000, "accountsPayable": 248491000, "shortLongTermDebt": 5913000, "otherCurrentLiab": 89665000, "longTermDebt": 1256602000, "otherLiab": 214511000, "deferredLongTermLiab": 36841000, "minorityInterest": -7668000, "totalCurrentLiabilities": 656255000, "totalLiab": 2149008000, "commonStock": 286900000, "retainedEarnings": -1403655000, "treasuryStock": -1089000, "capitalSurplus": 974398000, "otherStockholderEquity": -1089000, "totalStockholderEquity": -143446000, "netTangibleAssets": -540754000}, {"maxAge": 1, "endDate": "2019-03-31", "cash": 17051000, "shortTermInvestments": 37322000, "netReceivables": 163491000, "inventory": 70023000, "otherCurrentAssets": 60531000, "totalCurrentAssets": 351098000, "longTermInvestments": 108000, "propertyPlantEquipment": 913685000, "intangibleAssets": 443993000, "otherAssets": 449950000, "deferredLongTermAssetCharges": 130284000, "totalAssets": 2158834000, "accountsPayable": 327751000, "shortLongTermDebt": 6553000, "otherCurrentLiab": 193187000, "longTermDebt": 787969000, "otherLiab": 60268000, "deferredLongTermLiab": 30283000, "minorityInterest": 27427000, "totalCurrentLiabilities": 848133000, "totalLiab": 1701248000, "commonStock": 281400000, "retainedEarnings": -810930000, "treasuryStock": 10043000, "capitalSurplus": 949646000, "otherStockholderEquity": 10043000, "totalStockholderEquity": 430159000, "netTangibleAssets": -13834000}, {"maxAge": 1, "endDate": "2018-03-31", "cash": 24287000, "shortTermInvestments": 37981000, "netReceivables": 211199000, "inventory": 111969000, "otherCurrentAssets": 102119000, "totalCurrentAssets": 490670000, "longTermInvestments": 2278000, "propertyPlantEquipment": 940148000, "intangibleAssets": 463367000, "otherAssets": 395307000, "deferredLongTermAssetCharges": 39523000, "totalAssets": 2291770000, "accountsPayable": 344566000, "shortLongTermDebt": 616615000, "otherCurrentLiab": 111537000, "longTermDebt": 46786000, "otherLiab": 43013000, "deferredLongTermLiab": 35654000, "minorityInterest": 33560000, "totalCurrentLiabilities": 1671211000, "totalLiab": 1763540000, "commonStock": 281400000, "retainedEarnings": -758995000, "treasuryStock": 22618000, "capitalSurplus": 949647000, "otherStockholderEquity": 22618000, "totalStockholderEquity": 494670000, "netTangibleAssets": 31303000}, {"maxAge": 1, "endDate": "2017-03-31", "cash": 51219000, "shortTermInvestments": 21370000, "netReceivables": 297130000, "inventory": 132407000, "otherCurrentAssets": 108781000, "totalCurrentAssets": 627872000, "longTermInvestments": 2612000, "propertyPlantEquipment": 990787000, "intangibleAssets": 543849000, "otherAssets": 352517000, "deferredLongTermAssetCharges": 29022000, "totalAssets": 2517637000, "accountsPayable": 468050000, "shortLongTermDebt": 392894000, "otherCurrentLiab": 108605000, "longTermDebt": 352570000, "otherLiab": 58066000, "deferredLongTermLiab": 36641000, "minorityInterest": 70273000, "totalCurrentLiabilities": 1654478000, "totalLiab": 2070267000, "commonStock": 220400000, "retainedEarnings": -551800000, "treasuryStock": 33350000, "capitalSurplus": 675147000, "otherStockholderEquity": 33350000, "totalStockholderEquity": 377097000, "netTangibleAssets": -166752000}], "maxAge": 86400}, "financialData": {"maxAge": 86400, "currentPrice": 41.3, "recommendationKey": "none", "totalCash": 94264000, "totalCashPerShare": 3.329, "ebitda": 130113000, "totalDebt": 1481411968, "totalRevenue": 722774016, "revenuePerShare": 25.275, "grossProfits": 199963000, "revenueGrowth": 0.391, "grossMargins": 0.48035, "ebitdaMargins": 0.18002, "operatingMargins": 0.10898, "profitMargins": -0.35511002, "financialCurrency": "INR"}}}