{"LYKISLTD.BO": {"cashflowStatementHistory": {"cashflowStatements": [{"maxAge": 1, "endDate": "2020-03-31", "netIncome": -19042000, "depreciation": 7446000, "changeToNetincome": 14267000, "changeToAccountReceivables": 86642000, "changeToLiabilities": -88424000, "changeToInventory": 38625000, "changeToOperatingActivities": 52308000, "totalCashFromOperatingActivities": 91822000, "capitalExpenditures": -4348000, "investments": -3395000, "otherCashflowsFromInvestingActivities": 6942000, "totalCashflowsFromInvestingActivities": -521000, "netBorrowings": -57995000, "otherCashflowsFromFinancingActivities": -22673000, "totalCashFromFinancingActivities": -80668000, "changeInCash": 10633000}, {"maxAge": 1, "endDate": "2019-03-31", "netIncome": -24209000, "depreciation": 6859000, "changeToNetincome": 53067000, "changeToAccountReceivables": 113519000, "changeToLiabilities": 63206000, "changeToInventory": 33748000, "changeToOperatingActivities": 113910000, "totalCashFromOperatingActivities": 360100000, "capitalExpenditures": -7039000, "investments": 22745000, "otherCashflowsFromInvestingActivities": 4087000, "totalCashflowsFromInvestingActivities": 20053000, "netBorrowings": -658665000, "otherCashflowsFromFinancingActivities": -20379000, "totalCashFromFinancingActivities": -679044000, "changeInCash": -298891000}, {"maxAge": 1, "endDate": "2018-03-31", "netIncome": -35861000, "depreciation": 4790000, "changeToNetincome": 90418000, "changeToAccountReceivables": -6797000, "changeToLiabilities": 25457000, "changeToInventory": -33320000, "changeToOperatingActivities": -28363000, "totalCashFromOperatingActivities": 16324000, "capitalExpenditures": -10798000, "investments": -441000, "otherCashflowsFromInvestingActivities": 12085000, "totalCashflowsFromInvestingActivities": 846000, "netBorrowings": 233179000, "otherCashflowsFromFinancingActivities": -20379000, "totalCashFromFinancingActivities": 233179000, "changeInCash": 250349000}, {"maxAge": 1, "endDate": "2017-03-31", "netIncome": -34363000, "depreciation": 4200000, "changeToNetincome": 3677000, "changeToAccountReceivables": -155648000, "changeToLiabilities": 76101000, "changeToInventory": -2799000, "changeToOperatingActivities": -224715000, "totalCashFromOperatingActivities": -333547000, "capitalExpenditures": -3099000, "investments": 97999000, "otherCashflowsFromInvestingActivities": 12085000, "totalCashflowsFromInvestingActivities": 94900000, "netBorrowings": 334398000, "otherCashflowsFromFinancingActivities": -20379000, "totalCashFromFinancingActivities": 334398000, "changeInCash": 95751000}], "maxAge": 86400}, "institutionOwnership": {"maxAge": 1, "ownershipList": []}, "balanceSheetHistoryQuarterly": {"balanceSheetStatements": [{"maxAge": 1, "endDate": "2020-06-30", "totalStockholderEquity": 161620000, "netTangibleAssets": 161594000}, {"maxAge": 1, "endDate": "2020-03-31", "cash": 39101000, "shortTermInvestments": 100071000, "netReceivables": 208153000, "inventory": 8947000, "otherCurrentAssets": 236087000, "totalCurrentAssets": 594653000, "longTermInvestments": 495000, "propertyPlantEquipment": 162256000, "intangibleAssets": 26000, "totalAssets": 757430000, "accountsPayable": 45594000, "shortLongTermDebt": 100197000, "otherCurrentLiab": 41017000, "longTermDebt": 113000, "otherLiab": 7297000, "minorityInterest": -75000, "totalCurrentLiabilities": 571188000, "totalLiab": 595885000, "commonStock": 193752000, "retainedEarnings": -157954000, "treasuryStock": 8716000, "capitalSurplus": 117106000, "otherStockholderEquity": 8716000, "totalStockholderEquity": 161620000, "netTangibleAssets": 161594000}, {"maxAge": 1, "endDate": "2019-12-31", "totalStockholderEquity": 163420000, "netTangibleAssets": 163367000}, {"maxAge": 1, "endDate": "2019-09-30", "cash": 122601000, "shortTermInvestments": 33001000, "netReceivables": 277426000, "inventory": 50502000, "otherCurrentAssets": 315122000, "totalCurrentAssets": 798652000, "longTermInvestments": 1096000, "propertyPlantEquipment": 141455000, "intangibleAssets": 53000, "otherAssets": 21270000, "totalAssets": 962526000, "accountsPayable": 128287000, "shortLongTermDebt": 8473000, "otherCurrentLiab": 177764000, "longTermDebt": 225000, "otherLiab": 4726000, "minorityInterest": -75000, "totalCurrentLiabilities": 794230000, "totalLiab": 799181000, "commonStock": 199270000, "treasuryStock": -35850000, "otherStockholderEquity": -35850000, "totalStockholderEquity": 163420000, "netTangibleAssets": 163367000}], "maxAge": 86400}, "indexTrend": {"maxAge": 1, "symbol": "SP5", "peRatio": 19.7411, "pegRatio": 1.34172, "estimates": [{"period": "0q", "growth": 0.549}, {"period": "+1q", "growth": 0.431}, {"period": "0y", "growth": 0.305}, {"period": "+1y", "growth": 0.109}, {"period": "+5y", "growth": 0.120859005}, {"period": "-5y"}]}, "insiderTransactions": {"transactions": [{"maxAge": 1, "shares": 2376472, "value": 644261, "filerUrl": "", "transactionText": "Other at price 0.27 per share.", "filerName": "Kedia (Vijay Kumar)", "filerRelation": "Promoter", "moneyText": "", "startDate": "2020-09-29", "ownership": "D"}, {"maxAge": 1, "shares": 2376472, "value": 644261, "filerUrl": "", "transactionText": "Other at price 0.27 per share.", "filerName": "Dhrolia (Nadir)", "filerRelation": "Director", "moneyText": "", "startDate": "2020-09-29", "ownership": "D"}, {"maxAge": 1, "shares": 2126703, "filerUrl": "", "transactionText": "", "filerName": "Charania (Zarin Nazim)", "filerRelation": "UNREPORTED", "moneyText": "", "startDate": "2020-09-09", "ownership": "D"}, {"maxAge": 1, "shares": 1082835, "filerUrl": "", "transactionText": "", "filerName": "Kamani (Salim Anwarali)", "filerRelation": "UNREPORTED", "moneyText": "", "startDate": "2020-09-08", "ownership": "D"}, {"maxAge": 1, "shares": 1569288, "filerUrl": "", "transactionText": "", "filerName": "Kamani (Anwarali)", "filerRelation": "UNREPORTED", "moneyText": "", "startDate": "2020-09-08", "ownership": "D"}, {"maxAge": 1, "shares": 1640250, "filerUrl": "", "transactionText": "", "filerName": "Charania (Nazim Sadrudin)", "filerRelation": "UNREPORTED", "moneyText": "", "startDate": "2020-09-08", "ownership": "D"}, {"maxAge": 1, "shares": 2126703, "filerUrl": "", "transactionText": "", "filerName": "Charania (Zarin Nazim)", "filerRelation": "UNREPORTED", "moneyText": "", "startDate": "2020-09-08", "ownership": "D"}, {"maxAge": 1, "shares": 6329124, "value": 1716458, "filerUrl": "", "transactionText": "Other at price 0.27 per share.", "filerName": "Dhrolia (Nadir)", "filerRelation": "Director", "moneyText": "", "startDate": "2020-09-08", "ownership": "D"}, {"maxAge": 1, "shares": 2300000, "filerUrl": "", "transactionText": "", "filerName": "Dhrolia (Nadir)", "filerRelation": "Director", "moneyText": "", "startDate": "2020-06-15", "ownership": "D"}, {"maxAge": 1, "shares": 2352834, "filerUrl": "", "transactionText": "", "filerName": "Kedia Securities Pvt Ltd", "filerRelation": "Promoter", "moneyText": "", "startDate": "2020-06-15", "ownership": "D"}, {"maxAge": 1, "shares": 2000, "filerUrl": "", "transactionText": "", "filerName": "Tulsian (Prince)", "filerRelation": "UNREPORTED", "moneyText": "", "startDate": "2019-11-21", "ownership": "D"}, {"maxAge": 1, "shares": 2359370, "filerUrl": "", "transactionText": "", "filerName": "Dhrolia (Sajid Umedali)", "filerRelation": "UNREPORTED", "moneyText": "", "startDate": "2019-04-01", "ownership": "D"}, {"maxAge": 1, "shares": 2359370, "filerUrl": "", "transactionText": "", "filerName": "Dhrolia (Nadir)", "filerRelation": "Director", "moneyText": "", "startDate": "2019-04-01", "ownership": "D"}], "maxAge": 1}, "quoteType": {"exchange": "BSE", "quoteType": "EQUITY", "symbol": "LYKISLTD.BO", "underlyingSymbol": "LYKISLTD.BO", "shortName": "LYKIS LIMITED", "longName": "Lykis Limited", "firstTradeDateEpochUtc": "2011-12-01 09:15:00", "timeZoneFullName": "Asia/Kolkata", "timeZoneShortName": "IST", "uuid": "d5effb90-23bd-364a-a674-094649dfdc0d", "messageBoardId": null, "gmtOffSetMilliseconds": 19800000, "maxAge": 1}, "incomeStatementHistory": {"incomeStatementHistory": [{"maxAge": 1, "endDate": "2020-03-31", "totalRevenue": 881379000, "costOfRevenue": 749065000, "grossProfit": 132314000, "researchDevelopment": {}, "sellingGeneralAdministrative": 54893000, "nonRecurring": {}, "otherOperatingExpenses": 84843000, "totalOperatingExpenses": 896247000, "operatingIncome": -14868000, "totalOtherIncomeExpenseNet": -2649000, "ebit": -14868000, "interestExpense": -26700000, "incomeBeforeTax": -17517000, "incomeTaxExpense": 1525000, "minorityInterest": -75000, "netIncomeFromContinuingOps": -19042000, "discontinuedOperations": {}, "extraordinaryItems": {}, "effectOfAccountingCharges": {}, "otherItems": {}, "netIncome": -19042000, "netIncomeApplicableToCommonShares": -19042000}, {"maxAge": 1, "endDate": "2019-03-31", "totalRevenue": 1469723000, "costOfRevenue": 1209066000, "grossProfit": 260657000, "researchDevelopment": {}, "sellingGeneralAdministrative": 76382000, "nonRecurring": {}, "otherOperatingExpenses": 122510000, "totalOperatingExpenses": 1414817000, "operatingIncome": 54906000, "totalOtherIncomeExpenseNet": -71602000, "ebit": 54906000, "interestExpense": -19482000, "incomeBeforeTax": -16696000, "incomeTaxExpense": 7513000, "minorityInterest": -72000, "netIncomeFromContinuingOps": -24209000, "discontinuedOperations": {}, "extraordinaryItems": {}, "effectOfAccountingCharges": {}, "otherItems": {}, "netIncome": -24209000, "netIncomeApplicableToCommonShares": -24209000}, {"maxAge": 1, "endDate": "2018-03-31", "totalRevenue": 1482496000, "costOfRevenue": 1278682000, "grossProfit": 203814000, "researchDevelopment": {}, "sellingGeneralAdministrative": 63351000, "nonRecurring": {}, "otherOperatingExpenses": 148516000, "totalOperatingExpenses": 1495339000, "operatingIncome": -12843000, "totalOtherIncomeExpenseNet": -24308000, "ebit": -12843000, "interestExpense": -47638000, "incomeBeforeTax": -37151000, "incomeTaxExpense": -1290000, "minorityInterest": -64000, "netIncomeFromContinuingOps": -35861000, "discontinuedOperations": {}, "extraordinaryItems": {}, "effectOfAccountingCharges": {}, "otherItems": {}, "netIncome": -35861000, "netIncomeApplicableToCommonShares": -35861000}, {"maxAge": 1, "endDate": "2017-03-31", "totalRevenue": 1072388000, "costOfRevenue": 914662000, "grossProfit": 157726000, "researchDevelopment": {}, "sellingGeneralAdministrative": 68558000, "nonRecurring": {}, "otherOperatingExpenses": 116405000, "totalOperatingExpenses": 1103825000, "operatingIncome": -31437000, "totalOtherIncomeExpenseNet": -1662000, "ebit": -31437000, "interestExpense": -28429000, "incomeBeforeTax": -33099000, "incomeTaxExpense": 1264000, "minorityInterest": -50000, "netIncomeFromContinuingOps": -34363000, "discontinuedOperations": {}, "extraordinaryItems": {}, "effectOfAccountingCharges": {}, "otherItems": {}, "netIncome": -34363000, "netIncomeApplicableToCommonShares": -34363000}], "maxAge": 86400}, "fundOwnership": {"maxAge": 1, "ownershipList": []}, "summaryDetail": {"maxAge": 1, "priceHint": 2, "previousClose": 33.2, "open": 32.2, "dayLow": 31.55, "dayHigh": 33.5, "regularMarketPreviousClose": 33.2, "regularMarketOpen": 32.2, "regularMarketDayLow": 31.55, "regularMarketDayHigh": 33.5, "volume": 5673, "regularMarketVolume": 5673, "averageVolume": 8554, "averageVolume10days": 12439, "averageDailyVolume10Day": 12439, "bid": 31.55, "ask": 33.0, "bidSize": 0, "askSize": 0, "marketCap": 630662720, "fiftyTwoWeekLow": 11.5, "fiftyTwoWeekHigh": 35.0, "fiftyDayAverage": 25.9, "twoHundredDayAverage": 25.856205, "currency": "INR", "fromCurrency": null, "toCurrency": null, "lastMarket": null, "algorithm": null, "tradeable": false}, "incomeStatementHistoryQuarterly": {"incomeStatementHistory": [{"maxAge": 1, "endDate": "2020-06-30", "totalRevenue": 52379000, "costOfRevenue": 46011000, "grossProfit": 6368000, "researchDevelopment": {}, "sellingGeneralAdministrative": 6620000, "nonRecurring": {}, "otherOperatingExpenses": 9605000, "totalOperatingExpenses": 64058000, "operatingIncome": -11679000, "totalOtherIncomeExpenseNet": -4867000, "ebit": -11679000, "interestExpense": -6949000, "incomeBeforeTax": -16546000, "incomeTaxExpense": 0, "minorityInterest": {}, "netIncomeFromContinuingOps": -16546000, "discontinuedOperations": -44999000, "extraordinaryItems": {}, "effectOfAccountingCharges": {}, "otherItems": {}, "netIncome": -61545000, "netIncomeApplicableToCommonShares": -61545000}, {"maxAge": 1, "endDate": "2020-03-31", "totalRevenue": 121665000, "costOfRevenue": 105865000, "grossProfit": 15800000, "researchDevelopment": {}, "sellingGeneralAdministrative": 18448000, "nonRecurring": {}, "otherOperatingExpenses": 6628000, "totalOperatingExpenses": 133553000, "operatingIncome": -11888000, "totalOtherIncomeExpenseNet": 224000, "ebit": -11888000, "interestExpense": -10016000, "incomeBeforeTax": -11664000, "incomeTaxExpense": 295000, "minorityInterest": -75000, "netIncomeFromContinuingOps": -11959000, "discontinuedOperations": -44999000, "extraordinaryItems": {}, "effectOfAccountingCharges": {}, "otherItems": {}, "netIncome": -11959000, "netIncomeApplicableToCommonShares": -11959000}, {"maxAge": 1, "endDate": "2019-12-31", "totalRevenue": 278770000, "costOfRevenue": 222550000, "grossProfit": 56220000, "researchDevelopment": {}, "sellingGeneralAdministrative": 12900000, "nonRecurring": {}, "otherOperatingExpenses": 21100000, "totalOperatingExpenses": 258760000, "operatingIncome": 20010000, "totalOtherIncomeExpenseNet": -3710000, "ebit": 20010000, "interestExpense": -6330000, "incomeBeforeTax": 16300000, "incomeTaxExpense": 1230000, "minorityInterest": -75000, "netIncomeFromContinuingOps": 15070000, "discontinuedOperations": -44999000, "extraordinaryItems": {}, "effectOfAccountingCharges": {}, "otherItems": {}, "netIncome": 15070000, "netIncomeApplicableToCommonShares": 15070000}, {"maxAge": 1, "endDate": "2019-09-30", "totalRevenue": 208011000, "costOfRevenue": 175594000, "grossProfit": 32417000, "researchDevelopment": {}, "sellingGeneralAdministrative": 13827000, "nonRecurring": {}, "otherOperatingExpenses": 22567000, "totalOperatingExpenses": 213301000, "operatingIncome": -5290000, "totalOtherIncomeExpenseNet": -95000, "ebit": -5290000, "interestExpense": -5477000, "incomeBeforeTax": -5385000, "incomeTaxExpense": 0, "minorityInterest": -75000, "netIncomeFromContinuingOps": -5385000, "discontinuedOperations": -44999000, "extraordinaryItems": {}, "effectOfAccountingCharges": {}, "otherItems": {}, "netIncome": -5385000, "netIncomeApplicableToCommonShares": -5385000}], "maxAge": 86400}, "cashflowStatementHistoryQuarterly": {"cashflowStatements": [{"maxAge": 1, "endDate": "2020-06-30", "netIncome": -61545000, "changeToLiabilities": 0}, {"maxAge": 1, "endDate": "2020-03-31", "netIncome": -11959000, "changeToLiabilities": 0}, {"maxAge": 1, "endDate": "2019-12-31", "netIncome": 15070000, "changeToLiabilities": 0}, {"maxAge": 1, "endDate": "2019-09-30", "netIncome": -5385000, "changeToLiabilities": 0}], "maxAge": 86400}, "insiderHolders": {"holders": [{"maxAge": 1, "name": "Charania (Nazim Sadrudin)", "relation": "UNREPORTED", "url": "", "transactionDescription": "Sale", "latestTransDate": "2020-09-08", "positionDirect": 25000, "positionDirectDate": "2020-09-08"}, {"maxAge": 1, "name": "Charania (Zarin Nazim)", "relation": "UNREPORTED", "url": "", "transactionDescription": "Sale", "latestTransDate": "2020-09-09", "positionDirect": 0, "positionDirectDate": "2020-09-09"}, {"maxAge": 1, "name": "Dhrolia (Nadir)", "relation": "Director", "url": "", "transactionDescription": "Other", "latestTransDate": "2020-09-29", "positionDirect": 13364966, "positionDirectDate": "2020-09-29"}, {"maxAge": 1, "name": "Dhrolia (Sajid Umedali)", "relation": "UNREPORTED", "url": "", "transactionDescription": "Gift", "latestTransDate": "2019-04-01", "positionDirect": 0, "positionDirectDate": "2019-04-01"}, {"maxAge": 1, "name": "Kamani (Anwarali)", "relation": "UNREPORTED", "url": "", "transactionDescription": "Sale", "latestTransDate": "2020-09-08", "positionDirect": 0, "positionDirectDate": "2020-09-08"}, {"maxAge": 1, "name": "Kamani (Salim Anwarali)", "relation": "UNREPORTED", "url": "", "transactionDescription": "Sale", "latestTransDate": "2020-09-08", "positionDirect": 25000, "positionDirectDate": "2020-09-08"}, {"maxAge": 1, "name": "Kedia (Vijay Kumar)", "relation": "Promoter", "url": "", "transactionDescription": "Other", "latestTransDate": "2020-09-29", "positionDirect": 1807911, "positionDirectDate": "2020-09-29"}, {"maxAge": 1, "name": "Kedia Securities Pvt Ltd", "relation": "Promoter", "url": "", "transactionDescription": "Sale", "latestTransDate": "2020-06-15", "positionDirect": 126601, "positionDirectDate": "2020-06-15"}, {"maxAge": 1, "name": "Tulsian (Prince)", "relation": "UNREPORTED", "url": "", "transactionDescription": "Acquisition", "latestTransDate": "2019-11-21", "positionDirect": 2000, "positionDirectDate": "2019-11-21"}], "maxAge": 1}, "calendarEvents": {"maxAge": 1, "earnings": {"earningsDate": []}}, "price": {"maxAge": 1, "regularMarketChangePercent": -0.019578358, "regularMarketChange": -0.6500015, "regularMarketTime": "2021-04-30 15:23:20", "priceHint": 2, "regularMarketPrice": 32.55, "regularMarketDayHigh": 33.5, "regularMarketDayLow": 31.55, "regularMarketVolume": 5673, "averageDailyVolume10Day": 12439, "averageDailyVolume3Month": 8554, "regularMarketPreviousClose": 33.2, "regularMarketSource": "FREE_REALTIME", "regularMarketOpen": 32.2, "exchange": "BSE", "exchangeName": "BSE", "exchangeDataDelayedBy": 0, "marketState": "CLOSED", "quoteType": "EQUITY", "symbol": "LYKISLTD.BO", "underlyingSymbol": null, "shortName": "LYKIS LIMITED", "longName": "Lykis Limited", "currency": "INR", "quoteSourceName": "Delayed Quote", "currencySymbol": "\u20b9", "fromCurrency": null, "toCurrency": null, "lastMarket": null, "marketCap": 630662720}, "balanceSheetHistory": {"balanceSheetStatements": [{"maxAge": 1, "endDate": "2020-03-31", "cash": 39101000, "shortTermInvestments": 100071000, "netReceivables": 208153000, "inventory": 8947000, "otherCurrentAssets": 236087000, "totalCurrentAssets": 594653000, "longTermInvestments": 495000, "propertyPlantEquipment": 162256000, "intangibleAssets": 26000, "totalAssets": 757430000, "accountsPayable": 45594000, "shortLongTermDebt": 100197000, "otherCurrentLiab": 41017000, "longTermDebt": 113000, "otherLiab": 7297000, "minorityInterest": -75000, "totalCurrentLiabilities": 571188000, "totalLiab": 595885000, "commonStock": 193752000, "retainedEarnings": -157954000, "treasuryStock": 8716000, "capitalSurplus": 117106000, "otherStockholderEquity": 8716000, "totalStockholderEquity": 161620000, "netTangibleAssets": 161594000}, {"maxAge": 1, "endDate": "2019-03-31", "cash": 28467000, "shortTermInvestments": 95090000, "netReceivables": 375503000, "inventory": 47248000, "otherCurrentAssets": 285253000, "totalCurrentAssets": 833140000, "longTermInvestments": 950000, "propertyPlantEquipment": 143122000, "intangibleAssets": 79000, "otherAssets": 147000, "totalAssets": 977438000, "accountsPayable": 149453000, "shortLongTermDebt": 752000, "otherCurrentLiab": 201116000, "longTermDebt": 100326000, "otherLiab": 5158000, "minorityInterest": -72000, "totalCurrentLiabilities": 688620000, "totalLiab": 794104000, "commonStock": 193752000, "retainedEarnings": -138916000, "treasuryStock": 11464000, "capitalSurplus": 117106000, "otherStockholderEquity": 11464000, "totalStockholderEquity": 183406000, "netTangibleAssets": 183327000}, {"maxAge": 1, "endDate": "2018-03-31", "cash": 422449000, "shortTermInvestments": 445000, "netReceivables": 695145000, "inventory": 81322000, "otherCurrentAssets": 372835000, "totalCurrentAssets": 1572381000, "longTermInvestments": 1509000, "propertyPlantEquipment": 143027000, "intangibleAssets": 132000, "otherAssets": 20567000, "deferredLongTermAssetCharges": 2057000, "totalAssets": 1737616000, "accountsPayable": 63747000, "shortLongTermDebt": 45030000, "otherCurrentLiab": 372935000, "longTermDebt": 387000, "otherLiab": 700000, "minorityInterest": -64000, "totalCurrentLiabilities": 1570256000, "totalLiab": 1571343000, "commonStock": 193752000, "retainedEarnings": -155985000, "treasuryStock": 11464000, "capitalSurplus": 117106000, "otherStockholderEquity": 11464000, "totalStockholderEquity": 166337000, "netTangibleAssets": 166205000}, {"maxAge": 1, "endDate": "2017-03-31", "cash": 172099000, "shortTermInvestments": 4000, "netReceivables": 429111000, "inventory": 48000000, "otherCurrentAssets": 402429000, "totalCurrentAssets": 1051843000, "longTermInvestments": 5603000, "propertyPlantEquipment": 132280000, "intangibleAssets": 185000, "otherAssets": 116000, "totalAssets": 1190027000, "accountsPayable": 51040000, "shortLongTermDebt": 8280000, "otherCurrentLiab": 44710000, "longTermDebt": 483000, "otherLiab": 1046000, "minorityInterest": -50000, "totalCurrentLiabilities": 961337000, "totalLiab": 962866000, "commonStock": 193752000, "retainedEarnings": -94679000, "treasuryStock": 11032000, "capitalSurplus": 117106000, "otherStockholderEquity": 11032000, "totalStockholderEquity": 227211000, "netTangibleAssets": 227026000}], "maxAge": 86400}, "financialData": {"maxAge": 86400, "currentPrice": 32.55, "recommendationKey": "none", "grossProfits": 132314000, "financialCurrency": "INR"}}}