{"LYPSAGEMS.NS": {"assetProfile": {"address1": "Mehta Mahal, Opera House", "address2": "2nd Floor, North Side Opposite Roxy Cinema 15th Mathew Road", "city": "Mumbai", "zip": "400004", "country": "India", "phone": "91 22 2367 9792", "fax": "91 22 2367 9794", "website": "http://www.lypsa.in", "industry": "Luxury Goods", "sector": "Consumer Cyclical", "longBusinessSummary": "Lypsa Gems & Jewellery Limited engages in the diamonds business primarily in India. It makes, polishes, trades, imports, and exports diamonds, gems, and other precious stones. The company exports its products to the United States, Belgium, Israel, the United Arab Emirates, and Hong Kong. It serves small and mid-level diamond manufacturers. The company was formerly known as Maloo Gems & Jewellery Limited and changed its name to Lypsa Gems & Jewellery Limited in August 2011. Lypsa Gems & Jewellery Limited was incorporated in 1995 and is based in Mumbai, India.", "companyOfficers": [{"maxAge": 1, "name": "Mr. Dipankumar Babulal Patwa", "age": 57, "title": "Chairman & Joint MD", "yearBorn": 1963, "fiscalYear": 2020, "totalPay": 1050000, "exercisedValue": 0, "unexercisedValue": 0}, {"maxAge": 1, "name": "Mr. Manish Jaysukhlal Janani", "age": 54, "title": "MD, CEO & Exec. Director", "yearBorn": 1966, "fiscalYear": 2020, "totalPay": 0, "exercisedValue": 0, "unexercisedValue": 0}, {"maxAge": 1, "name": "Mr. Jeeyan Dipankumar Patwa", "age": 31, "title": "CFO & Exec. Director", "yearBorn": 1989, "fiscalYear": 2020, "totalPay": 420000, "exercisedValue": 0, "unexercisedValue": 0}, {"maxAge": 1, "name": "Ms. Preeti  Agarwal", "title": "Company Sec. & Compliance Officer", "exercisedValue": 0, "unexercisedValue": 0}], "compensationAsOfEpochDate": "2020-12-31 05:30:00", "maxAge": 86400}, "cashflowStatementHistory": {"cashflowStatements": [{"maxAge": 1, "endDate": "2019-03-31", "netIncome": 144171000, "changeToLiabilities": 0}, {"maxAge": 1, "endDate": "2018-03-31", "netIncome": 280744000, "depreciation": 3689000, "changeToNetincome": 754000, "changeToLiabilities": 0, "changeToOperatingActivities": -278905000, "totalCashFromOperatingActivities": 6282000, "netBorrowings": -3744000, "totalCashFromFinancingActivities": -3744000, "changeInCash": 2537000}, {"maxAge": 1, "endDate": "2017-03-31", "netIncome": 214965000, "depreciation": 4242000, "changeToNetincome": -2000000, "changeToLiabilities": 0, "changeToOperatingActivities": -193787000, "totalCashFromOperatingActivities": 23495000, "otherCashflowsFromInvestingActivities": 2118000, "totalCashflowsFromInvestingActivities": 2468000, "netBorrowings": -84524000, "totalCashFromFinancingActivities": -84524000, "changeInCash": -58561000}, {"maxAge": 1, "endDate": "2016-03-31", "netIncome": 186887000, "depreciation": 4611000, "changeToNetincome": -4112000, "changeToLiabilities": 0, "changeToOperatingActivities": -156049000, "totalCashFromOperatingActivities": 31412000, "capitalExpenditures": -15959000, "otherCashflowsFromInvestingActivities": 4987000, "totalCashflowsFromInvestingActivities": -10972000, "netBorrowings": -56678000, "totalCashFromFinancingActivities": -56678000, "changeInCash": -36239000}], "maxAge": 86400}, "institutionOwnership": {"ownershipList": [], "maxAge": 1}, "majorHoldersBreakdown": {"maxAge": 1, "insidersPercentHeld": 0.40558997, "institutionsPercentHeld": 0.01997, "institutionsFloatPercentHeld": 0.03359, "institutionsCount": 1}, "balanceSheetHistoryQuarterly": {"balanceSheetStatements": [{"maxAge": 1, "endDate": "2020-12-31", "totalStockholderEquity": 1005114000, "netTangibleAssets": 1005114000}, {"maxAge": 1, "endDate": "2020-09-30", "cash": 4893000, "shortTermInvestments": -749000, "netReceivables": 2771096000, "inventory": 39476000, "totalCurrentAssets": 2814716000, "longTermInvestments": 919000, "propertyPlantEquipment": 41570000, "otherAssets": 3113000, "totalAssets": 2860318000, "accountsPayable": 1630297000, "otherCurrentLiab": 15457000, "otherLiab": 3385000, "totalCurrentLiabilities": 1851819000, "totalLiab": 1855204000, "commonStock": 294840000, "treasuryStock": 710274000, "otherStockholderEquity": 710274000, "totalStockholderEquity": 1005114000, "netTangibleAssets": 1005114000}, {"maxAge": 1, "endDate": "2020-06-30"}, {"maxAge": 1, "endDate": "2019-12-31", "totalStockholderEquity": 1435268000, "netTangibleAssets": 1435268000}], "maxAge": 86400}, "indexTrend": {"maxAge": 1, "symbol": "SP5", "peRatio": 19.7411, "pegRatio": 1.34172, "estimates": [{"period": "0q", "growth": 0.549}, {"period": "+1q", "growth": 0.431}, {"period": "0y", "growth": 0.305}, {"period": "+1y", "growth": 0.109}, {"period": "+5y", "growth": 0.120865}, {"period": "-5y"}]}, "defaultKeyStatistics": {"maxAge": 1, "priceHint": 4, "enterpriseValue": 327277984, "profitMargins": -0.072859995, "floatShares": 15606503, "sharesOutstanding": 29484000, "heldPercentInsiders": 0.40558997, "heldPercentInstitutions": 0.01997, "beta": 0.782092, "category": null, "bookValue": 34.06, "priceToBook": 0.1247798, "fundFamily": null, "legalType": null, "lastFiscalYearEnd": "2019-03-31 05:30:00", "nextFiscalYearEnd": "2021-03-31 05:30:00", "mostRecentQuarter": "2020-12-31 05:30:00", "netIncomeToCommon": -45765000, "trailingEps": -1.551, "lastSplitFactor": "7:5", "lastSplitDate": "2017-07-12 05:30:00", "enterpriseToRevenue": 0.521, "enterpriseToEbitda": 12.128}, "summaryProfile": {"address1": "Mehta Mahal, Opera House", "address2": "2nd Floor, North Side Opposite Roxy Cinema 15th Mathew Road", "city": "Mumbai", "zip": "400004", "country": "India", "phone": "91 22 2367 9792", "fax": "91 22 2367 9794", "website": "http://www.lypsa.in", "industry": "Luxury Goods", "sector": "Consumer Cyclical", "longBusinessSummary": "Lypsa Gems & Jewellery Limited engages in the diamonds business primarily in India. It makes, polishes, trades, imports, and exports diamonds, gems, and other precious stones. The company exports its products to the United States, Belgium, Israel, the United Arab Emirates, and Hong Kong. It serves small and mid-level diamond manufacturers. The company was formerly known as Maloo Gems & Jewellery Limited and changed its name to Lypsa Gems & Jewellery Limited in August 2011. Lypsa Gems & Jewellery Limited was incorporated in 1995 and is based in Mumbai, India.", "companyOfficers": [], "maxAge": 86400}, "netSharePurchaseActivity": {"maxAge": 1, "period": "6m", "buyInfoCount": 0, "buyInfoShares": 0, "sellInfoCount": 0, "netInfoCount": 0, "netInfoShares": 0, "netPercentInsiderShares": 0.0, "totalInsiderShares": 11963185}, "insiderTransactions": {"transactions": [{"maxAge": 1, "shares": 10000, "filerUrl": "", "transactionText": "", "filerName": "Patwa (Dipan Babulal)", "filerRelation": "Chairman of the Board", "moneyText": "", "startDate": "2019-02-27", "ownership": "D"}, {"maxAge": 1, "shares": 5000, "filerUrl": "", "transactionText": "", "filerName": "Patwa (Dipan Babulal)", "filerRelation": "Chairman of the Board", "moneyText": "", "startDate": "2019-02-20", "ownership": "D"}, {"maxAge": 1, "shares": 5500, "filerUrl": "", "transactionText": "", "filerName": "Patwa (Dipan Babulal)", "filerRelation": "Chairman of the Board", "moneyText": "", "startDate": "2018-03-07", "ownership": "D"}, {"maxAge": 1, "shares": 5000, "filerUrl": "", "transactionText": "", "filerName": "Patwa (Dipan Babulal)", "filerRelation": "Chairman of the Board", "moneyText": "", "startDate": "2018-01-23", "ownership": "D"}, {"maxAge": 1, "shares": 5000, "filerUrl": "", "transactionText": "", "filerName": "Patwa (Dipan Babulal)", "filerRelation": "Chairman of the Board", "moneyText": "", "startDate": "2017-12-11", "ownership": "D"}, {"maxAge": 1, "shares": 5000, "filerUrl": "", "transactionText": "", "filerName": "Patwa (Dipan Babulal)", "filerRelation": "Chairman of the Board", "moneyText": "", "startDate": "2017-11-21", "ownership": "D"}, {"maxAge": 1, "shares": 5000, "filerUrl": "", "transactionText": "", "filerName": "Patwa (Dipan Babulal)", "filerRelation": "Chairman of the Board", "moneyText": "", "startDate": "2017-10-26", "ownership": "D"}, {"maxAge": 1, "shares": 5000, "filerUrl": "", "transactionText": "", "filerName": "Patwa (Dipan Babulal)", "filerRelation": "Chairman of the Board", "moneyText": "", "startDate": "2017-09-27", "ownership": "D"}, {"maxAge": 1, "shares": 10000, "filerUrl": "", "transactionText": "", "filerName": "Patwa (Dipan Babulal)", "filerRelation": "Chairman of the Board", "moneyText": "", "startDate": "2017-08-28", "ownership": "D"}, {"maxAge": 1, "shares": 1525500, "filerUrl": "", "transactionText": "", "filerName": "Patwa (Dipan Babulal)", "filerRelation": "Chairman of the Board", "moneyText": "", "startDate": "2017-07-27", "ownership": "D"}, {"maxAge": 1, "shares": 5000, "filerUrl": "", "transactionText": "", "filerName": "Patwa (Dipan Babulal)", "filerRelation": "Chairman of the Board", "moneyText": "", "startDate": "2017-07-17", "ownership": "D"}, {"maxAge": 1, "shares": 5000, "filerUrl": "", "transactionText": "", "filerName": "Patwa (Jeeyan Dipan)", "filerRelation": "Chief Financial Officer", "moneyText": "", "startDate": "2017-07-17", "ownership": "D"}, {"maxAge": 1, "shares": 5000, "filerUrl": "", "transactionText": "", "filerName": "Patwa (Dipan Babulal)", "filerRelation": "Chairman of the Board", "moneyText": "", "startDate": "2017-07-05", "ownership": "D"}, {"maxAge": 1, "shares": 10000, "filerUrl": "", "transactionText": "", "filerName": "Patwa (Dipan Babulal)", "filerRelation": "Chairman of the Board", "moneyText": "", "startDate": "2017-06-30", "ownership": "D"}, {"maxAge": 1, "shares": 5000, "filerUrl": "", "transactionText": "", "filerName": "Janani (Manish Jaysukhlal)", "filerRelation": "Chief Executive Officer", "moneyText": "", "startDate": "2016-06-30", "ownership": "D"}, {"maxAge": 1, "shares": 1271250, "filerUrl": "", "transactionText": "", "filerName": "Janani (Manish Jaysukhlal)", "filerRelation": "Chief Executive Officer", "moneyText": "", "startDate": "2015-10-20", "ownership": "D"}, {"maxAge": 1, "shares": 5000, "filerUrl": "", "transactionText": "", "filerName": "Patwa (Dipan Babulal)", "filerRelation": "Chairman of the Board", "moneyText": "", "startDate": "2014-11-20", "ownership": "D"}, {"maxAge": 1, "shares": 5000, "filerUrl": "", "transactionText": "", "filerName": "Patwa (Dipan Babulal)", "filerRelation": "Chairman of the Board", "moneyText": "", "startDate": "2014-10-09", "ownership": "D"}, {"maxAge": 1, "shares": 10000, "filerUrl": "", "transactionText": "", "filerName": "Janani (Manish Jaysukhlal)", "filerRelation": "Managing Director", "moneyText": "", "startDate": "2014-08-26", "ownership": "D"}], "maxAge": 1}, "quoteType": {"exchange": "NSI", "quoteType": "EQUITY", "symbol": "LYPSAGEMS.NS", "underlyingSymbol": "LYPSAGEMS.NS", "shortName": "LYPSA GEMS & JEWEL", "longName": "Lypsa Gems & Jewellery Limited", "firstTradeDateEpochUtc": "2013-11-05 09:15:00", "timeZoneFullName": "Asia/Kolkata", "timeZoneShortName": "IST", "uuid": "552ecd40-33bb-36a9-b149-a95131c626eb", "gmtOffSetMilliseconds": 19800000, "maxAge": 1}, "incomeStatementHistory": {"incomeStatementHistory": [{"maxAge": 1, "endDate": "2019-03-31", "totalRevenue": 1999227000, "costOfRevenue": 1836621000, "grossProfit": 162606000, "researchDevelopment": {}, "sellingGeneralAdministrative": 6238000, "nonRecurring": {}, "otherOperatingExpenses": 7127000, "totalOperatingExpenses": 1853478000, "operatingIncome": 145749000, "totalOtherIncomeExpenseNet": -1246000, "ebit": 145749000, "interestExpense": -2655000, "incomeBeforeTax": 144503000, "incomeTaxExpense": 332000, "minorityInterest": {}, "netIncomeFromContinuingOps": 144171000, "discontinuedOperations": {}, "extraordinaryItems": {}, "effectOfAccountingCharges": {}, "otherItems": {}, "netIncome": 144171000, "netIncomeApplicableToCommonShares": 144171000}, {"maxAge": 1, "endDate": "2018-03-31", "totalRevenue": 3200704000, "costOfRevenue": 2900089000, "grossProfit": 300615000, "researchDevelopment": {}, "sellingGeneralAdministrative": 8227000, "nonRecurring": {}, "otherOperatingExpenses": 9956000, "totalOperatingExpenses": 2921961000, "operatingIncome": 278743000, "totalOtherIncomeExpenseNet": 1898000, "ebit": 278743000, "interestExpense": -1302000, "incomeBeforeTax": 280641000, "incomeTaxExpense": -103000, "minorityInterest": {}, "netIncomeFromContinuingOps": 280744000, "discontinuedOperations": {}, "extraordinaryItems": {}, "effectOfAccountingCharges": {}, "otherItems": {}, "netIncome": 280744000, "netIncomeApplicableToCommonShares": 280744000}, {"maxAge": 1, "endDate": "2017-03-31", "totalRevenue": 2607386000, "costOfRevenue": 2337983000, "grossProfit": 269403000, "researchDevelopment": {}, "sellingGeneralAdministrative": 9187000, "nonRecurring": {}, "otherOperatingExpenses": 5879000, "totalOperatingExpenses": 2357366000, "operatingIncome": 250020000, "totalOtherIncomeExpenseNet": -34725000, "ebit": 250020000, "interestExpense": -36576000, "incomeBeforeTax": 215295000, "incomeTaxExpense": 330000, "minorityInterest": {}, "netIncomeFromContinuingOps": 214965000, "discontinuedOperations": {}, "extraordinaryItems": {}, "effectOfAccountingCharges": {}, "otherItems": {}, "netIncome": 214965000, "netIncomeApplicableToCommonShares": 214965000}, {"maxAge": 1, "endDate": "2016-03-31", "totalRevenue": 4770181000, "costOfRevenue": 4380017000, "grossProfit": 390164000, "researchDevelopment": {}, "sellingGeneralAdministrative": 40900000, "nonRecurring": {}, "otherOperatingExpenses": 105009000, "totalOperatingExpenses": 4530612000, "operatingIncome": 239569000, "totalOtherIncomeExpenseNet": -46798000, "ebit": 239569000, "interestExpense": -31503000, "incomeBeforeTax": 192771000, "incomeTaxExpense": 5884000, "minorityInterest": {}, "netIncomeFromContinuingOps": 186887000, "discontinuedOperations": {}, "extraordinaryItems": {}, "effectOfAccountingCharges": {}, "otherItems": {}, "netIncome": 186887000, "netIncomeApplicableToCommonShares": 186887000}], "maxAge": 86400}, "fundOwnership": {"ownershipList": [], "maxAge": 1}, "summaryDetail": {"maxAge": 1, "priceHint": 4, "previousClose": 4.15, "open": 4.0, "dayLow": 4.0, "dayHigh": 4.3, "regularMarketPreviousClose": 4.15, "regularMarketOpen": 4.0, "regularMarketDayLow": 4.0, "regularMarketDayHigh": 4.3, "exDividendDate": "2015-09-23 05:30:00", "payoutRatio": 0.0, "beta": 0.782092, "volume": 16426, "regularMarketVolume": 16426, "averageVolume": 29122, "averageVolume10days": 8900, "averageDailyVolume10Day": 8900, "bid": 0.0, "ask": 0.0, "bidSize": 0, "askSize": 0, "marketCap": 123495224, "fiftyTwoWeekLow": 2.4, "fiftyTwoWeekHigh": 6.7, "priceToSalesTrailing12Months": 0.19660525, "fiftyDayAverage": 4.927273, "twoHundredDayAverage": 4.1035714, "currency": "INR", "fromCurrency": null, "lastMarket": null, "algorithm": null, "tradeable": false}, "incomeStatementHistoryQuarterly": {"incomeStatementHistory": [{"maxAge": 1, "endDate": "2020-12-31", "totalRevenue": 33675000, "costOfRevenue": 31685000, "grossProfit": 1990000, "researchDevelopment": {}, "sellingGeneralAdministrative": 438000, "nonRecurring": {}, "otherOperatingExpenses": 488000, "totalOperatingExpenses": 33424000, "operatingIncome": 251000, "totalOtherIncomeExpenseNet": 0, "ebit": 251000, "interestExpense": {}, "incomeBeforeTax": 251000, "incomeTaxExpense": 0, "minorityInterest": {}, "netIncomeFromContinuingOps": 251000, "discontinuedOperations": {}, "extraordinaryItems": {}, "effectOfAccountingCharges": {}, "otherItems": {}, "netIncome": 251000, "netIncomeApplicableToCommonShares": 251000}, {"maxAge": 1, "endDate": "2020-09-30", "totalRevenue": 31297000, "costOfRevenue": 29918000, "grossProfit": 1379000, "researchDevelopment": {}, "sellingGeneralAdministrative": 668000, "nonRecurring": {}, "otherOperatingExpenses": 101887000, "totalOperatingExpenses": 133404000, "operatingIncome": -102107000, "totalOtherIncomeExpenseNet": 1000, "ebit": -102107000, "interestExpense": {}, "incomeBeforeTax": -102106000, "incomeTaxExpense": 0, "minorityInterest": {}, "netIncomeFromContinuingOps": -102106000, "discontinuedOperations": {}, "extraordinaryItems": {}, "effectOfAccountingCharges": {}, "otherItems": {}, "netIncome": -102106000, "netIncomeApplicableToCommonShares": -102106000}, {"maxAge": 1, "endDate": "2020-06-30", "totalRevenue": 3022000, "costOfRevenue": 2478000, "grossProfit": 544000, "researchDevelopment": {}, "sellingGeneralAdministrative": 678000, "nonRecurring": {}, "otherOperatingExpenses": 154587000, "totalOperatingExpenses": 158664000, "operatingIncome": -155642000, "totalOtherIncomeExpenseNet": 0, "ebit": -155642000, "interestExpense": {}, "incomeBeforeTax": -155642000, "incomeTaxExpense": 0, "minorityInterest": {}, "netIncomeFromContinuingOps": -155642000, "discontinuedOperations": {}, "extraordinaryItems": {}, "effectOfAccountingCharges": {}, "otherItems": {}, "netIncome": -155642000, "netIncomeApplicableToCommonShares": -155642000}, {"maxAge": 1, "endDate": "2019-12-31", "totalRevenue": 44420000, "costOfRevenue": 44182000, "grossProfit": 238000, "researchDevelopment": {}, "sellingGeneralAdministrative": 816000, "nonRecurring": {}, "otherOperatingExpenses": -1003000, "totalOperatingExpenses": 44857000, "operatingIncome": -437000, "totalOtherIncomeExpenseNet": -78981000, "ebit": -437000, "interestExpense": -11000, "incomeBeforeTax": -79418000, "incomeTaxExpense": 0, "minorityInterest": {}, "netIncomeFromContinuingOps": -79418000, "discontinuedOperations": {}, "extraordinaryItems": {}, "effectOfAccountingCharges": {}, "otherItems": {}, "netIncome": -79418000, "netIncomeApplicableToCommonShares": -79418000}], "maxAge": 86400}, "cashflowStatementHistoryQuarterly": {"cashflowStatements": [{"maxAge": 1, "endDate": "2020-12-31", "netIncome": 251000, "changeToLiabilities": 0}, {"maxAge": 1, "endDate": "2020-09-30", "netIncome": -102106000, "changeToLiabilities": 0}, {"maxAge": 1, "endDate": "2020-06-30", "netIncome": -155642000, "changeToLiabilities": 0}, {"maxAge": 1, "endDate": "2019-12-31", "netIncome": -79418000, "changeToLiabilities": 0}], "maxAge": 86400}, "insiderHolders": {"holders": [{"maxAge": 1, "name": "Janani (Manish Jaysukhlal)", "relation": "Chief Executive Officer", "url": "", "transactionDescription": "Acquisition", "latestTransDate": "2016-06-30", "positionDirect": 3808750, "positionDirectDate": "2016-06-30"}, {"maxAge": 1, "name": "Patwa (Dipan Babulal)", "relation": "Chairman of the Board", "url": "", "transactionDescription": "Acquisition", "latestTransDate": "2019-02-27", "positionDirect": 5387250, "positionDirectDate": "2019-02-27"}, {"maxAge": 1, "name": "Patwa (Jeeyan Dipan)", "relation": "Chief Financial Officer", "url": "", "transactionDescription": "Acquisition", "latestTransDate": "2017-07-17", "positionDirect": 5000, "positionDirectDate": "2017-07-17"}], "maxAge": 1}, "calendarEvents": {"maxAge": 1, "earnings": {"earningsDate": []}, "exDividendDate": "2015-09-23 05:30:00"}, "upgradeDowngradeHistory": {"history": [], "maxAge": 86400}, "price": {"maxAge": 1, "regularMarketChangePercent": 0.024096362, "regularMarketChange": 0.099999905, "regularMarketTime": "2021-04-30 15:19:27", "priceHint": 4, "regularMarketPrice": 4.25, "regularMarketDayHigh": 4.3, "regularMarketDayLow": 4.0, "regularMarketVolume": 16426, "averageDailyVolume10Day": 8900, "averageDailyVolume3Month": 29122, "regularMarketPreviousClose": 4.15, "regularMarketSource": "FREE_REALTIME", "regularMarketOpen": 4.0, "exchange": "NSI", "exchangeName": "NSE", "exchangeDataDelayedBy": 15, "marketState": "CLOSED", "quoteType": "EQUITY", "symbol": "LYPSAGEMS.NS", "underlyingSymbol": null, "shortName": "LYPSA GEMS & JEWEL", "longName": "Lypsa Gems & Jewellery Limited", "currency": "INR", "quoteSourceName": "Delayed Quote", "currencySymbol": "\u20b9", "fromCurrency": null, "lastMarket": null, "marketCap": 123495224}, "balanceSheetHistory": {"balanceSheetStatements": [{"maxAge": 1, "endDate": "2019-03-31", "cash": 5672000, "shortTermInvestments": 36910000, "netReceivables": 3554284000, "inventory": 10040000, "otherCurrentAssets": 150000, "totalCurrentAssets": 3607595000, "longTermInvestments": 92000, "propertyPlantEquipment": 46839000, "otherAssets": 4645000, "totalAssets": 3659171000, "accountsPayable": 1978866000, "otherCurrentLiab": 13783000, "otherLiab": 3088000, "totalCurrentLiabilities": 2260015000, "totalLiab": 2263103000, "commonStock": 294840000, "retainedEarnings": 1043524000, "treasuryStock": 57704000, "otherStockholderEquity": 57704000, "totalStockholderEquity": 1396068000, "netTangibleAssets": 1396068000}, {"maxAge": 1, "endDate": "2018-03-31", "cash": 11398000, "shortTermInvestments": 2325000, "netReceivables": 2635104000, "inventory": 24019000, "otherCurrentAssets": 150000, "totalCurrentAssets": 2672996000, "longTermInvestments": 100000, "propertyPlantEquipment": 50331000, "otherAssets": 2931000, "totalAssets": 2726358000, "accountsPayable": 1274893000, "otherCurrentLiab": 10655000, "otherLiab": 2956000, "totalCurrentLiabilities": 1523343000, "totalLiab": 1526299000, "commonStock": 294840000, "retainedEarnings": 988402000, "treasuryStock": -83183000, "otherStockholderEquity": -83183000, "totalStockholderEquity": 1200059000, "netTangibleAssets": 1200059000}, {"maxAge": 1, "endDate": "2017-03-31", "cash": 8860000, "shortTermInvestments": 2325000, "netReceivables": 3383855000, "inventory": 16201000, "otherCurrentAssets": 150000, "totalCurrentAssets": 3412296000, "longTermInvestments": 92000, "propertyPlantEquipment": 54020000, "otherAssets": 1894000, "totalAssets": 3468302000, "accountsPayable": 2293916000, "otherCurrentLiab": 13303000, "otherLiab": 3260000, "totalCurrentLiabilities": 2546784000, "totalLiab": 2550044000, "commonStock": 210600000, "retainedEarnings": 727664000, "treasuryStock": -20006000, "otherStockholderEquity": -20006000, "totalStockholderEquity": 918258000, "netTangibleAssets": 918258000}, {"maxAge": 1, "endDate": "2016-03-31", "cash": 67421000, "shortTermInvestments": 2325000, "netReceivables": 3018755000, "inventory": 346239000, "otherCurrentAssets": 6636000, "totalCurrentAssets": 3443870000, "longTermInvestments": 889000, "propertyPlantEquipment": 58612000, "otherAssets": 2298000, "totalAssets": 3505669000, "accountsPayable": 2444815000, "otherCurrentLiab": 8954000, "otherLiab": 3100000, "totalCurrentLiabilities": 2778473000, "totalLiab": 2781573000, "commonStock": 210600000, "retainedEarnings": 496790000, "treasuryStock": 16706000, "otherStockholderEquity": 16706000, "totalStockholderEquity": 724096000, "netTangibleAssets": 724096000}], "maxAge": 86400}, "financialData": {"maxAge": 86400, "currentPrice": 4.25, "recommendationKey": "none", "totalCash": 4144000, "totalCashPerShare": 0.14, "ebitda": 26985250, "totalDebt": 206064992, "totalRevenue": 628137984, "debtToEquity": 20.502, "revenuePerShare": 21.282, "returnOnEquity": -0.03222, "grossProfits": 162606000, "revenueGrowth": -0.242, "grossMargins": 0.072670005, "ebitdaMargins": 0.04296, "operatingMargins": 0.03739, "profitMargins": -0.072859995, "financialCurrency": "INR"}}}