{"LYPSAGEMS.BO": {"recommendationTrend": {"trend": [{"period": "0m", "strongBuy": 0, "buy": 0, "hold": 0, "sell": 0, "strongSell": 0}, {"period": "-1m", "strongBuy": 0, "buy": 0, "hold": 0, "sell": 0, "strongSell": 0}, {"period": "-2m", "strongBuy": 0, "buy": 0, "hold": 0, "sell": 0, "strongSell": 0}, {"period": "-3m", "strongBuy": 0, "buy": 0, "hold": 0, "sell": 0, "strongSell": 0}], "maxAge": 86400}, "cashflowStatementHistory": {"cashflowStatements": [{"maxAge": 1, "endDate": "2020-03-31", "netIncome": -217949000, "changeToLiabilities": 0}, {"maxAge": 1, "endDate": "2019-03-31", "netIncome": 144171000, "changeToLiabilities": 0}, {"maxAge": 1, "endDate": "2018-03-31", "netIncome": 280744000, "depreciation": 3689000, "changeToNetincome": 754000, "changeToLiabilities": 0, "changeToOperatingActivities": -278905000, "totalCashFromOperatingActivities": 6282000, "netBorrowings": -3744000, "totalCashFromFinancingActivities": -3744000, "changeInCash": 2537000}, {"maxAge": 1, "endDate": "2017-03-31", "netIncome": 214965000, "depreciation": 4242000, "changeToNetincome": -2000000, "changeToLiabilities": 0, "changeToOperatingActivities": -193787000, "totalCashFromOperatingActivities": 23495000, "otherCashflowsFromInvestingActivities": 2118000, "totalCashflowsFromInvestingActivities": 2468000, "netBorrowings": -84524000, "totalCashFromFinancingActivities": -84524000, "changeInCash": -58561000}], "maxAge": 86400}, "institutionOwnership": {"ownershipList": [], "maxAge": 1}, "balanceSheetHistoryQuarterly": {"balanceSheetStatements": [{"maxAge": 1, "endDate": "2020-06-30"}, {"maxAge": 1, "endDate": "2020-03-31", "cash": 4902000, "shortTermInvestments": -749000, "netReceivables": 3033888000, "inventory": 6136000, "otherCurrentAssets": 1000, "totalCurrentAssets": 3044178000, "longTermInvestments": 919000, "propertyPlantEquipment": 43423000, "otherAssets": 2596000, "totalAssets": 3091116000, "accountsPayable": 1587411000, "otherCurrentLiab": 15263000, "otherLiab": 3255000, "totalCurrentLiabilities": 1808739000, "totalLiab": 1811994000, "commonStock": 294840000, "treasuryStock": 984282000, "otherStockholderEquity": 984282000, "totalStockholderEquity": 1279122000, "netTangibleAssets": 1279122000}, {"maxAge": 1, "endDate": "2019-12-31", "totalStockholderEquity": 1435268000, "netTangibleAssets": 1435268000}, {"maxAge": 1, "endDate": "2019-09-30", "cash": 4464000, "shortTermInvestments": 1859000, "netReceivables": 3854937000, "inventory": 10040000, "totalCurrentAssets": 3871300000, "longTermInvestments": 36205000, "propertyPlantEquipment": 45124000, "otherAssets": 1551000, "totalAssets": 3954180000, "accountsPayable": 2239090000, "otherCurrentLiab": 24337000, "otherLiab": 3089000, "totalCurrentLiabilities": 2515823000, "totalLiab": 2518912000, "commonStock": 294840000, "treasuryStock": 1140428000, "otherStockholderEquity": 1140428000, "totalStockholderEquity": 1435268000, "netTangibleAssets": 1435268000}], "maxAge": 86400}, "earningsHistory": {"history": [{"maxAge": 1, "epsActual": {}, "epsEstimate": {}, "epsDifference": {}, "surprisePercent": {}, "quarter": {}, "period": "-4q"}, {"maxAge": 1, "epsActual": {}, "epsEstimate": {}, "epsDifference": {}, "surprisePercent": {}, "quarter": {}, "period": "-3q"}, {"maxAge": 1, "epsActual": {}, "epsEstimate": {}, "epsDifference": {}, "surprisePercent": {}, "quarter": {}, "period": "-2q"}, {"maxAge": 1, "epsActual": {}, "epsEstimate": {}, "epsDifference": {}, "surprisePercent": {}, "quarter": {}, "period": "-1q"}], "maxAge": 86400}, "indexTrend": {"maxAge": 1, "symbol": "SP5", "peRatio": 19.7411, "pegRatio": 1.34172, "estimates": [{"period": "0q", "growth": 0.549}, {"period": "+1q", "growth": 0.431}, {"period": "0y", "growth": 0.305}, {"period": "+1y", "growth": 0.109}, {"period": "+5y", "growth": 0.120865}, {"period": "-5y"}]}, "industryTrend": {"maxAge": 1, "symbol": null, "estimates": []}, "insiderTransactions": {"transactions": [{"maxAge": 1, "shares": 10000, "filerUrl": "", "transactionText": "", "filerName": "Patwa (Dipan Babulal)", "filerRelation": "Chairman of the Board", "moneyText": "", "startDate": "2019-02-27", "ownership": "D"}, {"maxAge": 1, "shares": 5000, "filerUrl": "", "transactionText": "", "filerName": "Patwa (Dipan Babulal)", "filerRelation": "Chairman of the Board", "moneyText": "", "startDate": "2019-02-20", "ownership": "D"}, {"maxAge": 1, "shares": 5500, "filerUrl": "", "transactionText": "", "filerName": "Patwa (Dipan Babulal)", "filerRelation": "Chairman of the Board", "moneyText": "", "startDate": "2018-03-07", "ownership": "D"}, {"maxAge": 1, "shares": 5000, "filerUrl": "", "transactionText": "", "filerName": "Patwa (Dipan Babulal)", "filerRelation": "Chairman of the Board", "moneyText": "", "startDate": "2018-01-23", "ownership": "D"}, {"maxAge": 1, "shares": 5000, "filerUrl": "", "transactionText": "", "filerName": "Patwa (Dipan Babulal)", "filerRelation": "Chairman of the Board", "moneyText": "", "startDate": "2017-12-11", "ownership": "D"}, {"maxAge": 1, "shares": 5000, "filerUrl": "", "transactionText": "", "filerName": "Patwa (Dipan Babulal)", "filerRelation": "Chairman of the Board", "moneyText": "", "startDate": "2017-11-21", "ownership": "D"}, {"maxAge": 1, "shares": 5000, "filerUrl": "", "transactionText": "", "filerName": "Patwa (Dipan Babulal)", "filerRelation": "Chairman of the Board", "moneyText": "", "startDate": "2017-10-26", "ownership": "D"}, {"maxAge": 1, "shares": 5000, "filerUrl": "", "transactionText": "", "filerName": "Patwa (Dipan Babulal)", "filerRelation": "Chairman of the Board", "moneyText": "", "startDate": "2017-09-27", "ownership": "D"}, {"maxAge": 1, "shares": 10000, "filerUrl": "", "transactionText": "", "filerName": "Patwa (Dipan Babulal)", "filerRelation": "Chairman of the Board", "moneyText": "", "startDate": "2017-08-28", "ownership": "D"}, {"maxAge": 1, "shares": 1525500, "filerUrl": "", "transactionText": "", "filerName": "Patwa (Dipan Babulal)", "filerRelation": "Chairman of the Board", "moneyText": "", "startDate": "2017-07-27", "ownership": "D"}, {"maxAge": 1, "shares": 5000, "filerUrl": "", "transactionText": "", "filerName": "Patwa (Jeeyan Dipan)", "filerRelation": "Chief Financial Officer", "moneyText": "", "startDate": "2017-07-17", "ownership": "D"}, {"maxAge": 1, "shares": 5000, "filerUrl": "", "transactionText": "", "filerName": "Patwa (Dipan Babulal)", "filerRelation": "Chairman of the Board", "moneyText": "", "startDate": "2017-07-17", "ownership": "D"}, {"maxAge": 1, "shares": 5000, "filerUrl": "", "transactionText": "", "filerName": "Patwa (Dipan Babulal)", "filerRelation": "Chairman of the Board", "moneyText": "", "startDate": "2017-07-05", "ownership": "D"}, {"maxAge": 1, "shares": 10000, "filerUrl": "", "transactionText": "", "filerName": "Patwa (Dipan Babulal)", "filerRelation": "Chairman of the Board", "moneyText": "", "startDate": "2017-06-30", "ownership": "D"}, {"maxAge": 1, "shares": 5000, "filerUrl": "", "transactionText": "", "filerName": "Janani (Manish Jaysukhlal)", "filerRelation": "Chief Executive Officer", "moneyText": "", "startDate": "2016-06-30", "ownership": "D"}, {"maxAge": 1, "shares": 1271250, "filerUrl": "", "transactionText": "", "filerName": "Janani (Manish Jaysukhlal)", "filerRelation": "Chief Executive Officer", "moneyText": "", "startDate": "2015-10-20", "ownership": "D"}, {"maxAge": 1, "shares": 5000, "filerUrl": "", "transactionText": "", "filerName": "Patwa (Dipan Babulal)", "filerRelation": "Chairman of the Board", "moneyText": "", "startDate": "2014-11-20", "ownership": "D"}, {"maxAge": 1, "shares": 5000, "filerUrl": "", "transactionText": "", "filerName": "Patwa (Dipan Babulal)", "filerRelation": "Chairman of the Board", "moneyText": "", "startDate": "2014-10-09", "ownership": "D"}, {"maxAge": 1, "shares": 10000, "filerUrl": "", "transactionText": "", "filerName": "Janani (Manish Jaysukhlal)", "filerRelation": "Managing Director", "moneyText": "", "startDate": "2014-08-26", "ownership": "D"}], "maxAge": 1}, "quoteType": {"exchange": "BSE", "quoteType": "EQUITY", "symbol": "LYPSAGEMS.BO", "underlyingSymbol": "LYPSAGEMS.BO", "shortName": "LYPSA GEMS & JEWELLERY LTD", "longName": "Lypsa Gems &amp; Jewellery Limited", "firstTradeDateEpochUtc": "2012-07-02 09:15:00", "timeZoneFullName": "Asia/Kolkata", "timeZoneShortName": "IST", "uuid": "a94ed83e-daef-3c8e-b6da-79999314bf8f", "gmtOffSetMilliseconds": 19800000, "maxAge": 1}, "incomeStatementHistory": {"incomeStatementHistory": [{"maxAge": 1, "endDate": "2020-03-31", "totalRevenue": 382923000, "costOfRevenue": 359683000, "grossProfit": 23240000, "researchDevelopment": {}, "sellingGeneralAdministrative": 4054000, "nonRecurring": {}, "otherOperatingExpenses": 232189000, "totalOperatingExpenses": 599342000, "operatingIncome": -216419000, "totalOtherIncomeExpenseNet": -1363000, "ebit": -216419000, "interestExpense": -1239000, "incomeBeforeTax": -217782000, "incomeTaxExpense": 167000, "minorityInterest": {}, "netIncomeFromContinuingOps": -217949000, "discontinuedOperations": {}, "extraordinaryItems": {}, "effectOfAccountingCharges": {}, "otherItems": {}, "netIncome": -217949000, "netIncomeApplicableToCommonShares": -217949000}, {"maxAge": 1, "endDate": "2019-03-31", "totalRevenue": 1999227000, "costOfRevenue": 1836621000, "grossProfit": 162606000, "researchDevelopment": {}, "sellingGeneralAdministrative": 6238000, "nonRecurring": {}, "otherOperatingExpenses": 7127000, "totalOperatingExpenses": 1853478000, "operatingIncome": 145749000, "totalOtherIncomeExpenseNet": -1246000, "ebit": 145749000, "interestExpense": -2655000, "incomeBeforeTax": 144503000, "incomeTaxExpense": 332000, "minorityInterest": {}, "netIncomeFromContinuingOps": 144171000, "discontinuedOperations": {}, "extraordinaryItems": {}, "effectOfAccountingCharges": {}, "otherItems": {}, "netIncome": 144171000, "netIncomeApplicableToCommonShares": 144171000}, {"maxAge": 1, "endDate": "2018-03-31", "totalRevenue": 3200704000, "costOfRevenue": 2900089000, "grossProfit": 300615000, "researchDevelopment": {}, "sellingGeneralAdministrative": 8227000, "nonRecurring": {}, "otherOperatingExpenses": 9956000, "totalOperatingExpenses": 2921961000, "operatingIncome": 278743000, "totalOtherIncomeExpenseNet": 1898000, "ebit": 278743000, "interestExpense": -1302000, "incomeBeforeTax": 280641000, "incomeTaxExpense": -103000, "minorityInterest": {}, "netIncomeFromContinuingOps": 280744000, "discontinuedOperations": {}, "extraordinaryItems": {}, "effectOfAccountingCharges": {}, "otherItems": {}, "netIncome": 280744000, "netIncomeApplicableToCommonShares": 280744000}, {"maxAge": 1, "endDate": "2017-03-31", "totalRevenue": 2607386000, "costOfRevenue": 2337983000, "grossProfit": 269403000, "researchDevelopment": {}, "sellingGeneralAdministrative": 9187000, "nonRecurring": {}, "otherOperatingExpenses": 5879000, "totalOperatingExpenses": 2357366000, "operatingIncome": 250020000, "totalOtherIncomeExpenseNet": -34725000, "ebit": 250020000, "interestExpense": -36576000, "incomeBeforeTax": 215295000, "incomeTaxExpense": 330000, "minorityInterest": {}, "netIncomeFromContinuingOps": 214965000, "discontinuedOperations": {}, "extraordinaryItems": {}, "effectOfAccountingCharges": {}, "otherItems": {}, "netIncome": 214965000, "netIncomeApplicableToCommonShares": 214965000}], "maxAge": 86400}, "fundOwnership": {"ownershipList": [], "maxAge": 1}, "summaryDetail": {"maxAge": 1, "priceHint": 4, "previousClose": 4.09, "open": 4.09, "dayLow": 4.09, "dayHigh": 4.26, "regularMarketPreviousClose": 4.09, "regularMarketOpen": 4.09, "regularMarketDayLow": 4.09, "regularMarketDayHigh": 4.26, "volume": 240, "regularMarketVolume": 240, "averageVolume": 13705, "averageVolume10days": 3804, "averageDailyVolume10Day": 3804, "bid": 4.11, "ask": 4.25, "bidSize": 0, "askSize": 0, "marketCap": 125601848, "fiftyTwoWeekLow": 2.39, "fiftyTwoWeekHigh": 6.51, "fiftyDayAverage": 5.10697, "twoHundredDayAverage": 3.6782353, "currency": "INR", "fromCurrency": null, "lastMarket": null, "algorithm": null, "tradeable": false}, "sectorTrend": {"maxAge": 1, "symbol": null, "estimates": []}, "incomeStatementHistoryQuarterly": {"incomeStatementHistory": [{"maxAge": 1, "endDate": "2020-06-30", "totalRevenue": 3022000, "costOfRevenue": 2478000, "grossProfit": 544000, "researchDevelopment": {}, "sellingGeneralAdministrative": 678000, "nonRecurring": {}, "otherOperatingExpenses": 154587000, "totalOperatingExpenses": 158664000, "operatingIncome": -155642000, "totalOtherIncomeExpenseNet": 0, "ebit": -155642000, "interestExpense": {}, "incomeBeforeTax": -155642000, "incomeTaxExpense": 0, "minorityInterest": {}, "netIncomeFromContinuingOps": -155642000, "discontinuedOperations": {}, "extraordinaryItems": {}, "effectOfAccountingCharges": {}, "otherItems": {}, "netIncome": -155642000, "netIncomeApplicableToCommonShares": -155642000}, {"maxAge": 1, "endDate": "2020-03-31", "totalRevenue": 30520000, "costOfRevenue": 23786000, "grossProfit": 6734000, "researchDevelopment": {}, "sellingGeneralAdministrative": 1114000, "nonRecurring": {}, "otherOperatingExpenses": 156316000, "totalOperatingExpenses": 182055000, "operatingIncome": -151535000, "totalOtherIncomeExpenseNet": -2723000, "ebit": -151535000, "interestExpense": -2598000, "incomeBeforeTax": -154258000, "incomeTaxExpense": 167000, "minorityInterest": {}, "netIncomeFromContinuingOps": -154425000, "discontinuedOperations": {}, "extraordinaryItems": {}, "effectOfAccountingCharges": {}, "otherItems": {}, "netIncome": -154425000, "netIncomeApplicableToCommonShares": -154425000}, {"maxAge": 1, "endDate": "2019-12-31", "totalRevenue": 44420000, "costOfRevenue": 44182000, "grossProfit": 238000, "researchDevelopment": {}, "sellingGeneralAdministrative": 816000, "nonRecurring": {}, "otherOperatingExpenses": -1003000, "totalOperatingExpenses": 44857000, "operatingIncome": -437000, "totalOtherIncomeExpenseNet": -78981000, "ebit": -437000, "interestExpense": -11000, "incomeBeforeTax": -79418000, "incomeTaxExpense": 0, "minorityInterest": {}, "netIncomeFromContinuingOps": -79418000, "discontinuedOperations": {}, "extraordinaryItems": {}, "effectOfAccountingCharges": {}, "otherItems": {}, "netIncome": -79418000, "netIncomeApplicableToCommonShares": -79418000}, {"maxAge": 1, "endDate": "2019-09-30", "totalRevenue": 116209000, "costOfRevenue": 112626000, "grossProfit": 3583000, "researchDevelopment": {}, "sellingGeneralAdministrative": 812000, "nonRecurring": {}, "otherOperatingExpenses": -3466000, "totalOperatingExpenses": 110837000, "operatingIncome": 5372000, "totalOtherIncomeExpenseNet": -7000, "ebit": 5372000, "interestExpense": -7000, "incomeBeforeTax": 5365000, "incomeTaxExpense": 0, "minorityInterest": {}, "netIncomeFromContinuingOps": 5365000, "discontinuedOperations": {}, "extraordinaryItems": {}, "effectOfAccountingCharges": {}, "otherItems": {}, "netIncome": 5365000, "netIncomeApplicableToCommonShares": 5365000}], "maxAge": 86400}, "cashflowStatementHistoryQuarterly": {"cashflowStatements": [{"maxAge": 1, "endDate": "2020-06-30", "netIncome": -155642000, "changeToLiabilities": 0}, {"maxAge": 1, "endDate": "2020-03-31", "netIncome": -154425000, "changeToLiabilities": 0}, {"maxAge": 1, "endDate": "2019-12-31", "netIncome": -79418000, "changeToLiabilities": 0}, {"maxAge": 1, "endDate": "2019-09-30", "netIncome": 5365000, "changeToLiabilities": 0}], "maxAge": 86400}, "insiderHolders": {"holders": [{"maxAge": 1, "name": "Janani (Manish Jaysukhlal)", "relation": "Chief Executive Officer", "url": "", "transactionDescription": "Acquisition", "latestTransDate": "2016-06-30", "positionDirect": 3808750, "positionDirectDate": "2016-06-30"}, {"maxAge": 1, "name": "Patwa (Dipan Babulal)", "relation": "Chairman of the Board", "url": "", "transactionDescription": "Acquisition", "latestTransDate": "2019-02-27", "positionDirect": 5387250, "positionDirectDate": "2019-02-27"}, {"maxAge": 1, "name": "Patwa (Jeeyan Dipan)", "relation": "Chief Financial Officer", "url": "", "transactionDescription": "Acquisition", "latestTransDate": "2017-07-17", "positionDirect": 5000, "positionDirectDate": "2017-07-17"}], "maxAge": 1}, "earnings": {"maxAge": 86400, "earningsChart": {"quarterly": [], "earningsDate": []}, "financialsChart": {"yearly": [{"date": 2017, "revenue": 2607386000, "earnings": 214965000}, {"date": 2018, "revenue": 3200704000, "earnings": 280744000}, {"date": 2019, "revenue": 1999227000, "earnings": 144171000}, {"date": 2020, "revenue": 382923000, "earnings": -217949000}], "quarterly": [{"date": "3Q2019", "revenue": 116209000, "earnings": 5365000}, {"date": "4Q2019", "revenue": 44420000, "earnings": -79418000}, {"date": "1Q2020", "revenue": 30520000, "earnings": -154425000}, {"date": "2Q2020", "revenue": 3022000, "earnings": -155642000}]}, "financialCurrency": "INR"}, "calendarEvents": {"maxAge": 1, "earnings": {"earningsDate": []}}, "upgradeDowngradeHistory": {"history": [], "maxAge": 86400}, "price": {"maxAge": 1, "regularMarketChangePercent": 0.04156481, "regularMarketChange": 0.17000008, "regularMarketTime": "2021-04-30 15:00:31", "priceHint": 4, "regularMarketPrice": 4.26, "regularMarketDayHigh": 4.26, "regularMarketDayLow": 4.09, "regularMarketVolume": 240, "averageDailyVolume10Day": 3804, "averageDailyVolume3Month": 13705, "regularMarketPreviousClose": 4.09, "regularMarketSource": "FREE_REALTIME", "regularMarketOpen": 4.09, "exchange": "BSE", "exchangeName": "BSE", "exchangeDataDelayedBy": 0, "marketState": "CLOSED", "quoteType": "EQUITY", "symbol": "LYPSAGEMS.BO", "underlyingSymbol": null, "shortName": "LYPSA GEMS & JEWELLERY LTD", "longName": "Lypsa Gems &amp; Jewellery Limited", "currency": "INR", "quoteSourceName": "Delayed Quote", "currencySymbol": "\u20b9", "fromCurrency": null, "lastMarket": null, "marketCap": 125601848}, "balanceSheetHistory": {"balanceSheetStatements": [{"maxAge": 1, "endDate": "2020-03-31", "cash": 4902000, "shortTermInvestments": -749000, "netReceivables": 3033888000, "inventory": 6136000, "otherCurrentAssets": 1000, "totalCurrentAssets": 3044178000, "longTermInvestments": 919000, "propertyPlantEquipment": 43423000, "otherAssets": 2596000, "totalAssets": 3091116000, "accountsPayable": 1587411000, "otherCurrentLiab": 15263000, "otherLiab": 3255000, "totalCurrentLiabilities": 1808739000, "totalLiab": 1811994000, "commonStock": 294840000, "treasuryStock": 984282000, "otherStockholderEquity": 984282000, "totalStockholderEquity": 1279122000, "netTangibleAssets": 1279122000}, {"maxAge": 1, "endDate": "2019-03-31", "cash": 5672000, "shortTermInvestments": 36910000, "netReceivables": 3554284000, "inventory": 10040000, "otherCurrentAssets": 150000, "totalCurrentAssets": 3607595000, "longTermInvestments": 92000, "propertyPlantEquipment": 46839000, "otherAssets": 4645000, "totalAssets": 3659171000, "accountsPayable": 1978866000, "otherCurrentLiab": 13783000, "otherLiab": 3088000, "totalCurrentLiabilities": 2260015000, "totalLiab": 2263103000, "commonStock": 294840000, "retainedEarnings": 1043524000, "treasuryStock": 57704000, "otherStockholderEquity": 57704000, "totalStockholderEquity": 1396068000, "netTangibleAssets": 1396068000}, {"maxAge": 1, "endDate": "2018-03-31", "cash": 11398000, "shortTermInvestments": 2325000, "netReceivables": 2635104000, "inventory": 24019000, "otherCurrentAssets": 150000, "totalCurrentAssets": 2672996000, "longTermInvestments": 100000, "propertyPlantEquipment": 50331000, "otherAssets": 2931000, "totalAssets": 2726358000, "accountsPayable": 1274893000, "otherCurrentLiab": 10655000, "otherLiab": 2956000, "totalCurrentLiabilities": 1523343000, "totalLiab": 1526299000, "commonStock": 294840000, "retainedEarnings": 988402000, "treasuryStock": -83183000, "otherStockholderEquity": -83183000, "totalStockholderEquity": 1200059000, "netTangibleAssets": 1200059000}, {"maxAge": 1, "endDate": "2017-03-31", "cash": 8860000, "shortTermInvestments": 2325000, "netReceivables": 3383855000, "inventory": 16201000, "otherCurrentAssets": 150000, "totalCurrentAssets": 3412296000, "longTermInvestments": 92000, "propertyPlantEquipment": 54020000, "otherAssets": 1894000, "totalAssets": 3468302000, "accountsPayable": 2293916000, "otherCurrentLiab": 13303000, "otherLiab": 3260000, "totalCurrentLiabilities": 2546784000, "totalLiab": 2550044000, "commonStock": 210600000, "retainedEarnings": 727664000, "treasuryStock": -20006000, "otherStockholderEquity": -20006000, "totalStockholderEquity": 918258000, "netTangibleAssets": 918258000}], "maxAge": 86400}, "earningsTrend": {"trend": [{"maxAge": 1, "period": "0q", "endDate": null, "growth": {}, "earningsEstimate": {"avg": 0.0, "low": 0.0, "high": 0.0, "yearAgoEps": {}, "numberOfAnalysts": 0, "growth": {}}, "revenueEstimate": {"avg": 0, "low": 0, "high": 0, "numberOfAnalysts": 0, "yearAgoRevenue": {}, "growth": {}}, "epsTrend": {"current": 0.0, "7daysAgo": 0.0, "30daysAgo": 0.0, "60daysAgo": 0.0, "90daysAgo": 0.0}, "epsRevisions": {"upLast7days": 0, "upLast30days": 0, "downLast30days": 0, "downLast90days": {}}}, {"maxAge": 1, "period": "+1q", "endDate": null, "growth": {}, "earningsEstimate": {"avg": 0.0, "low": 0.0, "high": 0.0, "yearAgoEps": {}, "numberOfAnalysts": 0, "growth": {}}, "revenueEstimate": {"avg": 0, "low": 0, "high": 0, "numberOfAnalysts": 0, "yearAgoRevenue": {}, "growth": {}}, "epsTrend": {"current": 0.0, "7daysAgo": 0.0, "30daysAgo": 0.0, "60daysAgo": 0.0, "90daysAgo": 0.0}, "epsRevisions": {"upLast7days": 0, "upLast30days": 0, "downLast30days": 0, "downLast90days": {}}}, {"maxAge": 1, "period": "0y", "endDate": null, "growth": {}, "earningsEstimate": {"avg": 0.0, "low": 0.0, "high": 0.0, "yearAgoEps": {}, "numberOfAnalysts": 0, "growth": {}}, "revenueEstimate": {"avg": 0, "low": 0, "high": 0, "numberOfAnalysts": 0, "yearAgoRevenue": {}, "growth": {}}, "epsTrend": {"current": 0.0, "7daysAgo": 0.0, "30daysAgo": 0.0, "60daysAgo": 0.0, "90daysAgo": 0.0}, "epsRevisions": {"upLast7days": 0, "upLast30days": 0, "downLast30days": 0, "downLast90days": {}}}, {"maxAge": 1, "period": "+1y", "endDate": null, "growth": {}, "earningsEstimate": {"avg": 0.0, "low": 0.0, "high": 0.0, "yearAgoEps": {}, "numberOfAnalysts": 0, "growth": {}}, "revenueEstimate": {"avg": 0, "low": 0, "high": 0, "numberOfAnalysts": 0, "yearAgoRevenue": {}, "growth": {}}, "epsTrend": {"current": 0.0, "7daysAgo": 0.0, "30daysAgo": 0.0, "60daysAgo": 0.0, "90daysAgo": 0.0}, "epsRevisions": {"upLast7days": 0, "upLast30days": 0, "downLast30days": 0, "downLast90days": {}}}, {"maxAge": 1, "period": "+5y", "endDate": null, "growth": {}, "earningsEstimate": {"avg": {}, "low": {}, "high": {}, "yearAgoEps": {}, "numberOfAnalysts": {}, "growth": {}}, "revenueEstimate": {"avg": {}, "low": {}, "high": {}, "numberOfAnalysts": {}, "yearAgoRevenue": {}, "growth": {}}, "epsTrend": {"current": {}, "7daysAgo": {}, "30daysAgo": {}, "60daysAgo": {}, "90daysAgo": {}}, "epsRevisions": {"upLast7days": {}, "upLast30days": {}, "downLast30days": {}, "downLast90days": {}}}, {"maxAge": 1, "period": "-5y", "endDate": null, "growth": {}, "earningsEstimate": {"avg": {}, "low": {}, "high": {}, "yearAgoEps": {}, "numberOfAnalysts": {}, "growth": {}}, "revenueEstimate": {"avg": {}, "low": {}, "high": {}, "numberOfAnalysts": {}, "yearAgoRevenue": {}, "growth": {}}, "epsTrend": {"current": {}, "7daysAgo": {}, "30daysAgo": {}, "60daysAgo": {}, "90daysAgo": {}}, "epsRevisions": {"upLast7days": {}, "upLast30days": {}, "downLast30days": {}, "downLast90days": {}}}], "maxAge": 1}, "financialData": {"maxAge": 86400, "currentPrice": 4.26, "recommendationKey": "none", "grossProfits": 23240000, "financialCurrency": "INR"}}}