{"M&M.BO": {"assetProfile": {"address1": "Mahindra Towers", "address2": "5th Floor Dr. G. M. Bhosale Marg Worli", "city": "Mumbai", "zip": "400018", "country": "India", "phone": "91 22 2490 1441", "fax": "91 22 2497 5081", "website": "http://www.mahindra.com", "industry": "Auto Manufacturers", "sector": "Consumer Cyclical", "longBusinessSummary": "Mahindra & Mahindra Limited engages in the automotive and farm equipment businesses in India and internationally. The company operates through Automotive, Farm Equipment, Financial Services, Hospitality, Real Estate, and Others segments. It offers aircrafts, and airframe parts and assemblies; passenger and commercial vehicles, trucks, buses, vans, cars, utility vehicles, and electric vehicles; personal and commercial watercrafts; motorcycles and scooters; construction equipment, such as backhoe loaders under the Mahindra EarthMaster brand name; road construction equipment comprising motor graders under the Mahindra RoadMaster brand. The company also provides land systems, naval systems, defense electronics, and security consulting services for defense industry; pre-owned car and car services; and farm equipment, including tractors, farm machineries, spare parts, and related services. In addition, it operates M2All, an e-commerce platform for various portfolio of products; approximately 46 resorts; and solar PV projects. Further, the company offers financial products and services comprising retail and other loans, SME finance, housing finance, mutual funds, vehicle and equipment finance, and life and non-life insurance broking services; logistics services; consulting services; and information technology services, as well as power back up solutions, such as diesel generators and gas powered gensets. Additionally, it engages in the project development, management, operation, and leasing of commercial and residential complexes; sale of timeshare and vacation ownership; making, processing, and trading of steel for automotive, non-automotive, and power industries. The company has a strategic alliance with Ford Motor Company. The company was founded in 1945 and is headquartered in Mumbai, India.", "fullTimeEmployees": 256000, "companyOfficers": [{"maxAge": 1, "name": "Mr. Anand Gopal Mahindra", "age": 64, "title": "Exec. Chairman", "yearBorn": 1955, "fiscalYear": 2020, "totalPay": 87156000, "exercisedValue": 0, "unexercisedValue": 0}, {"maxAge": 1, "name": "Dr. Pawan Kumar Goenka", "age": 65, "title": "CEO, MD & Director", "yearBorn": 1954, "fiscalYear": 2020, "totalPay": 100344000, "exercisedValue": 0, "unexercisedValue": 0}, {"maxAge": 1, "name": "Mr. Vankipuram Srinivasa Parthasarathy", "age": 57, "title": "Pres of Mobility Services Sector & Member of Group Exec. Board", "yearBorn": 1962, "exercisedValue": 0, "unexercisedValue": 0}, {"maxAge": 1, "name": "Mr. Narayan  Shankar", "title": "Sr. VP, Compliance Officer & Company Sec.", "exercisedValue": 0, "unexercisedValue": 0}, {"maxAge": 1, "name": "Mr. Subramaniam  Durgashankar", "age": 58, "title": "Pres, Group Controller of Fin. & Accounts and Member of the Group Exec. Board", "yearBorn": 1961, "exercisedValue": 0, "unexercisedValue": 0}, {"maxAge": 1, "name": "Dr. Anish  Shah", "age": 50, "title": "Group CFO, Deputy MD. Member of the Group Exec. Board & Additional Director", "yearBorn": 1969, "exercisedValue": 0, "unexercisedValue": 0}, {"maxAge": 1, "name": "Mr. Ramesh  Iyer", "age": 61, "title": "VC & MD of Mahindra & Mahindra Finan Servs, Pres of Financial Services Sector and GEB Mem.", "yearBorn": 1958, "exercisedValue": 0, "unexercisedValue": 0}, {"maxAge": 1, "name": "Mr. Zhooben Dosabhoy Bhiwandiwala", "age": 59, "title": "Pres of Mahindra Partners and Group Legal & Member of Group Exec. Board", "yearBorn": 1960, "exercisedValue": 0, "unexercisedValue": 0}, {"maxAge": 1, "name": "Mr. Ruzbeh  Irani", "title": "Pres of Group HR & Communications and Member of the Group Exec. Board", "exercisedValue": 0, "unexercisedValue": 0}, {"maxAge": 1, "name": "Mr. Shriprakash P. Shukla", "age": 60, "title": "Group Pres of Defense, Aerospace & Agri. Sector and Member of Group Exec. Board", "yearBorn": 1959, "exercisedValue": 0, "unexercisedValue": 0}], "auditRisk": 2, "boardRisk": 6, "compensationRisk": 8, "shareHolderRightsRisk": 5, "overallRisk": 7, "governanceEpochDate": "2020-10-06 05:30:00", "compensationAsOfEpochDate": "2020-12-31 05:30:00", "maxAge": 86400}, "cashflowStatementHistory": {"cashflowStatements": [{"maxAge": 1, "endDate": "2018-03-31", "netIncome": 75103900000, "depreciation": 24249700000, "changeToNetincome": -32951300000, "changeToAccountReceivables": -20659100000, "changeToLiabilities": 53609300000, "changeToInventory": -2563200000, "changeToOperatingActivities": -98520000000, "totalCashFromOperatingActivities": 6818600000, "capitalExpenditures": -59057800000, "investments": 1971000000, "otherCashflowsFromInvestingActivities": 5268000000, "totalCashflowsFromInvestingActivities": -54679300000, "dividendsPaid": -8457300000, "netBorrowings": 64613300000, "otherCashflowsFromFinancingActivities": 6944900000, "totalCashFromFinancingActivities": 63145000000, "effectOfExchangeRate": 7100000, "changeInCash": 15291400000}, {"maxAge": 1, "endDate": "2017-03-31", "netIncome": 36980400000, "depreciation": 21592000000, "changeToNetincome": -6005100000, "changeToAccountReceivables": -21751000000, "changeToLiabilities": 26449500000, "changeToInventory": 2409700000, "changeToOperatingActivities": -64343700000, "totalCashFromOperatingActivities": 1830900000, "capitalExpenditures": -50261500000, "investments": -15750200000, "otherCashflowsFromInvestingActivities": 7466300000, "totalCashflowsFromInvestingActivities": -58753800000, "dividendsPaid": -7716600000, "netBorrowings": 72581200000, "otherCashflowsFromFinancingActivities": -3906800000, "totalCashFromFinancingActivities": 61079700000, "effectOfExchangeRate": 900000, "changeInCash": 4157700000}, {"maxAge": 1, "endDate": "2016-03-31", "netIncome": 31484300000, "depreciation": 19965600000, "changeToNetincome": 326700000, "changeToAccountReceivables": 1767700000, "changeToLiabilities": 19387700000, "changeToInventory": -11128100000, "changeToOperatingActivities": -42407200000, "totalCashFromOperatingActivities": 23847600000, "capitalExpenditures": -41720000000, "investments": -19966800000, "otherCashflowsFromInvestingActivities": 5198900000, "totalCashflowsFromInvestingActivities": -57985400000, "dividendsPaid": -9323900000, "netBorrowings": 43243700000, "otherCashflowsFromFinancingActivities": -4432000000, "totalCashFromFinancingActivities": 29668100000, "effectOfExchangeRate": -1700000, "changeInCash": -1544000000}, {"maxAge": 1, "endDate": "2015-03-31", "netIncome": 31374700000, "depreciation": 18218100000, "changeToNetincome": -5088900000, "changeToAccountReceivables": -5750900000, "changeToLiabilities": 11686300000, "changeToInventory": -624600000, "changeToOperatingActivities": -42286400000, "totalCashFromOperatingActivities": 10548600000, "capitalExpenditures": -47589300000, "investments": -5469000000, "otherCashflowsFromInvestingActivities": 7228600000, "totalCashflowsFromInvestingActivities": -41648700000, "dividendsPaid": -11688500000, "netBorrowings": 33551900000, "otherCashflowsFromFinancingActivities": -4887700000, "totalCashFromFinancingActivities": 16693800000, "effectOfExchangeRate": -1700000, "changeInCash": -16332100000}], "maxAge": 86400}, "institutionOwnership": {"ownershipList": [], "maxAge": 1}, "majorHoldersBreakdown": {"maxAge": 1, "insidersPercentHeld": 0.32269, "institutionsPercentHeld": 0.4557, "institutionsFloatPercentHeld": 0.6728, "institutionsCount": 201}, "balanceSheetHistoryQuarterly": {"balanceSheetStatements": [{"maxAge": 1, "endDate": "2018-03-31", "cash": 65476000000, "shortTermInvestments": 57339700000, "netReceivables": 340480600000, "inventory": 93355700000, "otherCurrentAssets": 34108200000, "totalCurrentAssets": 590760200000, "longTermInvestments": 107535800000, "propertyPlantEquipment": 226350600000, "goodWill": 21596700000, "intangibleAssets": 29786300000, "otherAssets": 396079500000, "deferredLongTermAssetCharges": 8416000000, "totalAssets": 1372109100000, "accountsPayable": 182873400000, "shortLongTermDebt": 558979200000, "otherCurrentLiab": 46717000000, "longTermDebt": 338091800000, "otherLiab": 92265300000, "deferredLongTermLiab": 26780100000, "minorityInterest": 82504700000, "totalCurrentLiabilities": 491495400000, "totalLiab": 921852500000, "commonStock": 5431300000, "retainedEarnings": 317174200000, "treasuryStock": 23277800000, "capitalSurplus": 21868600000, "otherStockholderEquity": 23277800000, "totalStockholderEquity": 367751900000, "netTangibleAssets": 316368900000}, {"maxAge": 1, "endDate": "2017-12-31"}, {"maxAge": 1, "endDate": "2017-09-30"}, {"maxAge": 1, "endDate": "2017-06-30", "shortLongTermDebt": 487971600000, "totalStockholderEquity": 297379900000, "netTangibleAssets": 264538800000}], "maxAge": 86400}, "indexTrend": {"maxAge": 1, "symbol": "SP5", "peRatio": 19.7411, "pegRatio": 1.34172, "estimates": [{"period": "0q", "growth": 0.549}, {"period": "+1q", "growth": 0.431}, {"period": "0y", "growth": 0.305}, {"period": "+1y", "growth": 0.109}, {"period": "+5y", "growth": 0.120865}, {"period": "-5y"}]}, "esgScores": {"maxAge": 86400, "totalEsg": 28.83, "environmentScore": 7.67, "socialScore": 14.3, "governanceScore": 6.86, "ratingYear": 2020, "ratingMonth": 10, "highestControversy": 1.0, "esgPerformance": null, "peerCount": 38, "peerGroup": "Automobiles", "relatedControversy": ["Customer Incidents", "Business Ethics Incidents"], "peerEsgScorePerformance": {"min": 12.41, "avg": 27.03763157894737, "max": 41.07}, "peerGovernancePerformance": {"min": 6.26, "avg": 9.225263157894734, "max": 16.54}, "peerSocialPerformance": {"min": 3.51, "avg": 10.755263157894737, "max": 17.31}, "peerEnvironmentPerformance": {"min": 2.27, "avg": 7.057631578947368, "max": 13.15}, "peerHighestControversyPerformance": {"min": 0.0, "avg": 2.5526315789473686, "max": 5.0}, "percentile": 51.95, "environmentPercentile": 0.0, "socialPercentile": 0.0, "governancePercentile": 0.0, "adult": false, "alcoholic": false, "animalTesting": false, "catholic": false, "controversialWeapons": false, "smallArms": false, "furLeather": false, "gambling": false, "gmo": false, "militaryContract": true, "nuclear": false, "pesticides": false, "palmOil": false, "coal": false, "tobacco": false}, "defaultKeyStatistics": {"maxAge": 1, "priceHint": 2, "enterpriseValue": 1420657295360, "profitMargins": -0.010249999, "floatShares": 788935479, "sharesOutstanding": 1086489984, "heldPercentInsiders": 0.32269, "heldPercentInstitutions": 0.4557, "beta": 0.955382, "category": null, "fundFamily": null, "legalType": null, "lastFiscalYearEnd": "2020-03-31 05:30:00", "nextFiscalYearEnd": "2022-03-31 05:30:00", "mostRecentQuarter": "2020-06-30 05:30:00", "netIncomeToCommon": -8841199616, "lastSplitFactor": "2:1", "lastSplitDate": "2017-12-21 05:30:00", "enterpriseToRevenue": 1.647, "enterpriseToEbitda": 14.485}, "summaryProfile": {"address1": "Mahindra Towers", "address2": "5th Floor Dr. G. M. Bhosale Marg Worli", "city": "Mumbai", "zip": "400018", "country": "India", "phone": "91 22 2490 1441", "fax": "91 22 2497 5081", "website": "http://www.mahindra.com", "industry": "Auto Manufacturers", "sector": "Consumer Cyclical", "longBusinessSummary": "Mahindra & Mahindra Limited engages in the automotive and farm equipment businesses in India and internationally. The company operates through Automotive, Farm Equipment, Financial Services, Hospitality, Real Estate, and Others segments. It offers aircrafts, and airframe parts and assemblies; passenger and commercial vehicles, trucks, buses, vans, cars, utility vehicles, and electric vehicles; personal and commercial watercrafts; motorcycles and scooters; construction equipment, such as backhoe loaders under the Mahindra EarthMaster brand name; road construction equipment comprising motor graders under the Mahindra RoadMaster brand. The company also provides land systems, naval systems, defense electronics, and security consulting services for defense industry; pre-owned car and car services; and farm equipment, including tractors, farm machineries, spare parts, and related services. In addition, it operates M2All, an e-commerce platform for various portfolio of products; approximately 46 resorts; and solar PV projects. Further, the company offers financial products and services comprising retail and other loans, SME finance, housing finance, mutual funds, vehicle and equipment finance, and life and non-life insurance broking services; logistics services; consulting services; and information technology services, as well as power back up solutions, such as diesel generators and gas powered gensets. Additionally, it engages in the project development, management, operation, and leasing of commercial and residential complexes; sale of timeshare and vacation ownership; making, processing, and trading of steel for automotive, non-automotive, and power industries. The company has a strategic alliance with Ford Motor Company. The company was founded in 1945 and is headquartered in Mumbai, India.", "fullTimeEmployees": 256000, "companyOfficers": [], "maxAge": 86400}, "netSharePurchaseActivity": {"maxAge": 1, "period": "6m", "buyInfoCount": 0, "buyInfoShares": 0, "sellInfoCount": 0, "netInfoCount": 0, "netInfoShares": 0, "netPercentInsiderShares": 0.0, "totalInsiderShares": 357724224}, "quoteType": {"exchange": "BSE", "quoteType": "EQUITY", "symbol": "M&M.BO", "underlyingSymbol": "M&M.BO", "shortName": "MAHINDRA & MAHINDRA LTD.", "longName": "Mahindra & Mahindra Limited", "firstTradeDateEpochUtc": "1991-01-02 09:15:00", "timeZoneFullName": "Asia/Kolkata", "timeZoneShortName": "IST", "uuid": "2e33c4ec-38bd-3808-931c-481e49a038da", "gmtOffSetMilliseconds": 19800000, "maxAge": 1}, "incomeStatementHistory": {"incomeStatementHistory": [{"maxAge": 1, "endDate": "2018-03-31", "totalRevenue": 925963700000, "costOfRevenue": 528354000000, "grossProfit": 397609700000, "researchDevelopment": {}, "sellingGeneralAdministrative": 128314200000, "nonRecurring": {}, "otherOperatingExpenses": 132010300000, "totalOperatingExpenses": 821477500000, "operatingIncome": 104486200000, "totalOtherIncomeExpenseNet": -1231000000, "ebit": 104486200000, "interestExpense": -38790400000, "incomeBeforeTax": 103255200000, "incomeTaxExpense": 23677300000, "minorityInterest": 82504700000, "netIncomeFromContinuingOps": 79577900000, "discontinuedOperations": {}, "extraordinaryItems": {}, "effectOfAccountingCharges": {}, "otherItems": {}, "netIncome": 75103900000, "netIncomeApplicableToCommonShares": 75103900000}, {"maxAge": 1, "endDate": "2017-03-31", "totalRevenue": 844381200000, "costOfRevenue": 498332000000, "grossProfit": 346049200000, "researchDevelopment": {}, "sellingGeneralAdministrative": 113896000000, "nonRecurring": {}, "otherOperatingExpenses": 116830200000, "totalOperatingExpenses": 757185400000, "operatingIncome": 87195800000, "totalOtherIncomeExpenseNet": -23693200000, "ebit": 87195800000, "interestExpense": -35552600000, "incomeBeforeTax": 63502600000, "incomeTaxExpense": 22997300000, "minorityInterest": 63569000000, "netIncomeFromContinuingOps": 40505300000, "discontinuedOperations": {}, "extraordinaryItems": {}, "effectOfAccountingCharges": {}, "otherItems": {}, "netIncome": 36980400000, "netIncomeApplicableToCommonShares": 36980400000}, {"maxAge": 1, "endDate": "2016-03-31", "totalRevenue": 762851700000, "costOfRevenue": 452770600000, "grossProfit": 310081100000, "researchDevelopment": {}, "sellingGeneralAdministrative": 100881600000, "nonRecurring": {}, "otherOperatingExpenses": 103937600000, "totalOperatingExpenses": 682006300000, "operatingIncome": 80845400000, "totalOtherIncomeExpenseNet": -24125100000, "ebit": 80845400000, "interestExpense": -32443400000, "incomeBeforeTax": 56720300000, "incomeTaxExpense": 21175300000, "minorityInterest": 59202000000, "netIncomeFromContinuingOps": 35545000000, "discontinuedOperations": {}, "extraordinaryItems": {}, "effectOfAccountingCharges": {}, "otherItems": {}, "netIncome": 31484300000, "netIncomeApplicableToCommonShares": 30660600000}, {"maxAge": 1, "endDate": "2015-03-31", "totalRevenue": 710533100000, "costOfRevenue": 431390000000, "grossProfit": 279143100000, "researchDevelopment": {}, "sellingGeneralAdministrative": 92028700000, "nonRecurring": {}, "otherOperatingExpenses": 94989300000, "totalOperatingExpenses": 639646300000, "operatingIncome": 70886800000, "totalOtherIncomeExpenseNet": -19872800000, "ebit": 70886800000, "interestExpense": -30495400000, "incomeBeforeTax": 51014000000, "incomeTaxExpense": 17200200000, "minorityInterest": 58922300000, "netIncomeFromContinuingOps": 33813800000, "discontinuedOperations": {}, "extraordinaryItems": {}, "effectOfAccountingCharges": {}, "otherItems": {}, "netIncome": 31374700000, "netIncomeApplicableToCommonShares": 31374700000}], "maxAge": 86400}, "fundOwnership": {"ownershipList": [], "maxAge": 1}, "summaryDetail": {"maxAge": 1, "priceHint": 2, "previousClose": 774.55, "open": 773.0, "dayLow": 750.65, "dayHigh": 778.55, "regularMarketPreviousClose": 774.55, "regularMarketOpen": 773.0, "regularMarketDayLow": 750.65, "regularMarketDayHigh": 778.55, "dividendRate": 2.35, "dividendYield": 0.0039, "exDividendDate": "2020-07-16 05:30:00", "fiveYearAvgDividendYield": 1.08, "beta": 0.955382, "volume": 137367, "regularMarketVolume": 137367, "averageVolume": 279147, "averageVolume10days": 257257, "averageDailyVolume10Day": 257257, "bid": 753.0, "ask": 755.0, "bidSize": 0, "askSize": 0, "marketCap": 817015357440, "fiftyTwoWeekLow": 245.8, "fiftyTwoWeekHigh": 843.7, "priceToSalesTrailing12Months": 0.94741136, "fiftyDayAverage": 758.0424, "twoHundredDayAverage": 664.407, "currency": "INR", "fromCurrency": null, "lastMarket": null, "algorithm": null, "tradeable": false}, "incomeStatementHistoryQuarterly": {"incomeStatementHistory": [{"maxAge": 1, "endDate": "2018-03-31", "totalRevenue": 240363700000, "costOfRevenue": 528354000000, "grossProfit": -287990300000, "researchDevelopment": {}, "sellingGeneralAdministrative": 128314200000, "nonRecurring": {}, "otherOperatingExpenses": -507349700000, "totalOperatingExpenses": 182117500000, "operatingIncome": 58246200000, "totalOtherIncomeExpenseNet": -36721000000, "ebit": 58246200000, "interestExpense": -38790400000, "incomeBeforeTax": 21525200000, "incomeTaxExpense": 10367300000, "minorityInterest": 82504700000, "netIncomeFromContinuingOps": 11157900000, "discontinuedOperations": {}, "extraordinaryItems": {}, "effectOfAccountingCharges": {}, "otherItems": {}, "netIncome": 9953900000, "netIncomeApplicableToCommonShares": 9953900000}, {"maxAge": 1, "endDate": "2017-12-31", "totalRevenue": 226230000000, "costOfRevenue": 0, "grossProfit": 226230000000, "researchDevelopment": {}, "sellingGeneralAdministrative": 128314200000, "nonRecurring": {}, "otherOperatingExpenses": 209310000000, "totalOperatingExpenses": 209310000000, "operatingIncome": 16920000000, "totalOtherIncomeExpenseNet": 29510000000, "ebit": 16920000000, "interestExpense": -38790400000, "incomeBeforeTax": 46430000000, "incomeTaxExpense": 8850000000, "minorityInterest": 82504700000, "netIncomeFromContinuingOps": 37580000000, "discontinuedOperations": {}, "extraordinaryItems": {}, "effectOfAccountingCharges": {}, "otherItems": {}, "netIncome": 36280000000, "netIncomeApplicableToCommonShares": 36280000000}, {"maxAge": 1, "endDate": "2017-09-30", "totalRevenue": 227250000000, "costOfRevenue": 0, "grossProfit": 227250000000, "researchDevelopment": {}, "sellingGeneralAdministrative": 128314200000, "nonRecurring": {}, "otherOperatingExpenses": 211030000000, "totalOperatingExpenses": 211030000000, "operatingIncome": 16220000000, "totalOtherIncomeExpenseNet": 3340000000, "ebit": 16220000000, "interestExpense": -38790400000, "incomeBeforeTax": 19560000000, "incomeTaxExpense": -1590000000, "minorityInterest": 82504700000, "netIncomeFromContinuingOps": 21150000000, "discontinuedOperations": {}, "extraordinaryItems": {}, "effectOfAccountingCharges": {}, "otherItems": {}, "netIncome": 20310000000, "netIncomeApplicableToCommonShares": 20310000000}, {"maxAge": 1, "endDate": "2017-06-30", "totalRevenue": 229685000000, "costOfRevenue": 0, "grossProfit": 229685000000, "researchDevelopment": {}, "sellingGeneralAdministrative": 128314200000, "nonRecurring": {}, "otherOperatingExpenses": 215025000000, "totalOperatingExpenses": 215025000000, "operatingIncome": 14660000000, "totalOtherIncomeExpenseNet": 2985000000, "ebit": 14660000000, "interestExpense": -38790400000, "incomeBeforeTax": 17645000000, "incomeTaxExpense": 2230000000, "minorityInterest": 82504700000, "netIncomeFromContinuingOps": 15415000000, "discontinuedOperations": {}, "extraordinaryItems": {}, "effectOfAccountingCharges": {}, "otherItems": {}, "netIncome": 14440000000, "netIncomeApplicableToCommonShares": 14440000000}], "maxAge": 86400}, "cashflowStatementHistoryQuarterly": {"cashflowStatements": [{"maxAge": 1, "endDate": "2018-03-31", "netIncome": 9953900000, "changeToLiabilities": 0}, {"maxAge": 1, "endDate": "2017-12-31", "netIncome": 36280000000, "changeToLiabilities": 0}, {"maxAge": 1, "endDate": "2017-09-30", "netIncome": 20310000000, "changeToLiabilities": 0}, {"maxAge": 1, "endDate": "2017-06-30", "netIncome": 14440000000, "changeToLiabilities": 0}], "maxAge": 86400}, "insiderHolders": {"holders": [], "maxAge": 1}, "calendarEvents": {"maxAge": 1, "earnings": {"earningsDate": []}, "exDividendDate": "2020-07-16 05:30:00"}, "price": {"maxAge": 1, "regularMarketChangePercent": -0.028016284, "regularMarketChange": -21.700012, "regularMarketTime": "2021-04-30 15:45:52", "priceHint": 2, "regularMarketPrice": 752.85, "regularMarketDayHigh": 778.55, "regularMarketDayLow": 750.65, "regularMarketVolume": 137367, "averageDailyVolume10Day": 257257, "averageDailyVolume3Month": 279147, "regularMarketPreviousClose": 774.55, "regularMarketSource": "FREE_REALTIME", "regularMarketOpen": 773.0, "exchange": "BSE", "exchangeName": "BSE", "exchangeDataDelayedBy": 0, "marketState": "CLOSED", "quoteType": "EQUITY", "symbol": "M&M.BO", "underlyingSymbol": null, "shortName": "MAHINDRA & MAHINDRA LTD.", "longName": "Mahindra & Mahindra Limited", "currency": "INR", "quoteSourceName": "Delayed Quote", "currencySymbol": "\u20b9", "fromCurrency": null, "lastMarket": null, "marketCap": 817015357440}, "balanceSheetHistory": {"balanceSheetStatements": [{"maxAge": 1, "endDate": "2018-03-31", "cash": 65476000000, "shortTermInvestments": 57339700000, "netReceivables": 340480600000, "inventory": 93355700000, "otherCurrentAssets": 34108200000, "totalCurrentAssets": 590760200000, "longTermInvestments": 107535800000, "propertyPlantEquipment": 226350600000, "goodWill": 21596700000, "intangibleAssets": 29786300000, "otherAssets": 396079500000, "deferredLongTermAssetCharges": 8416000000, "totalAssets": 1372109100000, "accountsPayable": 182873400000, "shortLongTermDebt": 558979200000, "otherCurrentLiab": 46717000000, "longTermDebt": 338091800000, "otherLiab": 92265300000, "deferredLongTermLiab": 26780100000, "minorityInterest": 82504700000, "totalCurrentLiabilities": 491495400000, "totalLiab": 921852500000, "commonStock": 5431300000, "retainedEarnings": 317174200000, "treasuryStock": 23277800000, "capitalSurplus": 21868600000, "otherStockholderEquity": 23277800000, "totalStockholderEquity": 367751900000, "netTangibleAssets": 316368900000}, {"maxAge": 1, "endDate": "2017-03-31", "cash": 46540300000, "shortTermInvestments": 49982600000, "netReceivables": 286317200000, "inventory": 88860100000, "otherCurrentAssets": 16177400000, "totalCurrentAssets": 487877600000, "longTermInvestments": 101298300000, "propertyPlantEquipment": 201948300000, "goodWill": 5586100000, "intangibleAssets": 27255000000, "otherAssets": 323456200000, "deferredLongTermAssetCharges": 9066700000, "totalAssets": 1147421500000, "accountsPayable": 147968700000, "shortLongTermDebt": 487619100000, "otherCurrentLiab": 42026000000, "longTermDebt": 301245100000, "otherLiab": 86902800000, "deferredLongTermLiab": 17890100000, "minorityInterest": 63569000000, "totalCurrentLiabilities": 398324700000, "totalLiab": 786472600000, "commonStock": 2708900000, "retainedEarnings": 250728000000, "treasuryStock": 20107100000, "capitalSurplus": 23835900000, "otherStockholderEquity": 20107100000, "totalStockholderEquity": 297379900000, "netTangibleAssets": 264538800000}, {"maxAge": 1, "endDate": "2016-03-31", "cash": 45275500000, "shortTermInvestments": 38103500000, "netReceivables": 252646300000, "inventory": 91161200000, "otherCurrentAssets": 11925500000, "totalCurrentAssets": 439112000000, "longTermInvestments": 83656800000, "propertyPlantEquipment": 187577200000, "goodWill": 5421700000, "intangibleAssets": 17843800000, "otherAssets": 272709300000, "deferredLongTermAssetCharges": 7802600000, "totalAssets": 1006320800000, "accountsPayable": 133764900000, "shortLongTermDebt": 415529300000, "otherCurrentLiab": 36653700000, "longTermDebt": 235987800000, "otherLiab": 79769100000, "deferredLongTermLiab": 18717900000, "minorityInterest": 59202000000, "totalCurrentLiabilities": 366435400000, "totalLiab": 682192300000, "commonStock": 2704000000, "retainedEarnings": 219276400000, "treasuryStock": 19605900000, "capitalSurplus": 23340200000, "otherStockholderEquity": 19605900000, "totalStockholderEquity": 264926500000, "netTangibleAssets": 241661000000}, {"maxAge": 1, "endDate": "2015-03-31", "cash": 49118300000, "shortTermInvestments": 21281500000, "netReceivables": 235900700000, "inventory": 84533900000, "otherCurrentAssets": 6666700000, "totalCurrentAssets": 397501100000, "longTermInvestments": 78989900000, "propertyPlantEquipment": 185196300000, "goodWill": 7642700000, "intangibleAssets": 19054700000, "otherAssets": 260055100000, "deferredLongTermAssetCharges": 4677700000, "totalAssets": 948439800000, "accountsPayable": 114212700000, "shortLongTermDebt": 382755800000, "otherCurrentLiab": 55237200000, "longTermDebt": 223270300000, "otherLiab": 70355400000, "deferredLongTermLiab": 8895100000, "minorityInterest": 58922300000, "totalCurrentLiabilities": 337328000000, "totalLiab": 630953700000, "commonStock": 2957000000, "retainedEarnings": 205813600000, "treasuryStock": 26579200000, "capitalSurplus": 23214000000, "otherStockholderEquity": 26579200000, "totalStockholderEquity": 258563800000, "netTangibleAssets": 231866400000}], "maxAge": 86400}, "financialData": {"maxAge": 86400, "currentPrice": 752.85, "recommendationKey": "none", "totalCash": 147515195392, "totalCashPerShare": 133.068, "ebitda": 98081177600, "totalDebt": 825670107136, "totalRevenue": 862366007296, "debtToEquity": 173.238, "revenuePerShare": 780.455, "grossProfits": 397609700000, "revenueGrowth": -0.372, "grossMargins": 0.4548, "ebitdaMargins": 0.11373, "operatingMargins": 0.07835, "profitMargins": -0.010249999, "financialCurrency": "INR"}}}