{"M&MFIN.BO": {"assetProfile": {"address1": "Mahindra Towers", "address2": "\u00e2\u0080\u0098A\u00e2\u0080\u0099 Wing, 4th Floor Dr. G.M. Bhosale Marg P.K. Kurne Chowk, Worli", "city": "Mumbai", "zip": "400018", "country": "India", "phone": "91 22 6652 6000", "fax": "91 22 2498 4170", "website": "http://www.mahindrafinance.com", "industry": "Credit Services", "sector": "Financial Services", "longBusinessSummary": "Mahindra & Mahindra Financial Services Limited, a non-banking financial company, provides asset finance in the rural and semi-urban areas in India. The company offers financing for auto and utility vehicles, tractors, cars, commercial vehicles and construction equipment, and preowned and others vehicles to transport operators, farmers, small businesses and self-employed and salaried individuals; personal Loans for weddings, children's education, medical treatment, and working capital for a small or medium-sized enterprise; and project finance, equipment finance, working capital finance, vehicle finance, and bill discounting services to small and medium-sized enterprises. It also provides life, non-life, and reinsurance products; housing finance; equity mutual funds, tax saver mutual funds, monthly income funds, and other investment products; and investments and advisory services. The company was formerly known as Maxi Motors Financial Services Limited and changed its name to Mahindra & Mahindra Financial Services Limited in November 1992. Mahindra & Mahindra Financial Services Limited was founded in 1991 and is headquartered in Mumbai, India. Mahindra & Mahindra Financial Services Limited is a subsidiary of Mahindra & Mahindra Limited.", "fullTimeEmployees": 21862, "companyOfficers": [{"maxAge": 1, "name": "Mr. Dhananjay Narendra Mungale B.Com., A.C.A., LL.B.", "age": 66, "title": "Independent Chairman & Member of the Group Exec. Board", "yearBorn": 1953, "fiscalYear": 2020, "totalPay": 3930000, "exercisedValue": 0, "unexercisedValue": 0}, {"maxAge": 1, "name": "Mr. Ramesh  Iyer", "age": 61, "title": "Vice-Chairman, MD & Member of the Group Exec. Board", "yearBorn": 1958, "fiscalYear": 2020, "totalPay": 67064000, "exercisedValue": 0, "unexercisedValue": 0}, {"maxAge": 1, "name": "Ms. Arnavaz Maneck Pardiwalla", "title": "Compliance Officer & Company Sec.", "fiscalYear": 2020, "totalPay": 10776000, "exercisedValue": 0, "unexercisedValue": 0}, {"maxAge": 1, "name": "Mr. Vivek Anant Karve", "title": "Chief Financial Officer", "exercisedValue": 0, "unexercisedValue": 0}, {"maxAge": 1, "name": "Mr. Rajnish  Agarwal", "age": 54, "title": "Exec. VP of Operations", "yearBorn": 1965, "fiscalYear": 2011, "exercisedValue": 0, "unexercisedValue": 0}, {"maxAge": 1, "name": "Mr. Rajesh  Vasudevan", "age": 49, "title": "VP of Accounts", "yearBorn": 1970, "fiscalYear": 2011, "exercisedValue": 0, "unexercisedValue": 0}, {"maxAge": 1, "name": "Mr. Mohit  Kapoor", "title": "Technology Head of Financial Services Sector", "exercisedValue": 0, "unexercisedValue": 0}, {"maxAge": 1, "name": "Mr. Gururaj  Rao", "title": "Chief Information Officer & VP", "exercisedValue": 0, "unexercisedValue": 0}, {"maxAge": 1, "name": "Mr. Vishal  Agarwal", "title": "Deputy Gen. Mang. of Treasury & Investor Relations", "exercisedValue": 0, "unexercisedValue": 0}, {"maxAge": 1, "name": "Mr. Janardhanan   Kannan", "age": 55, "title": "Sr. Gen. Mang. of Legal Operations", "yearBorn": 1964, "exercisedValue": 0, "unexercisedValue": 0}], "auditRisk": 3, "boardRisk": 1, "compensationRisk": 7, "shareHolderRightsRisk": 8, "overallRisk": 8, "governanceEpochDate": "2020-10-06 05:30:00", "compensationAsOfEpochDate": "2020-12-31 05:30:00", "maxAge": 86400}, "cashflowStatementHistory": {"cashflowStatements": [{"maxAge": 1, "endDate": "2018-03-31", "netIncome": 10239113000, "depreciation": 506104000, "changeToNetincome": 10260536000, "changeToLiabilities": 0, "changeToOperatingActivities": -116553283000, "totalCashFromOperatingActivities": -95351020000, "capitalExpenditures": -705039000, "investments": 3737565000, "otherCashflowsFromInvestingActivities": 999323000, "totalCashflowsFromInvestingActivities": 4048579000, "dividendsPaid": -1835766000, "netBorrowings": 64499232000, "otherCashflowsFromFinancingActivities": 6617939000, "totalCashFromFinancingActivities": 90391405000, "changeInCash": -911036000}, {"maxAge": 1, "endDate": "2017-03-31", "netIncome": 5116367000, "depreciation": 460082000, "changeToNetincome": 9976075000, "changeToLiabilities": 0, "changeToOperatingActivities": -80807852000, "totalCashFromOperatingActivities": -64669449000, "capitalExpenditures": -628346000, "investments": -1072801000, "otherCashflowsFromInvestingActivities": 715255000, "totalCashflowsFromInvestingActivities": -974031000, "dividendsPaid": -2886821000, "netBorrowings": 65979454000, "otherCashflowsFromFinancingActivities": 4405548000, "totalCashFromFinancingActivities": 67659381000, "changeInCash": 2015901000}, {"maxAge": 1, "endDate": "2016-03-31", "netIncome": 7722936000, "depreciation": 413151000, "changeToNetincome": 6595560000, "changeToLiabilities": 0, "changeToOperatingActivities": -64435988000, "totalCashFromOperatingActivities": -49570329000, "capitalExpenditures": -553804000, "investments": -4361062000, "otherCashflowsFromInvestingActivities": 492599000, "totalCashflowsFromInvestingActivities": -4398582000, "dividendsPaid": -2859094000, "netBorrowings": 47138362000, "otherCashflowsFromFinancingActivities": 9946375000, "totalCashFromFinancingActivities": 54305307000, "changeInCash": 336396000}, {"maxAge": 1, "endDate": "2015-03-31", "netIncome": 9129054000, "depreciation": 426901000, "changeToNetincome": 4602224000, "changeToLiabilities": 0, "changeToOperatingActivities": -53978563000, "totalCashFromOperatingActivities": -39701302000, "capitalExpenditures": -446993000, "investments": 316976000, "otherCashflowsFromInvestingActivities": 410563000, "totalCashflowsFromInvestingActivities": 340868000, "dividendsPaid": -2617651000, "netBorrowings": 32728641000, "otherCashflowsFromFinancingActivities": 8904434000, "totalCashFromFinancingActivities": 39070700000, "changeInCash": -289734000}], "maxAge": 86400}, "institutionOwnership": {"ownershipList": [], "maxAge": 1}, "majorHoldersBreakdown": {"maxAge": 1, "insidersPercentHeld": 0.53353, "institutionsPercentHeld": 0.33807, "institutionsFloatPercentHeld": 0.72473, "institutionsCount": 122}, "balanceSheetHistoryQuarterly": {"balanceSheetStatements": [{"maxAge": 1, "endDate": "2018-03-31", "cash": 4853779000, "netReceivables": 590225732000, "otherCurrentAssets": 15004836000, "totalCurrentAssets": 610374256000, "longTermInvestments": 5167291000, "propertyPlantEquipment": 1373960000, "goodWill": 52746000, "intangibleAssets": 97154000, "otherAssets": 18319273000, "deferredLongTermAssetCharges": 8231842000, "totalAssets": 635384680000, "accountsPayable": 10142454000, "shortLongTermDebt": 475092857000, "otherCurrentLiab": 20774506000, "longTermDebt": 289523404000, "otherLiab": 13172632000, "deferredLongTermLiab": 35361000, "minorityInterest": 1438432000, "totalCurrentLiabilities": 232098119000, "totalLiab": 534794155000, "commonStock": 1235530000, "retainedEarnings": 55072109000, "treasuryStock": 1712964000, "capitalSurplus": 41131490000, "otherStockholderEquity": 1712964000, "totalStockholderEquity": 99152093000, "netTangibleAssets": 99002193000}, {"maxAge": 1, "endDate": "2017-12-31", "shortLongTermDebt": 447553663000, "totalStockholderEquity": 69429236000, "netTangibleAssets": 69341457000}, {"maxAge": 1, "endDate": "2017-09-30", "cash": 4467182000, "netReceivables": 543197056000, "otherCurrentAssets": 536806000, "totalCurrentAssets": 548282407000, "longTermInvestments": 11385517000, "propertyPlantEquipment": 1226412000, "goodWill": 405000, "intangibleAssets": 87374000, "otherAssets": 13043337000, "deferredLongTermAssetCharges": 7990324000, "totalAssets": 574025452000, "accountsPayable": 6920326000, "shortLongTermDebt": 447553663000, "otherCurrentLiab": 22374139000, "longTermDebt": 277304506000, "otherLiab": 14383074000, "minorityInterest": 1047971000, "totalCurrentLiabilities": 211860665000, "totalLiab": 503548245000, "commonStock": 1137530000, "retainedEarnings": 46929355000, "treasuryStock": 1293222000, "capitalSurplus": 20069129000, "otherStockholderEquity": 1293222000, "totalStockholderEquity": 69429236000, "netTangibleAssets": 69341457000}, {"maxAge": 1, "endDate": "2017-06-30", "shortLongTermDebt": 414584562000, "totalStockholderEquity": 69601555000, "netTangibleAssets": 69554953000}], "maxAge": 86400}, "indexTrend": {"maxAge": 1, "symbol": "SP5", "peRatio": 19.7411, "pegRatio": 1.34172, "estimates": [{"period": "0q", "growth": 0.549}, {"period": "+1q", "growth": 0.431}, {"period": "0y", "growth": 0.305}, {"period": "+1y", "growth": 0.109}, {"period": "+5y", "growth": 0.120865}, {"period": "-5y"}]}, "defaultKeyStatistics": {"maxAge": 1, "priceHint": 2, "enterpriseValue": 608243023872, "profitMargins": 0.21159, "floatShares": 290924087, "sharesOutstanding": 614476992, "heldPercentInsiders": 0.53353, "heldPercentInstitutions": 0.33807, "beta": 0.946786, "category": null, "fundFamily": null, "legalType": null, "lastFiscalYearEnd": "2020-03-31 05:30:00", "nextFiscalYearEnd": "2022-03-31 05:30:00", "mostRecentQuarter": "2020-06-30 05:30:00", "earningsQuarterlyGrowth": 3.026, "netIncomeToCommon": 13996383232, "lastSplitFactor": "5:1", "lastSplitDate": "2013-02-15 05:30:00", "enterpriseToRevenue": 9.195}, "summaryProfile": {"address1": "Mahindra Towers", "address2": "\u00e2\u0080\u0098A\u00e2\u0080\u0099 Wing, 4th Floor Dr. G.M. Bhosale Marg P.K. Kurne Chowk, Worli", "city": "Mumbai", "zip": "400018", "country": "India", "phone": "91 22 6652 6000", "fax": "91 22 2498 4170", "website": "http://www.mahindrafinance.com", "industry": "Credit Services", "sector": "Financial Services", "longBusinessSummary": "Mahindra & Mahindra Financial Services Limited, a non-banking financial company, provides asset finance in the rural and semi-urban areas in India. The company offers financing for auto and utility vehicles, tractors, cars, commercial vehicles and construction equipment, and preowned and others vehicles to transport operators, farmers, small businesses and self-employed and salaried individuals; personal Loans for weddings, children's education, medical treatment, and working capital for a small or medium-sized enterprise; and project finance, equipment finance, working capital finance, vehicle finance, and bill discounting services to small and medium-sized enterprises. It also provides life, non-life, and reinsurance products; housing finance; equity mutual funds, tax saver mutual funds, monthly income funds, and other investment products; and investments and advisory services. The company was formerly known as Maxi Motors Financial Services Limited and changed its name to Mahindra & Mahindra Financial Services Limited in November 1992. Mahindra & Mahindra Financial Services Limited was founded in 1991 and is headquartered in Mumbai, India. Mahindra & Mahindra Financial Services Limited is a subsidiary of Mahindra & Mahindra Limited.", "fullTimeEmployees": 21862, "companyOfficers": [], "maxAge": 86400}, "netSharePurchaseActivity": {"maxAge": 1, "period": "6m", "buyInfoCount": 0, "buyInfoShares": 0, "sellInfoCount": 0, "netInfoCount": 0, "netInfoShares": 0, "netPercentInsiderShares": 0.0, "totalInsiderShares": 328306464}, "quoteType": {"exchange": "BSE", "quoteType": "EQUITY", "symbol": "M&MFIN.BO", "underlyingSymbol": "M&MFIN.BO", "shortName": "MAHINDRA & MAHINDRA FINANCIAL", "longName": "Mahindra & Mahindra Financial Services Limited", "firstTradeDateEpochUtc": "2006-03-17 09:15:00", "timeZoneFullName": "Asia/Kolkata", "timeZoneShortName": "IST", "uuid": "0bd9234e-ae73-3ff8-beee-d6cff7907f1d", "gmtOffSetMilliseconds": 19800000, "maxAge": 1}, "incomeStatementHistory": {"incomeStatementHistory": [{"maxAge": 1, "endDate": "2018-03-31", "totalRevenue": 38082607000, "costOfRevenue": 97046000, "grossProfit": 37985561000, "researchDevelopment": {}, "sellingGeneralAdministrative": 12360152000, "nonRecurring": {}, "otherOperatingExpenses": 9338265000, "totalOperatingExpenses": 22347577000, "operatingIncome": 15735030000, "totalOtherIncomeExpenseNet": 882335000, "ebit": 0, "interestExpense": {}, "incomeBeforeTax": 16617365000, "incomeTaxExpense": 6103027000, "minorityInterest": 1438432000, "netIncomeFromContinuingOps": 10514338000, "discontinuedOperations": {}, "extraordinaryItems": {}, "effectOfAccountingCharges": {}, "otherItems": {}, "netIncome": 10239113000, "netIncomeApplicableToCommonShares": 10239113000}, {"maxAge": 1, "endDate": "2017-03-31", "totalRevenue": 26022970000, "costOfRevenue": 96444000, "grossProfit": 25926526000, "researchDevelopment": {}, "sellingGeneralAdministrative": 9615250000, "nonRecurring": {}, "otherOperatingExpenses": 7901581000, "totalOperatingExpenses": 18150507000, "operatingIncome": 7872463000, "totalOtherIncomeExpenseNet": 505082000, "ebit": 0, "interestExpense": {}, "incomeBeforeTax": 8377545000, "incomeTaxExpense": 3080547000, "minorityInterest": 998011000, "netIncomeFromContinuingOps": 5296998000, "discontinuedOperations": {}, "extraordinaryItems": {}, "effectOfAccountingCharges": {}, "otherItems": {}, "netIncome": 5116367000, "netIncomeApplicableToCommonShares": 5116367000}, {"maxAge": 1, "endDate": "2016-03-31", "totalRevenue": 26455556000, "costOfRevenue": 90462000, "grossProfit": 26365094000, "researchDevelopment": {}, "sellingGeneralAdministrative": 7731141000, "nonRecurring": {}, "otherOperatingExpenses": 6052355000, "totalOperatingExpenses": 14330936000, "operatingIncome": 12124620000, "totalOtherIncomeExpenseNet": 116578000, "ebit": 0, "interestExpense": {}, "incomeBeforeTax": 12241198000, "incomeTaxExpense": 4367183000, "minorityInterest": 675275000, "netIncomeFromContinuingOps": 7874015000, "discontinuedOperations": {}, "extraordinaryItems": {}, "effectOfAccountingCharges": {}, "otherItems": {}, "netIncome": 7722936000, "netIncomeApplicableToCommonShares": 7722936000}, {"maxAge": 1, "endDate": "2015-03-31", "totalRevenue": 25827473000, "costOfRevenue": 60022000, "grossProfit": 25767451000, "researchDevelopment": {}, "sellingGeneralAdministrative": 6251000000, "nonRecurring": {}, "otherOperatingExpenses": 5162520000, "totalOperatingExpenses": 11928618000, "operatingIncome": 13898855000, "totalOtherIncomeExpenseNet": 99831000, "ebit": 0, "interestExpense": {}, "incomeBeforeTax": 13998686000, "incomeTaxExpense": 4750011000, "minorityInterest": 492960000, "netIncomeFromContinuingOps": 9248675000, "discontinuedOperations": {}, "extraordinaryItems": {}, "effectOfAccountingCharges": {}, "otherItems": {}, "netIncome": 9129054000, "netIncomeApplicableToCommonShares": 9129054000}], "maxAge": 86400}, "fundOwnership": {"ownershipList": [], "maxAge": 1}, "summaryDetail": {"maxAge": 1, "priceHint": 2, "previousClose": 165.3, "open": 163.55, "dayLow": 158.1, "dayHigh": 165.1, "regularMarketPreviousClose": 165.3, "regularMarketOpen": 163.55, "regularMarketDayLow": 158.1, "regularMarketDayHigh": 165.1, "exDividendDate": "2019-07-16 05:30:00", "payoutRatio": 0.1762, "beta": 0.946786, "volume": 1437803, "regularMarketVolume": 1437803, "averageVolume": 730895, "averageVolume10days": 848798, "averageDailyVolume10Day": 848798, "bid": 0.0, "ask": 162.25, "bidSize": 0, "askSize": 0, "marketCap": 99646652416, "fiftyTwoWeekLow": 112.8, "fiftyTwoWeekHigh": 403.0, "priceToSalesTrailing12Months": 1.5064023, "fiftyDayAverage": 178.4, "twoHundredDayAverage": 148.12213, "currency": "INR", "fromCurrency": null, "lastMarket": null, "algorithm": null, "tradeable": false}, "incomeStatementHistoryQuarterly": {"incomeStatementHistory": [{"maxAge": 1, "endDate": "2018-03-31", "totalRevenue": 14943993000, "costOfRevenue": 97046000, "grossProfit": 14846947000, "researchDevelopment": {}, "sellingGeneralAdministrative": 4301674000, "nonRecurring": {}, "otherOperatingExpenses": 2331054000, "totalOperatingExpenses": 6880775000, "operatingIncome": 8063218000, "totalOtherIncomeExpenseNet": 67057000, "ebit": 0, "interestExpense": {}, "incomeBeforeTax": 8130275000, "incomeTaxExpense": 2999131000, "minorityInterest": 1438432000, "netIncomeFromContinuingOps": 5131144000, "discontinuedOperations": {}, "extraordinaryItems": {}, "effectOfAccountingCharges": {}, "otherItems": {}, "netIncome": 4998986000, "netIncomeApplicableToCommonShares": 4998986000}, {"maxAge": 1, "endDate": "2017-12-31", "totalRevenue": 10861342000, "costOfRevenue": 0, "grossProfit": 10861342000, "researchDevelopment": {}, "sellingGeneralAdministrative": 2877165000, "nonRecurring": {}, "otherOperatingExpenses": 2654727000, "totalOperatingExpenses": 5670379000, "operatingIncome": 5190963000, "totalOtherIncomeExpenseNet": 635524000, "ebit": 0, "interestExpense": {}, "incomeBeforeTax": 5826487000, "incomeTaxExpense": 2113912000, "minorityInterest": 1438432000, "netIncomeFromContinuingOps": 3712575000, "discontinuedOperations": {}, "extraordinaryItems": {}, "effectOfAccountingCharges": {}, "otherItems": {}, "netIncome": 3649079000, "netIncomeApplicableToCommonShares": 3649079000}, {"maxAge": 1, "endDate": "2017-09-30", "totalRevenue": 6696704000, "costOfRevenue": 34254000, "grossProfit": 6662450000, "researchDevelopment": {}, "sellingGeneralAdministrative": 2986712000, "nonRecurring": {}, "otherOperatingExpenses": 1839546000, "totalOperatingExpenses": 4989346000, "operatingIncome": 1707358000, "totalOtherIncomeExpenseNet": 43741000, "ebit": 0, "interestExpense": {}, "incomeBeforeTax": 1751099000, "incomeTaxExpense": 688075000, "minorityInterest": 1047971000, "netIncomeFromContinuingOps": 1063024000, "discontinuedOperations": {}, "extraordinaryItems": {}, "effectOfAccountingCharges": {}, "otherItems": {}, "netIncome": 1006811000, "netIncomeApplicableToCommonShares": 1006811000}, {"maxAge": 1, "endDate": "2017-06-30", "totalRevenue": 5736684000, "costOfRevenue": 0, "grossProfit": 5736684000, "researchDevelopment": {}, "sellingGeneralAdministrative": 2586088000, "nonRecurring": {}, "otherOperatingExpenses": 2222747000, "totalOperatingExpenses": 4942627000, "operatingIncome": 794057000, "totalOtherIncomeExpenseNet": 115447000, "ebit": 0, "interestExpense": {}, "incomeBeforeTax": 909504000, "incomeTaxExpense": 301909000, "minorityInterest": 1047971000, "netIncomeFromContinuingOps": 607595000, "discontinuedOperations": {}, "extraordinaryItems": {}, "effectOfAccountingCharges": {}, "otherItems": {}, "netIncome": 584237000, "netIncomeApplicableToCommonShares": 584237000}], "maxAge": 86400}, "cashflowStatementHistoryQuarterly": {"cashflowStatements": [{"maxAge": 1, "endDate": "2018-03-31", "netIncome": 4998986000, "changeToLiabilities": 0}, {"maxAge": 1, "endDate": "2017-12-31", "netIncome": 3649079000, "changeToLiabilities": 0}, {"maxAge": 1, "endDate": "2017-09-30", "netIncome": 1006811000, "changeToLiabilities": 0}, {"maxAge": 1, "endDate": "2017-06-30", "netIncome": 584237000, "changeToLiabilities": 0}], "maxAge": 86400}, "insiderHolders": {"holders": [], "maxAge": 1}, "calendarEvents": {"maxAge": 1, "earnings": {"earningsDate": []}, "exDividendDate": "2019-07-16 05:30:00"}, "price": {"maxAge": 1, "regularMarketChangePercent": -0.018451318, "regularMarketChange": -3.050003, "regularMarketTime": "2021-04-30 15:55:02", "priceHint": 2, "regularMarketPrice": 162.25, "regularMarketDayHigh": 165.1, "regularMarketDayLow": 158.1, "regularMarketVolume": 1437803, "averageDailyVolume10Day": 848798, "averageDailyVolume3Month": 730895, "regularMarketPreviousClose": 165.3, "regularMarketSource": "FREE_REALTIME", "regularMarketOpen": 163.55, "exchange": "BSE", "exchangeName": "BSE", "exchangeDataDelayedBy": 0, "marketState": "CLOSED", "quoteType": "EQUITY", "symbol": "M&MFIN.BO", "underlyingSymbol": null, "shortName": "MAHINDRA & MAHINDRA FINANCIAL", "longName": "Mahindra & Mahindra Financial Services Limited", "currency": "INR", "quoteSourceName": "Delayed Quote", "currencySymbol": "\u20b9", "fromCurrency": null, "lastMarket": null, "marketCap": 99646652416}, "balanceSheetHistory": {"balanceSheetStatements": [{"maxAge": 1, "endDate": "2018-03-31", "cash": 4853779000, "netReceivables": 590225732000, "otherCurrentAssets": 15004836000, "totalCurrentAssets": 610374256000, "longTermInvestments": 5167291000, "propertyPlantEquipment": 1373960000, "goodWill": 52746000, "intangibleAssets": 97154000, "otherAssets": 18319273000, "deferredLongTermAssetCharges": 8231842000, "totalAssets": 635384680000, "accountsPayable": 10142454000, "shortLongTermDebt": 475092857000, "otherCurrentLiab": 20774506000, "longTermDebt": 289523404000, "otherLiab": 13172632000, "deferredLongTermLiab": 35361000, "minorityInterest": 1438432000, "totalCurrentLiabilities": 232098119000, "totalLiab": 534794155000, "commonStock": 1235530000, "retainedEarnings": 55072109000, "treasuryStock": 1712964000, "capitalSurplus": 41131490000, "otherStockholderEquity": 1712964000, "totalStockholderEquity": 99152093000, "netTangibleAssets": 99002193000}, {"maxAge": 1, "endDate": "2017-03-31", "cash": 6038754000, "netReceivables": 487373517000, "otherCurrentAssets": 12585502000, "totalCurrentAssets": 506067251000, "longTermInvestments": 6697421000, "propertyPlantEquipment": 1298704000, "goodWill": 405000, "intangibleAssets": 46197000, "otherAssets": 18119254000, "deferredLongTermAssetCharges": 7571777000, "totalAssets": 532229232000, "accountsPayable": 6068784000, "shortLongTermDebt": 412911679000, "otherCurrentLiab": 20194597000, "longTermDebt": 249144026000, "otherLiab": 10454857000, "deferredLongTermLiab": 45801000, "minorityInterest": 998011000, "totalCurrentLiabilities": 202030783000, "totalLiab": 461629666000, "commonStock": 1137530000, "retainedEarnings": 46981263000, "treasuryStock": 1226402000, "capitalSurplus": 20256360000, "otherStockholderEquity": 1226402000, "totalStockholderEquity": 69601555000, "netTangibleAssets": 69554953000}, {"maxAge": 1, "endDate": "2016-03-31", "cash": 6059365000, "netReceivables": 409996453000, "otherCurrentAssets": 14491317000, "totalCurrentAssets": 430970069000, "longTermInvestments": 3371510000, "propertyPlantEquipment": 1234779000, "goodWill": 405000, "intangibleAssets": 55530000, "otherAssets": 14436144000, "deferredLongTermAssetCharges": 5992393000, "totalAssets": 450068437000, "accountsPayable": 3370878000, "shortLongTermDebt": 345273568000, "otherCurrentLiab": 18645866000, "longTermDebt": 203662242000, "otherLiab": 8993407000, "minorityInterest": 675275000, "totalCurrentLiabilities": 172043535000, "totalLiab": 384699184000, "commonStock": 1137530000, "retainedEarnings": 42209623000, "treasuryStock": 1028024000, "capitalSurplus": 20318801000, "otherStockholderEquity": 1028024000, "totalStockholderEquity": 64693978000, "netTangibleAssets": 64638043000}, {"maxAge": 1, "endDate": "2015-03-31", "cash": 4901836000, "netReceivables": 354670331000, "otherCurrentAssets": 10894435000, "totalCurrentAssets": 370617345000, "longTermInvestments": 1556659000, "propertyPlantEquipment": 1144748000, "goodWill": 405000, "intangibleAssets": 46604000, "otherAssets": 12965641000, "deferredLongTermAssetCharges": 4212577000, "totalAssets": 386331402000, "accountsPayable": 3510269000, "shortLongTermDebt": 295298012000, "otherCurrentLiab": 14818711000, "longTermDebt": 168796466000, "otherLiab": 6407556000, "minorityInterest": 492960000, "totalCurrentLiabilities": 151207251000, "totalLiab": 326411273000, "commonStock": 1137530000, "retainedEarnings": 37220173000, "treasuryStock": 843480000, "capitalSurplus": 20225986000, "otherStockholderEquity": 843480000, "totalStockholderEquity": 59427169000, "netTangibleAssets": 59380160000}], "maxAge": 86400}, "financialData": {"maxAge": 86400, "currentPrice": 162.25, "recommendationKey": "none", "totalCash": 45208952832, "totalCashPerShare": 73.469, "totalDebt": 571421556736, "totalRevenue": 66148765696, "debtToEquity": 473.867, "revenuePerShare": 107.569, "returnOnEquity": 0.12043, "grossProfits": 37985561000, "earningsGrowth": 3.023, "revenueGrowth": 0.058, "grossMargins": 0.98293, "ebitdaMargins": 0.0, "operatingMargins": 0.64422995, "profitMargins": 0.21159, "financialCurrency": "INR"}}}