{"MACPLASQ.BO": {"recommendationTrend": {"trend": [{"period": "0m", "strongBuy": 0, "buy": 0, "hold": 0, "sell": 0, "strongSell": 0}, {"period": "-1m", "strongBuy": 0, "buy": 0, "hold": 0, "sell": 0, "strongSell": 0}, {"period": "-2m", "strongBuy": 0, "buy": 0, "hold": 0, "sell": 0, "strongSell": 0}, {"period": "-3m", "strongBuy": 0, "buy": 0, "hold": 0, "sell": 0, "strongSell": 0}], "maxAge": 86400}, "cashflowStatementHistory": {"cashflowStatements": [{"maxAge": 1, "endDate": "2020-03-31", "netIncome": -45183150, "depreciation": 193064003, "changeToNetincome": 33583468, "changeToAccountReceivables": 136250840, "changeToLiabilities": -30395421, "changeToInventory": 10505053, "changeToOperatingActivities": -20774882, "totalCashFromOperatingActivities": 280406437, "capitalExpenditures": -31262464, "otherCashflowsFromInvestingActivities": 950452, "totalCashflowsFromInvestingActivities": -14332280, "dividendsPaid": -7398237, "netBorrowings": -241239289, "otherCashflowsFromFinancingActivities": -76328920, "totalCashFromFinancingActivities": -324966446, "changeInCash": -58892289}, {"maxAge": 1, "endDate": "2019-03-31", "netIncome": 4077060, "depreciation": 193257482, "changeToNetincome": 58313879, "changeToAccountReceivables": 52225769, "changeToLiabilities": 21324933, "changeToInventory": -24547798, "changeToOperatingActivities": -18141958, "totalCashFromOperatingActivities": 287707455, "capitalExpenditures": -377702299, "otherCashflowsFromInvestingActivities": -11085478, "totalCashflowsFromInvestingActivities": -386137777, "dividendsPaid": -7341923, "netBorrowings": 125823010, "otherCashflowsFromFinancingActivities": -64481252, "totalCashFromFinancingActivities": 53999835, "changeInCash": -44430487}, {"maxAge": 1, "endDate": "2018-03-31", "netIncome": 48028690, "depreciation": 190635456, "changeToNetincome": 34140274, "changeToAccountReceivables": -85791166, "changeToLiabilities": 39200012, "changeToInventory": -16242877, "changeToOperatingActivities": 132170526, "totalCashFromOperatingActivities": 342213091, "capitalExpenditures": -88562315, "investments": 553696, "otherCashflowsFromInvestingActivities": -496670, "totalCashflowsFromInvestingActivities": -82660289, "dividendsPaid": -14772220, "netBorrowings": -103971398, "otherCashflowsFromFinancingActivities": -71522595, "totalCashFromFinancingActivities": -190266213, "changeInCash": 69286589}, {"maxAge": 1, "endDate": "2017-03-31", "netIncome": 47551416, "depreciation": 129226879, "changeToNetincome": 67547079, "changeToAccountReceivables": -222794889, "changeToLiabilities": 1694837, "changeToInventory": -5583908, "changeToOperatingActivities": -98755476, "totalCashFromOperatingActivities": -81098440, "capitalExpenditures": -688005469, "investments": 49666671, "otherCashflowsFromInvestingActivities": -2222890, "totalCashflowsFromInvestingActivities": -638357793, "dividendsPaid": -7386110, "netBorrowings": 767054604, "otherCashflowsFromFinancingActivities": -36383684, "totalCashFromFinancingActivities": 723284810, "changeInCash": 3828577}], "maxAge": 86400}, "institutionOwnership": {"maxAge": 1, "ownershipList": []}, "balanceSheetHistoryQuarterly": {"balanceSheetStatements": [{"maxAge": 1, "endDate": "2020-06-30", "totalStockholderEquity": 560500000, "netTangibleAssets": 553981000}, {"maxAge": 1, "endDate": "2020-03-31", "cash": 1573419, "netReceivables": 247971120, "inventory": 93600941, "otherCurrentAssets": 28119130, "totalCurrentAssets": 380194568, "longTermInvestments": 12525000, "propertyPlantEquipment": 1310328361, "intangibleAssets": 6519264, "otherAssets": 18675266, "totalAssets": 1728242459, "accountsPayable": 55488612, "shortLongTermDebt": 140432449, "otherCurrentLiab": 68882093, "longTermDebt": 350484007, "otherLiab": 42571118, "totalCurrentLiabilities": 752806126, "totalLiab": 1167742440, "commonStock": 61368000, "retainedEarnings": 396487756, "treasuryStock": 102644263, "otherStockholderEquity": 102644263, "totalStockholderEquity": 560500019, "netTangibleAssets": 553980755}, {"maxAge": 1, "endDate": "2019-12-31", "totalStockholderEquity": 562430000, "netTangibleAssets": 554516000}, {"maxAge": 1, "endDate": "2019-09-30", "cash": 3895000, "shortTermInvestments": 2183000, "netReceivables": 334947000, "inventory": 105998000, "otherCurrentAssets": 39332000, "totalCurrentAssets": 484172000, "longTermInvestments": 12525000, "propertyPlantEquipment": 1370487000, "intangibleAssets": 7914000, "otherAssets": 18659000, "totalAssets": 1893757000, "accountsPayable": 59990000, "otherCurrentLiab": 335574000, "longTermDebt": 347947000, "otherLiab": 53878000, "totalCurrentLiabilities": 929502000, "totalLiab": 1331327000, "commonStock": 61368000, "treasuryStock": 501062000, "otherStockholderEquity": 501062000, "totalStockholderEquity": 562430000, "netTangibleAssets": 554516000}], "maxAge": 86400}, "earningsHistory": {"history": [{"maxAge": 1, "epsActual": {}, "epsEstimate": {}, "epsDifference": {}, "surprisePercent": {}, "quarter": {}, "period": "-4q"}, {"maxAge": 1, "epsActual": {}, "epsEstimate": {}, "epsDifference": {}, "surprisePercent": {}, "quarter": {}, "period": "-3q"}, {"maxAge": 1, "epsActual": {}, "epsEstimate": {}, "epsDifference": {}, "surprisePercent": {}, "quarter": {}, "period": "-2q"}, {"maxAge": 1, "epsActual": {}, "epsEstimate": {}, "epsDifference": {}, "surprisePercent": {}, "quarter": {}, "period": "-1q"}], "maxAge": 86400}, "indexTrend": {"maxAge": 1, "symbol": "SP5", "peRatio": 19.7411, "pegRatio": 1.34172, "estimates": [{"period": "0q", "growth": 0.549}, {"period": "+1q", "growth": 0.431}, {"period": "0y", "growth": 0.305}, {"period": "+1y", "growth": 0.109}, {"period": "+5y", "growth": 0.120859005}, {"period": "-5y"}]}, "industryTrend": {"maxAge": 1, "symbol": null, "estimates": []}, "insiderTransactions": {"transactions": [{"maxAge": 1, "shares": 384, "filerUrl": "", "transactionText": "", "filerName": "Agarwal (Surya Kant)", "filerRelation": "UNREPORTED", "moneyText": "", "startDate": "2019-12-11", "ownership": "D"}], "maxAge": 1}, "quoteType": {"exchange": "BSE", "quoteType": "EQUITY", "symbol": "MACPLASQ.BO", "underlyingSymbol": "MACPLASQ.BO", "shortName": "MACHINO PLASTICS LTD.", "longName": "Machino Plastics Limited", "firstTradeDateEpochUtc": "2000-03-30 09:15:00", "timeZoneFullName": "Asia/Kolkata", "timeZoneShortName": "IST", "uuid": "ce91aaea-14e6-362c-8f98-c7f64ee837ac", "messageBoardId": null, "gmtOffSetMilliseconds": 19800000, "maxAge": 1}, "incomeStatementHistory": {"incomeStatementHistory": [{"maxAge": 1, "endDate": "2020-03-31", "totalRevenue": 2420090815, "costOfRevenue": 1374916384, "grossProfit": 1045174431, "researchDevelopment": {}, "sellingGeneralAdministrative": 333300552, "nonRecurring": {}, "otherOperatingExpenses": 525114807, "totalOperatingExpenses": 2429752272, "operatingIncome": -9661457, "totalOtherIncomeExpenseNet": -75485992, "ebit": -9661457, "interestExpense": -76346178, "incomeBeforeTax": -85147449, "incomeTaxExpense": -39964299, "minorityInterest": {}, "netIncomeFromContinuingOps": -45183150, "discontinuedOperations": {}, "extraordinaryItems": {}, "effectOfAccountingCharges": {}, "otherItems": {}, "netIncome": -45183150, "netIncomeApplicableToCommonShares": -45183150}, {"maxAge": 1, "endDate": "2019-03-31", "totalRevenue": 3028719795, "costOfRevenue": 1857965128, "grossProfit": 1170754667, "researchDevelopment": {}, "sellingGeneralAdministrative": 343941385, "nonRecurring": {}, "otherOperatingExpenses": 568878660, "totalOperatingExpenses": 2965240743, "operatingIncome": 63479052, "totalOtherIncomeExpenseNet": -62319193, "ebit": 63479052, "interestExpense": -64872427, "incomeBeforeTax": 1159859, "incomeTaxExpense": -2917201, "minorityInterest": {}, "netIncomeFromContinuingOps": 4077060, "discontinuedOperations": {}, "extraordinaryItems": {}, "effectOfAccountingCharges": {}, "otherItems": {}, "netIncome": 4077060, "netIncomeApplicableToCommonShares": 4077060}, {"maxAge": 1, "endDate": "2018-03-31", "totalRevenue": 3059432465, "costOfRevenue": 1939505315, "grossProfit": 1119927150, "researchDevelopment": {}, "sellingGeneralAdministrative": 331313072, "nonRecurring": {}, "otherOperatingExpenses": 509266466, "totalOperatingExpenses": 2970792485, "operatingIncome": 88639980, "totalOtherIncomeExpenseNet": -70882620, "ebit": 88639980, "interestExpense": -71420202, "incomeBeforeTax": 17757360, "incomeTaxExpense": -30271330, "minorityInterest": {}, "netIncomeFromContinuingOps": 48028690, "discontinuedOperations": {}, "extraordinaryItems": {}, "effectOfAccountingCharges": {}, "otherItems": {}, "netIncome": 48028690, "netIncomeApplicableToCommonShares": 48028690}, {"maxAge": 1, "endDate": "2017-03-31", "totalRevenue": 2590076628, "costOfRevenue": 1660418875, "grossProfit": 929657753, "researchDevelopment": {}, "sellingGeneralAdministrative": 256575992, "nonRecurring": {}, "otherOperatingExpenses": 409737010, "totalOperatingExpenses": 2455974378, "operatingIncome": 134102250, "totalOtherIncomeExpenseNet": -37871074, "ebit": 134102250, "interestExpense": -38232195, "incomeBeforeTax": 96231176, "incomeTaxExpense": 48679760, "minorityInterest": {}, "netIncomeFromContinuingOps": 47551416, "discontinuedOperations": {}, "extraordinaryItems": {}, "effectOfAccountingCharges": {}, "otherItems": {}, "netIncome": 47551416, "netIncomeApplicableToCommonShares": 47551416}], "maxAge": 86400}, "fundOwnership": {"maxAge": 1, "ownershipList": []}, "summaryDetail": {"maxAge": 1, "priceHint": 2, "previousClose": 94.2, "open": 90.0, "dayLow": 90.0, "dayHigh": 92.0, "regularMarketPreviousClose": 94.2, "regularMarketOpen": 90.0, "regularMarketDayLow": 90.0, "regularMarketDayHigh": 92.0, "volume": 452, "regularMarketVolume": 452, "averageVolume": 1517, "averageVolume10days": 331, "averageDailyVolume10Day": 331, "bid": 0.0, "ask": 90.0, "bidSize": 0, "askSize": 0, "marketCap": 552312000, "fiftyTwoWeekLow": 41.8, "fiftyTwoWeekHigh": 107.0, "fiftyDayAverage": 87.64412, "twoHundredDayAverage": 71.51654, "trailingAnnualDividendRate": 1.0, "trailingAnnualDividendYield": 0.010615712, "currency": "INR", "fromCurrency": null, "toCurrency": null, "lastMarket": null, "algorithm": null, "tradeable": false}, "sectorTrend": {"maxAge": 1, "symbol": null, "estimates": []}, "incomeStatementHistoryQuarterly": {"incomeStatementHistory": [{"maxAge": 1, "endDate": "2020-06-30", "totalRevenue": 132693000, "costOfRevenue": 67866000, "grossProfit": 64827000, "researchDevelopment": {}, "sellingGeneralAdministrative": 38485000, "nonRecurring": {}, "otherOperatingExpenses": 51312000, "totalOperatingExpenses": 200528000, "operatingIncome": -67835000, "totalOtherIncomeExpenseNet": -18181000, "ebit": -67835000, "interestExpense": -18485000, "incomeBeforeTax": -86016000, "incomeTaxExpense": -6794000, "minorityInterest": {}, "netIncomeFromContinuingOps": -79222000, "discontinuedOperations": {}, "extraordinaryItems": {}, "effectOfAccountingCharges": {}, "otherItems": {}, "netIncome": -79222000, "netIncomeApplicableToCommonShares": -79222000}, {"maxAge": 1, "endDate": "2020-03-31", "totalRevenue": 585355815, "costOfRevenue": 372933384, "grossProfit": 212422431, "researchDevelopment": {}, "sellingGeneralAdministrative": 90795552, "nonRecurring": {}, "otherOperatingExpenses": 61472807, "totalOperatingExpenses": 570712272, "operatingIncome": 14643543, "totalOtherIncomeExpenseNet": -19840992, "ebit": 14643543, "interestExpense": -18457178, "incomeBeforeTax": -5197449, "incomeTaxExpense": -10349299, "minorityInterest": {}, "netIncomeFromContinuingOps": 5151850, "discontinuedOperations": {}, "extraordinaryItems": {}, "effectOfAccountingCharges": {}, "otherItems": {}, "netIncome": 5151850, "netIncomeApplicableToCommonShares": 5151850}, {"maxAge": 1, "endDate": "2019-12-31", "totalRevenue": 615832000, "costOfRevenue": 330564000, "grossProfit": 285268000, "researchDevelopment": {}, "sellingGeneralAdministrative": 78212000, "nonRecurring": {}, "otherOperatingExpenses": 149723000, "totalOperatingExpenses": 610436000, "operatingIncome": 5396000, "totalOtherIncomeExpenseNet": -17823000, "ebit": 5396000, "interestExpense": -18978000, "incomeBeforeTax": -12427000, "incomeTaxExpense": -3527000, "minorityInterest": {}, "netIncomeFromContinuingOps": -8900000, "discontinuedOperations": {}, "extraordinaryItems": {}, "effectOfAccountingCharges": {}, "otherItems": {}, "netIncome": -8900000, "netIncomeApplicableToCommonShares": -8900000}, {"maxAge": 1, "endDate": "2019-09-30", "totalRevenue": 592082000, "costOfRevenue": 321427000, "grossProfit": 270655000, "researchDevelopment": {}, "sellingGeneralAdministrative": 79233000, "nonRecurring": {}, "otherOperatingExpenses": 151574000, "totalOperatingExpenses": 601773000, "operatingIncome": -9691000, "totalOtherIncomeExpenseNet": -19128000, "ebit": -9691000, "interestExpense": -19400000, "incomeBeforeTax": -28819000, "incomeTaxExpense": -26088000, "minorityInterest": {}, "netIncomeFromContinuingOps": -2731000, "discontinuedOperations": {}, "extraordinaryItems": {}, "effectOfAccountingCharges": {}, "otherItems": {}, "netIncome": -2731000, "netIncomeApplicableToCommonShares": -2731000}], "maxAge": 86400}, "cashflowStatementHistoryQuarterly": {"cashflowStatements": [{"maxAge": 1, "endDate": "2020-06-30", "netIncome": -79222000, "changeToLiabilities": 0}, {"maxAge": 1, "endDate": "2020-03-31", "netIncome": 5151850, "changeToLiabilities": 0}, {"maxAge": 1, "endDate": "2019-12-31", "netIncome": -8900000, "changeToLiabilities": 0}, {"maxAge": 1, "endDate": "2019-09-30", "netIncome": -2731000, "changeToLiabilities": 0}], "maxAge": 86400}, "insiderHolders": {"holders": [{"maxAge": 1, "name": "Agarwal (Surya Kant)", "relation": "UNREPORTED", "url": "", "transactionDescription": "Acquisition", "latestTransDate": "2019-12-11", "positionDirect": 385, "positionDirectDate": "2019-12-11"}], "maxAge": 1}, "earnings": {"maxAge": 86400, "earningsChart": {"quarterly": [], "earningsDate": []}, "financialsChart": {"yearly": [{"date": 2017, "revenue": 2590076628, "earnings": 47551416}, {"date": 2018, "revenue": 3059432465, "earnings": 48028690}, {"date": 2019, "revenue": 3028719795, "earnings": 4077060}, {"date": 2020, "revenue": 2420090815, "earnings": -45183150}], "quarterly": [{"date": "3Q2019", "revenue": 592082000, "earnings": -2731000}, {"date": "4Q2019", "revenue": 615832000, "earnings": -8900000}, {"date": "1Q2020", "revenue": 585355815, "earnings": 5151850}, {"date": "2Q2020", "revenue": 132693000, "earnings": -79222000}]}, "financialCurrency": "INR"}, "calendarEvents": {"maxAge": 1, "earnings": {"earningsDate": []}}, "price": {"maxAge": 1, "regularMarketChangePercent": -0.044585958, "regularMarketChange": -4.199997, "regularMarketTime": "2021-04-30 15:56:19", "priceHint": 2, "regularMarketPrice": 90.0, "regularMarketDayHigh": 92.0, "regularMarketDayLow": 90.0, "regularMarketVolume": 452, "averageDailyVolume10Day": 331, "averageDailyVolume3Month": 1517, "regularMarketPreviousClose": 94.2, "regularMarketSource": "FREE_REALTIME", "regularMarketOpen": 90.0, "exchange": "BSE", "exchangeName": "BSE", "exchangeDataDelayedBy": 0, "marketState": "CLOSED", "quoteType": "EQUITY", "symbol": "MACPLASQ.BO", "underlyingSymbol": null, "shortName": "MACHINO PLASTICS LTD.", "longName": "Machino Plastics Limited", "currency": "INR", "quoteSourceName": "Delayed Quote", "currencySymbol": "\u20b9", "fromCurrency": null, "toCurrency": null, "lastMarket": null, "marketCap": 552312000}, "balanceSheetHistory": {"balanceSheetStatements": [{"maxAge": 1, "endDate": "2020-03-31", "cash": 1573419, "netReceivables": 247971120, "inventory": 93600941, "otherCurrentAssets": 28119130, "totalCurrentAssets": 380194568, "longTermInvestments": 12525000, "propertyPlantEquipment": 1310328361, "intangibleAssets": 6519264, "otherAssets": 18675266, "totalAssets": 1728242459, "accountsPayable": 55488612, "shortLongTermDebt": 140432449, "otherCurrentLiab": 68882093, "longTermDebt": 350484007, "otherLiab": 42571118, "totalCurrentLiabilities": 752806126, "totalLiab": 1167742440, "commonStock": 61368000, "retainedEarnings": 396487756, "treasuryStock": 102644263, "otherStockholderEquity": 102644263, "totalStockholderEquity": 560500019, "netTangibleAssets": 553980755}, {"maxAge": 1, "endDate": "2019-03-31", "cash": 60465708, "netReceivables": 384104105, "inventory": 104105994, "otherCurrentAssets": 34627919, "totalCurrentAssets": 593454521, "longTermInvestments": 12525000, "propertyPlantEquipment": 1446201344, "intangibleAssets": 9098016, "otherAssets": 18486729, "totalAssets": 2079765610, "accountsPayable": 85884032, "shortLongTermDebt": 162456482, "otherCurrentLiab": 63879972, "longTermDebt": 420646612, "otherLiab": 79966401, "totalCurrentLiabilities": 967888072, "totalLiab": 1468501085, "commonStock": 61368000, "retainedEarnings": 449069143, "treasuryStock": 100827382, "otherStockholderEquity": 100827382, "totalStockholderEquity": 611264525, "netTangibleAssets": 602166509}, {"maxAge": 1, "endDate": "2018-03-31", "cash": 104896195, "netReceivables": 436379374, "inventory": 79558196, "otherCurrentAssets": 30642681, "totalCurrentAssets": 660829685, "longTermInvestments": 12525000, "propertyPlantEquipment": 1273896140, "intangibleAssets": 146104, "otherAssets": 8194204, "totalAssets": 1955591133, "accountsPayable": 64559098, "shortLongTermDebt": 152896522, "otherCurrentLiab": 52174516, "longTermDebt": 449495878, "otherLiab": 84781583, "totalCurrentLiabilities": 807798662, "totalLiab": 1342076123, "commonStock": 61368000, "retainedEarnings": 452334007, "treasuryStock": 99813003, "otherStockholderEquity": 99813003, "totalStockholderEquity": 613515010, "netTangibleAssets": 613368906}, {"maxAge": 1, "endDate": "2017-03-31", "cash": 35813302, "netReceivables": 350534856, "inventory": 63315319, "otherCurrentAssets": 108406183, "totalCurrentAssets": 564773944, "longTermInvestments": 12875000, "propertyPlantEquipment": 1379710581, "intangibleAssets": 218280, "otherAssets": 7444081, "totalAssets": 1965021886, "accountsPayable": 25359086, "shortLongTermDebt": 86424408, "otherCurrentLiab": 78980971, "longTermDebt": 599217781, "otherLiab": 104558587, "totalCurrentLiabilities": 681613876, "totalLiab": 1385390244, "commonStock": 61368000, "retainedEarnings": 419077537, "treasuryStock": 99186105, "otherStockholderEquity": 99186105, "totalStockholderEquity": 579631642, "netTangibleAssets": 579413362}], "maxAge": 86400}, "earningsTrend": {"trend": [{"maxAge": 1, "period": "0q", "endDate": null, "growth": {}, "earningsEstimate": {"avg": 0.0, "low": 0.0, "high": 0.0, "yearAgoEps": {}, "numberOfAnalysts": 0, "growth": {}}, "revenueEstimate": {"avg": 0, "low": 0, "high": 0, "numberOfAnalysts": 0, "yearAgoRevenue": {}, "growth": {}}, "epsTrend": {"current": 0.0, "7daysAgo": 0.0, "30daysAgo": 0.0, "60daysAgo": 0.0, "90daysAgo": 0.0}, "epsRevisions": {"upLast7days": 0, "upLast30days": 0, "downLast30days": 0, "downLast90days": {}}}, {"maxAge": 1, "period": "+1q", "endDate": null, "growth": {}, "earningsEstimate": {"avg": 0.0, "low": 0.0, "high": 0.0, "yearAgoEps": {}, "numberOfAnalysts": 0, "growth": {}}, "revenueEstimate": {"avg": 0, "low": 0, "high": 0, "numberOfAnalysts": 0, "yearAgoRevenue": {}, "growth": {}}, "epsTrend": {"current": 0.0, "7daysAgo": 0.0, "30daysAgo": 0.0, "60daysAgo": 0.0, "90daysAgo": 0.0}, "epsRevisions": {"upLast7days": 0, "upLast30days": 0, "downLast30days": 0, "downLast90days": {}}}, {"maxAge": 1, "period": "0y", "endDate": null, "growth": {}, "earningsEstimate": {"avg": 0.0, "low": 0.0, "high": 0.0, "yearAgoEps": {}, "numberOfAnalysts": 0, "growth": {}}, "revenueEstimate": {"avg": 0, "low": 0, "high": 0, "numberOfAnalysts": 0, "yearAgoRevenue": {}, "growth": {}}, "epsTrend": {"current": 0.0, "7daysAgo": 0.0, "30daysAgo": 0.0, "60daysAgo": 0.0, "90daysAgo": 0.0}, "epsRevisions": {"upLast7days": 0, "upLast30days": 0, "downLast30days": 0, "downLast90days": {}}}, {"maxAge": 1, "period": "+1y", "endDate": null, "growth": {}, "earningsEstimate": {"avg": 0.0, "low": 0.0, "high": 0.0, "yearAgoEps": {}, "numberOfAnalysts": 0, "growth": {}}, "revenueEstimate": {"avg": 0, "low": 0, "high": 0, "numberOfAnalysts": 0, "yearAgoRevenue": {}, "growth": {}}, "epsTrend": {"current": 0.0, "7daysAgo": 0.0, "30daysAgo": 0.0, "60daysAgo": 0.0, "90daysAgo": 0.0}, "epsRevisions": {"upLast7days": 0, "upLast30days": 0, "downLast30days": 0, "downLast90days": {}}}, {"maxAge": 1, "period": "+5y", "endDate": null, "growth": {}, "earningsEstimate": {"avg": {}, "low": {}, "high": {}, "yearAgoEps": {}, "numberOfAnalysts": {}, "growth": {}}, "revenueEstimate": {"avg": {}, "low": {}, "high": {}, "numberOfAnalysts": {}, "yearAgoRevenue": {}, "growth": {}}, "epsTrend": {"current": {}, "7daysAgo": {}, "30daysAgo": {}, "60daysAgo": {}, "90daysAgo": {}}, "epsRevisions": {"upLast7days": {}, "upLast30days": {}, "downLast30days": {}, "downLast90days": {}}}, {"maxAge": 1, "period": "-5y", "endDate": null, "growth": {}, "earningsEstimate": {"avg": {}, "low": {}, "high": {}, "yearAgoEps": {}, "numberOfAnalysts": {}, "growth": {}}, "revenueEstimate": {"avg": {}, "low": {}, "high": {}, "numberOfAnalysts": {}, "yearAgoRevenue": {}, "growth": {}}, "epsTrend": {"current": {}, "7daysAgo": {}, "30daysAgo": {}, "60daysAgo": {}, "90daysAgo": {}}, "epsRevisions": {"upLast7days": {}, "upLast30days": {}, "downLast30days": {}, "downLast90days": {}}}], "maxAge": 1}, "financialData": {"maxAge": 86400, "currentPrice": 90.0, "recommendationKey": "none", "grossProfits": 1045174431, "financialCurrency": "INR"}}}