{"MACPOWER.NS": {"assetProfile": {"address1": "Plot No. 2234", "address2": "Near Kranti Gate GIDC Metoda Talu-Lodhika", "city": "Rajkot", "zip": "360021", "country": "India", "phone": "91 28 2728 7930", "fax": "91 28 2728 7933", "website": "http://www.macpowercnc.com", "industry": "Specialty Industrial Machinery", "sector": "Industrials", "longBusinessSummary": "Macpower CNC Machines Limited operates as a CNC manufacturing company in India. The company offers CNC turning centers for the bearing, valve, pump, tool room, automobile, process plant component, agriculture, textile, and piping industries; and vertical machining centers (VMCs) for tool rooms, die and molds, automobile, pattern, defense, power, and railways. It also provides special purpose component, aeronautics, defense, agriculture, and medical turn mill centers; and vertical turret lathe for valve and motor bodies, engine liners, and railways. In addition, the company offers horizontal machining centers for automobile, die and mold, defense, aeronautics, textile, medical, and railways; drill tap centers for the electronics, automobile, and textile industries; twin head VMCs for the automobile and textile industries; and cylindrical grinders for special purpose components, agriculture, and railway, as well as turn o' mill and twin spindle turning centers. Macpower CNC Machines Limited was founded in 2003 and is based in Rajkot, India.", "fullTimeEmployees": 340, "companyOfficers": [{"maxAge": 1, "name": "Mr. Rupesh Kumar Jagdishchandra Mehta", "title": "Chairman & MD", "fiscalYear": 2020, "totalPay": 3600000, "exercisedValue": 0, "unexercisedValue": 0}, {"maxAge": 1, "name": "Mr. Nikesh Jagdishchandra Mehta", "age": 42, "title": "CEO & Whole-Time Director", "yearBorn": 1978, "fiscalYear": 2020, "totalPay": 720000, "exercisedValue": 0, "unexercisedValue": 0}, {"maxAge": 1, "name": "Mr. Rajnikant M. Raja", "title": "Chief Financial Officer", "fiscalYear": 2020, "totalPay": 719000, "exercisedValue": 0, "unexercisedValue": 0}, {"maxAge": 1, "name": "Nakum Ashishbhai Bavanjibhai", "age": 39, "title": "Chief Operating Officer", "yearBorn": 1981, "exercisedValue": 0, "unexercisedValue": 0}, {"maxAge": 1, "name": "Mr. Sagar Rameshbhai Rajyaguru", "age": 28, "title": "Company Sec. & Compliance Officer", "yearBorn": 1992, "fiscalYear": 2020, "totalPay": 321948, "exercisedValue": 0, "unexercisedValue": 0}, {"maxAge": 1, "name": "Anish  Doshi", "age": 47, "title": "Country Head of Sales & Marketing", "yearBorn": 1973, "exercisedValue": 0, "unexercisedValue": 0}], "compensationAsOfEpochDate": "2020-12-31 05:30:00", "maxAge": 86400}, "cashflowStatementHistory": {"cashflowStatements": [{"maxAge": 1, "endDate": "2020-03-31", "netIncome": 41208078, "depreciation": 9190978, "changeToNetincome": -13670103, "changeToAccountReceivables": 53969103, "changeToLiabilities": -131578715, "changeToInventory": 11499600, "changeToOperatingActivities": 918381, "totalCashFromOperatingActivities": -24431373, "capitalExpenditures": -251323167, "investments": -2430907, "totalCashflowsFromInvestingActivities": -194980132, "dividendsPaid": -2969000, "otherCashflowsFromFinancingActivities": 2261397, "totalCashFromFinancingActivities": -707603, "changeInCash": -220119108}, {"maxAge": 1, "endDate": "2019-03-31", "netIncome": 126446236, "depreciation": 11062924, "changeToNetincome": -25504241, "changeToAccountReceivables": -44927371, "changeToLiabilities": 23697842, "changeToInventory": -196871019, "changeToOperatingActivities": -838630, "totalCashFromOperatingActivities": -106176861, "capitalExpenditures": -80428878, "investments": 66569051, "totalCashflowsFromInvestingActivities": -25915267, "dividendsPaid": -2973000, "netBorrowings": -2478990, "otherCashflowsFromFinancingActivities": 24697744, "totalCashFromFinancingActivities": 19245754, "changeInCash": -112846373}, {"maxAge": 1, "endDate": "2018-03-31", "netIncome": 70418113, "depreciation": 9785661, "changeToNetincome": -1371540, "changeToAccountReceivables": 62149729, "changeToLiabilities": 156622700, "changeToInventory": -103712281, "changeToOperatingActivities": -90119262, "totalCashFromOperatingActivities": 104215415, "capitalExpenditures": -26809306, "investments": -74286774, "totalCashflowsFromInvestingActivities": -100881550, "dividendsPaid": -2973000, "netBorrowings": -30171994, "otherCashflowsFromFinancingActivities": -1776349, "totalCashFromFinancingActivities": 387701657, "changeInCash": 391035521, "issuanceOfStock": 419650000}, {"maxAge": 1, "endDate": "2017-03-31", "netIncome": 7840000, "depreciation": 5925000, "changeToNetincome": 3222000, "changeToAccountReceivables": -70868000, "changeToLiabilities": 51116000, "changeToInventory": -72233000, "changeToOperatingActivities": 56983000, "totalCashFromOperatingActivities": -17916000, "capitalExpenditures": -8237000, "investments": 96000, "otherCashflowsFromInvestingActivities": 530000, "totalCashflowsFromInvestingActivities": -7314000, "dividendsPaid": -2973000, "netBorrowings": -32468000, "otherCashflowsFromFinancingActivities": -4027000, "totalCashFromFinancingActivities": -36495000, "changeInCash": -61726000, "issuanceOfStock": 419650000}], "maxAge": 86400}, "institutionOwnership": {"ownershipList": [], "maxAge": 1}, "majorHoldersBreakdown": {"maxAge": 1, "insidersPercentHeld": 0.0, "institutionsPercentHeld": 0.0, "institutionsFloatPercentHeld": 0.0, "institutionsCount": 0}, "balanceSheetHistoryQuarterly": {"balanceSheetStatements": [{"maxAge": 1, "endDate": "2020-09-30", "cash": 36200000, "shortTermInvestments": 76400000, "netReceivables": 52600000, "inventory": 443000000, "otherCurrentAssets": 11700000, "totalCurrentAssets": 619900000, "propertyPlantEquipment": 355700000, "intangibleAssets": 1200000, "otherAssets": 14500000, "deferredLongTermAssetCharges": 9800000, "totalAssets": 991300000, "accountsPayable": 212900000, "otherCurrentLiab": 67400000, "otherLiab": 9700000, "totalCurrentLiabilities": 304200000, "totalLiab": 313900000, "commonStock": 100000000, "treasuryStock": 577400000, "otherStockholderEquity": 577400000, "totalStockholderEquity": 677400000, "netTangibleAssets": 676200000}, {"maxAge": 1, "endDate": "2020-06-30", "totalStockholderEquity": 693259242, "netTangibleAssets": 691231454}, {"maxAge": 1, "endDate": "2020-03-31", "cash": 58662992, "shortTermInvestments": 12490903, "netReceivables": 32624275, "inventory": 462175300, "otherCurrentAssets": 38158839, "totalCurrentAssets": 604807116, "propertyPlantEquipment": 378296022, "intangibleAssets": 2027788, "otherAssets": 21685999, "totalAssets": 1006816925, "accountsPayable": 234689492, "otherCurrentLiab": 61068860, "otherLiab": 14951458, "deferredLongTermLiab": 13463518, "totalCurrentLiabilities": 298606225, "totalLiab": 313557683, "commonStock": 98080000, "retainedEarnings": 205929242, "capitalSurplus": 389250000, "totalStockholderEquity": 693259242, "netTangibleAssets": 691231454}, {"maxAge": 1, "endDate": "2019-12-31", "cash": 58662992, "shortTermInvestments": 12490903, "netReceivables": 32624275, "inventory": 462175300, "otherCurrentAssets": 38158839, "totalCurrentAssets": 604807116, "propertyPlantEquipment": 378296022, "intangibleAssets": 2027788, "otherAssets": 21685999, "totalAssets": 1006816925, "accountsPayable": 234689492, "otherCurrentLiab": 61068860, "otherLiab": 14951458, "deferredLongTermLiab": 13463518, "totalCurrentLiabilities": 298606225, "totalLiab": 313557683, "commonStock": 98080000, "retainedEarnings": 205929242, "capitalSurplus": 389250000, "totalStockholderEquity": 693259242, "netTangibleAssets": 691231454}], "maxAge": 86400}, "indexTrend": {"maxAge": 1, "symbol": "SP5", "peRatio": 19.7411, "pegRatio": 1.34172, "estimates": [{"period": "0q", "growth": 0.549}, {"period": "+1q", "growth": 0.431}, {"period": "0y", "growth": 0.305}, {"period": "+1y", "growth": 0.109}, {"period": "+5y", "growth": 0.120865}, {"period": "-5y"}]}, "defaultKeyStatistics": {"maxAge": 1, "priceHint": 2, "enterpriseValue": 802300032, "profitMargins": 0.04538, "floatShares": 2558900, "sharesOutstanding": 10000000, "heldPercentInsiders": 0.0, "heldPercentInstitutions": 0.0, "beta": 1.600743, "category": null, "bookValue": 67.74, "priceToBook": 1.3153234, "fundFamily": null, "legalType": null, "lastFiscalYearEnd": "2020-03-31 05:30:00", "nextFiscalYearEnd": "2022-03-31 05:30:00", "mostRecentQuarter": "2020-09-30 05:30:00", "earningsQuarterlyGrowth": -0.573, "netIncomeToCommon": 30108078, "trailingEps": 3.008, "lastSplitFactor": "102:100", "lastSplitDate": "2020-06-30 05:30:00", "enterpriseToRevenue": 1.209, "enterpriseToEbitda": 24.486}, "summaryProfile": {"address1": "Plot No. 2234", "address2": "Near Kranti Gate GIDC Metoda Talu-Lodhika", "city": "Rajkot", "zip": "360021", "country": "India", "phone": "91 28 2728 7930", "fax": "91 28 2728 7933", "website": "http://www.macpowercnc.com", "industry": "Specialty Industrial Machinery", "sector": "Industrials", "longBusinessSummary": "Macpower CNC Machines Limited operates as a CNC manufacturing company in India. The company offers CNC turning centers for the bearing, valve, pump, tool room, automobile, process plant component, agriculture, textile, and piping industries; and vertical machining centers (VMCs) for tool rooms, die and molds, automobile, pattern, defense, power, and railways. It also provides special purpose component, aeronautics, defense, agriculture, and medical turn mill centers; and vertical turret lathe for valve and motor bodies, engine liners, and railways. In addition, the company offers horizontal machining centers for automobile, die and mold, defense, aeronautics, textile, medical, and railways; drill tap centers for the electronics, automobile, and textile industries; twin head VMCs for the automobile and textile industries; and cylindrical grinders for special purpose components, agriculture, and railway, as well as turn o' mill and twin spindle turning centers. Macpower CNC Machines Limited was founded in 2003 and is based in Rajkot, India.", "fullTimeEmployees": 340, "companyOfficers": [], "maxAge": 86400}, "netSharePurchaseActivity": {"maxAge": 1, "period": "6m", "buyInfoCount": 0, "buyInfoShares": 0, "sellInfoCount": 0, "netInfoCount": 0, "netInfoShares": 0, "totalInsiderShares": 0}, "quoteType": {"exchange": "NSI", "quoteType": "EQUITY", "symbol": "MACPOWER.NS", "underlyingSymbol": "MACPOWER.NS", "shortName": "Macpower CNC Machines Ltd", "longName": "Macpower CNC Machines Limited", "firstTradeDateEpochUtc": "2018-03-22 09:15:00", "timeZoneFullName": "Asia/Kolkata", "timeZoneShortName": "IST", "uuid": "83a02c95-f968-3469-b475-b689efdbab44", "gmtOffSetMilliseconds": 19800000, "maxAge": 1}, "incomeStatementHistory": {"incomeStatementHistory": [{"maxAge": 1, "endDate": "2020-03-31", "totalRevenue": 814810403, "costOfRevenue": 555253896, "grossProfit": 259556507, "researchDevelopment": {}, "sellingGeneralAdministrative": 119581122, "nonRecurring": {}, "otherOperatingExpenses": 99544660, "totalOperatingExpenses": 784236082, "operatingIncome": 30574321, "totalOtherIncomeExpenseNet": 27174224, "ebit": 30574321, "interestExpense": -1821499, "incomeBeforeTax": 57748545, "incomeTaxExpense": 16540467, "minorityInterest": {}, "netIncomeFromContinuingOps": 41208078, "discontinuedOperations": {}, "extraordinaryItems": {}, "effectOfAccountingCharges": {}, "otherItems": {}, "netIncome": 41208078, "netIncomeApplicableToCommonShares": 41208078}, {"maxAge": 1, "endDate": "2019-03-31", "totalRevenue": 1402771019, "costOfRevenue": 947522426, "grossProfit": 455248593, "researchDevelopment": {}, "sellingGeneralAdministrative": 128687712, "nonRecurring": {}, "otherOperatingExpenses": 160244013, "totalOperatingExpenses": 1248274474, "operatingIncome": 154496545, "totalOtherIncomeExpenseNet": 26326277, "ebit": 154496545, "interestExpense": -1150366, "incomeBeforeTax": 180822822, "incomeTaxExpense": 54376586, "minorityInterest": {}, "netIncomeFromContinuingOps": 126446236, "discontinuedOperations": {}, "extraordinaryItems": {}, "effectOfAccountingCharges": {}, "otherItems": {}, "netIncome": 126446236, "netIncomeApplicableToCommonShares": 126446236}, {"maxAge": 1, "endDate": "2018-03-31", "totalRevenue": 1069581877, "costOfRevenue": 713719857, "grossProfit": 355862020, "researchDevelopment": {}, "sellingGeneralAdministrative": 117095519, "nonRecurring": {}, "otherOperatingExpenses": 116852794, "totalOperatingExpenses": 963138291, "operatingIncome": 106443586, "totalOtherIncomeExpenseNet": 1050926, "ebit": 106443586, "interestExpense": -1737303, "incomeBeforeTax": 107494512, "incomeTaxExpense": 37076399, "minorityInterest": {}, "netIncomeFromContinuingOps": 70418113, "discontinuedOperations": {}, "extraordinaryItems": {}, "effectOfAccountingCharges": {}, "otherItems": {}, "netIncome": 70418113, "netIncomeApplicableToCommonShares": 70418113}, {"maxAge": 1, "endDate": "2017-03-31", "totalRevenue": 691694326, "costOfRevenue": 496421830, "grossProfit": 195272496, "researchDevelopment": {}, "sellingGeneralAdministrative": 88290411, "nonRecurring": {}, "otherOperatingExpenses": 89531118, "totalOperatingExpenses": 680862266, "operatingIncome": 10832060, "totalOtherIncomeExpenseNet": -1165584, "ebit": 10832060, "interestExpense": -2966683, "incomeBeforeTax": 9666476, "incomeTaxExpense": 1826476, "minorityInterest": {}, "netIncomeFromContinuingOps": 7840000, "discontinuedOperations": {}, "extraordinaryItems": {}, "effectOfAccountingCharges": {}, "otherItems": {}, "netIncome": 7840000, "netIncomeApplicableToCommonShares": 7840000}], "maxAge": 86400}, "fundOwnership": {"ownershipList": [], "maxAge": 1}, "summaryDetail": {"maxAge": 1, "priceHint": 2, "previousClose": 89.4, "open": 92.45, "dayLow": 86.75, "dayHigh": 92.45, "regularMarketPreviousClose": 89.4, "regularMarketOpen": 92.45, "regularMarketDayLow": 86.75, "regularMarketDayHigh": 92.45, "exDividendDate": "2019-09-19 05:30:00", "payoutRatio": 0.0, "beta": 1.600743, "trailingPE": 29.621012, "volume": 734, "regularMarketVolume": 734, "averageVolume": 10999, "averageVolume10days": 6515, "averageDailyVolume10Day": 6515, "bid": 0.0, "ask": 0.0, "marketCap": 891000000, "fiftyTwoWeekLow": 33.137253, "fiftyTwoWeekHigh": 126.0, "priceToSalesTrailing12Months": 1.3428576, "fiftyDayAverage": 94.11515, "twoHundredDayAverage": 85.375, "trailingAnnualDividendRate": 1.0, "trailingAnnualDividendYield": 0.011185682, "currency": "INR", "fromCurrency": null, "lastMarket": null, "algorithm": null, "tradeable": false}, "incomeStatementHistoryQuarterly": {"incomeStatementHistory": [{"maxAge": 1, "endDate": "2020-09-30", "totalRevenue": 214800000, "costOfRevenue": 150200000, "grossProfit": 64600000, "researchDevelopment": {}, "sellingGeneralAdministrative": 23400000, "nonRecurring": {}, "otherOperatingExpenses": 21800000, "totalOperatingExpenses": 202100000, "operatingIncome": 12700000, "totalOtherIncomeExpenseNet": -800000, "ebit": 12700000, "interestExpense": -800000, "incomeBeforeTax": 11900000, "incomeTaxExpense": 3100000, "minorityInterest": {}, "netIncomeFromContinuingOps": 8800000, "discontinuedOperations": {}, "extraordinaryItems": {}, "effectOfAccountingCharges": {}, "otherItems": {}, "netIncome": 8800000, "netIncomeApplicableToCommonShares": 8800000}, {"maxAge": 1, "endDate": "2020-06-30", "totalRevenue": 141250000, "costOfRevenue": 95900000, "grossProfit": 45350000, "researchDevelopment": {}, "sellingGeneralAdministrative": 18500000, "nonRecurring": {}, "otherOperatingExpenses": 16600000, "totalOperatingExpenses": 137650000, "operatingIncome": 3600000, "totalOtherIncomeExpenseNet": -350000, "ebit": 3600000, "interestExpense": -550000, "incomeBeforeTax": 3250000, "incomeTaxExpense": -3450000, "minorityInterest": {}, "netIncomeFromContinuingOps": 6700000, "discontinuedOperations": {}, "extraordinaryItems": {}, "effectOfAccountingCharges": {}, "otherItems": {}, "netIncome": 6700000, "netIncomeApplicableToCommonShares": 6700000}, {"maxAge": 1, "endDate": "2020-03-31", "totalRevenue": 191069702, "costOfRevenue": 132192448, "grossProfit": 58877254, "researchDevelopment": {}, "sellingGeneralAdministrative": 28855561, "nonRecurring": {}, "otherOperatingExpenses": 21533830, "totalOperatingExpenses": 185301041, "operatingIncome": 5768661, "totalOtherIncomeExpenseNet": -135388, "ebit": 5768661, "interestExpense": -222250, "incomeBeforeTax": 5633273, "incomeTaxExpense": 5650734, "minorityInterest": {}, "netIncomeFromContinuingOps": -17461, "discontinuedOperations": {}, "extraordinaryItems": {}, "effectOfAccountingCharges": {}, "otherItems": {}, "netIncome": -17461, "netIncomeApplicableToCommonShares": -17461}, {"maxAge": 1, "endDate": "2019-12-31", "totalRevenue": 191069702, "costOfRevenue": 132192448, "grossProfit": 58877254, "researchDevelopment": {}, "sellingGeneralAdministrative": 28855561, "nonRecurring": {}, "otherOperatingExpenses": 21533830, "totalOperatingExpenses": 185301041, "operatingIncome": 5768661, "totalOtherIncomeExpenseNet": -135388, "ebit": 5768661, "interestExpense": -222250, "incomeBeforeTax": 5633273, "incomeTaxExpense": 5650734, "minorityInterest": {}, "netIncomeFromContinuingOps": -17461, "discontinuedOperations": {}, "extraordinaryItems": {}, "effectOfAccountingCharges": {}, "otherItems": {}, "netIncome": -17461, "netIncomeApplicableToCommonShares": -17461}], "maxAge": 86400}, "cashflowStatementHistoryQuarterly": {"cashflowStatements": [{"maxAge": 1, "endDate": "2020-09-30", "netIncome": 8800000, "depreciation": 6650000, "changeToNetincome": -3150000, "changeToAccountReceivables": -10000000, "changeToLiabilities": -10950000, "changeToInventory": 9600000, "changeToOperatingActivities": 15350000, "totalCashFromOperatingActivities": 14200000, "capitalExpenditures": -1550000, "investments": -18150000, "otherCashflowsFromInvestingActivities": 200000, "totalCashflowsFromInvestingActivities": -19500000, "netBorrowings": 7700000, "otherCashflowsFromFinancingActivities": -550000, "totalCashFromFinancingActivities": 7150000, "changeInCash": 1850000}, {"maxAge": 1, "endDate": "2020-06-30", "netIncome": 6700000, "depreciation": 6650000, "changeToNetincome": -3150000, "changeToAccountReceivables": -10000000, "changeToLiabilities": -10950000, "changeToInventory": 9600000, "changeToOperatingActivities": 15350000, "totalCashFromOperatingActivities": 14200000, "capitalExpenditures": -1550000, "investments": -18150000, "otherCashflowsFromInvestingActivities": 200000, "totalCashflowsFromInvestingActivities": -19500000, "netBorrowings": 7700000, "otherCashflowsFromFinancingActivities": -550000, "totalCashFromFinancingActivities": 7150000, "changeInCash": 1850000}, {"maxAge": 1, "endDate": "2020-03-31", "netIncome": -17461, "depreciation": 2386489, "changeToNetincome": 6708448, "changeToAccountReceivables": 6840552, "changeToLiabilities": -14562358, "changeToInventory": -6668200, "changeToOperatingActivities": 747191, "totalCashFromOperatingActivities": -2549687, "capitalExpenditures": -71365084, "investments": -6249954, "otherCashflowsFromInvestingActivities": 200000, "totalCashflowsFromInvestingActivities": -38782066, "dividendsPaid": -1484500, "netBorrowings": -7145500, "otherCashflowsFromFinancingActivities": 196699, "totalCashFromFinancingActivities": -8433302, "changeInCash": -49765054}, {"maxAge": 1, "endDate": "2019-12-31", "netIncome": -17461, "depreciation": 2386489, "changeToNetincome": 6708448, "changeToAccountReceivables": 6840552, "changeToLiabilities": -14562358, "changeToInventory": -6668200, "changeToOperatingActivities": 747191, "totalCashFromOperatingActivities": -2549687, "capitalExpenditures": -71365084, "investments": -6249954, "otherCashflowsFromInvestingActivities": 200000, "totalCashflowsFromInvestingActivities": -38782066, "dividendsPaid": -1484500, "netBorrowings": -7145500, "otherCashflowsFromFinancingActivities": 196699, "totalCashFromFinancingActivities": -8433302, "changeInCash": -49765054}], "maxAge": 86400}, "insiderHolders": {"holders": [], "maxAge": 1}, "calendarEvents": {"maxAge": 1, "earnings": {"earningsDate": []}, "exDividendDate": "2019-09-19 05:30:00"}, "upgradeDowngradeHistory": {"history": [], "maxAge": 86400}, "price": {"maxAge": 1, "regularMarketChangePercent": -0.0033557387, "regularMarketChange": -0.30000305, "regularMarketTime": "2021-04-30 15:28:01", "priceHint": 2, "regularMarketPrice": 89.1, "regularMarketDayHigh": 92.45, "regularMarketDayLow": 86.75, "regularMarketVolume": 734, "averageDailyVolume10Day": 6515, "averageDailyVolume3Month": 10999, "regularMarketPreviousClose": 89.4, "regularMarketSource": "FREE_REALTIME", "regularMarketOpen": 92.45, "exchange": "NSI", "exchangeName": "NSE", "exchangeDataDelayedBy": 15, "marketState": "CLOSED", "quoteType": "EQUITY", "symbol": "MACPOWER.NS", "underlyingSymbol": null, "shortName": "Macpower CNC Machines Ltd", "longName": "Macpower CNC Machines Limited", "currency": "INR", "quoteSourceName": "Delayed Quote", "currencySymbol": "\u20b9", "fromCurrency": null, "lastMarket": null, "marketCap": 891000000}, "balanceSheetHistory": {"balanceSheetStatements": [{"maxAge": 1, "endDate": "2020-03-31", "cash": 58662992, "shortTermInvestments": 12490903, "netReceivables": 32624275, "inventory": 462175300, "otherCurrentAssets": 38158839, "totalCurrentAssets": 604807116, "propertyPlantEquipment": 378296022, "intangibleAssets": 2027788, "otherAssets": 21685999, "totalAssets": 1006816925, "accountsPayable": 234689492, "otherCurrentLiab": 61068860, "otherLiab": 14951458, "deferredLongTermLiab": 13463518, "totalCurrentLiabilities": 298606225, "totalLiab": 313557683, "commonStock": 98080000, "retainedEarnings": 205929242, "capitalSurplus": 389250000, "totalStockholderEquity": 693259242, "netTangibleAssets": 691231454}, {"maxAge": 1, "endDate": "2019-03-31", "cash": 278782100, "shortTermInvestments": 10000000, "netReceivables": 86575274, "inventory": 473674900, "otherCurrentAssets": 95167916, "totalCurrentAssets": 944661684, "propertyPlantEquipment": 113384357, "intangibleAssets": 1058448, "otherAssets": 32665016, "deferredLongTermAssetCharges": 5222845, "totalAssets": 1091769505, "accountsPayable": 322777404, "shortLongTermDebt": 2478990, "otherCurrentLiab": 100858610, "otherLiab": 5954114, "deferredLongTermLiab": 17358397, "totalCurrentLiabilities": 430184940, "totalLiab": 436139054, "commonStock": 98080000, "retainedEarnings": 168300451, "capitalSurplus": 389250000, "totalStockholderEquity": 655630451, "netTangibleAssets": 654572003}, {"maxAge": 1, "endDate": "2018-03-31", "cash": 391628473, "shortTermInvestments": 75064878, "netReceivables": 41647348, "inventory": 276803881, "otherCurrentAssets": 79883807, "totalCurrentAssets": 866634762, "propertyPlantEquipment": 45166192, "intangibleAssets": 757347, "otherAssets": 34324373, "deferredLongTermAssetCharges": 6585280, "totalAssets": 946882674, "accountsPayable": 299246229, "shortLongTermDebt": 2080959, "otherCurrentLiab": 101376139, "longTermDebt": 2478990, "otherLiab": 5144151, "deferredLongTermLiab": 15709804, "totalCurrentLiabilities": 406467098, "totalLiab": 414090239, "commonStock": 98080000, "retainedEarnings": 45462435, "capitalSurplus": 389250000, "totalStockholderEquity": 532792435, "netTangibleAssets": 532035088}, {"maxAge": 1, "endDate": "2017-03-31", "cash": 592956, "shortTermInvestments": 20962, "netReceivables": 103781549, "inventory": 173091600, "otherCurrentAssets": 3575366, "totalCurrentAssets": 281062433, "propertyPlantEquipment": 28555570, "intangibleAssets": 989642, "otherAssets": 14612059, "deferredLongTermAssetCharges": 4206034, "totalAssets": 325219704, "accountsPayable": 198536404, "shortLongTermDebt": 876749, "otherCurrentLiab": 37594856, "longTermDebt": 7180956, "totalCurrentLiabilities": 281794426, "totalLiab": 288975382, "commonStock": 6000000, "retainedEarnings": 13824322, "capitalSurplus": 16420000, "totalStockholderEquity": 36244322, "netTangibleAssets": 35254680}], "maxAge": 86400}, "financialData": {"maxAge": 86400, "currentPrice": 89.1, "recommendationKey": "none", "totalCash": 112600000, "totalCashPerShare": 11.26, "ebitda": 32765300, "totalDebt": 23900000, "quickRatio": 0.543, "currentRatio": 2.038, "totalRevenue": 663510400, "debtToEquity": 3.528, "revenuePerShare": 66.299, "returnOnAssets": 0.00932, "returnOnEquity": 0.04383, "grossProfits": 259556507, "freeCashflow": -52234872, "operatingCashflow": 32568628, "earningsGrowth": -0.574, "revenueGrowth": -0.007, "grossMargins": 0.31250998, "ebitdaMargins": 0.04938, "operatingMargins": 0.022869999, "profitMargins": 0.04538, "financialCurrency": "INR"}}}