{"MADHUCON.BO": {"recommendationTrend": {"trend": [{"period": "0m", "strongBuy": 0, "buy": 0, "hold": 0, "sell": 0, "strongSell": 0}, {"period": "-1m", "strongBuy": 0, "buy": 0, "hold": 0, "sell": 0, "strongSell": 0}, {"period": "-2m", "strongBuy": 0, "buy": 0, "hold": 0, "sell": 0, "strongSell": 0}, {"period": "-3m", "strongBuy": 0, "buy": 0, "hold": 0, "sell": 0, "strongSell": 0}], "maxAge": 86400}, "cashflowStatementHistory": {"cashflowStatements": [{"maxAge": 1, "endDate": "2020-03-31", "netIncome": -10658294000, "changeToLiabilities": 0}, {"maxAge": 1, "endDate": "2019-03-31", "netIncome": -3438905000, "depreciation": 2242008000, "changeToNetincome": 1813617000, "changeToAccountReceivables": -55142000, "changeToLiabilities": 874702000, "changeToInventory": 371417000, "changeToOperatingActivities": 92806000, "totalCashFromOperatingActivities": 1900503000, "capitalExpenditures": -81465000, "investments": 96783000, "otherCashflowsFromInvestingActivities": 17675000, "totalCashflowsFromInvestingActivities": 32993000, "netBorrowings": 751584000, "otherCashflowsFromFinancingActivities": -2790487000, "totalCashFromFinancingActivities": -2038903000, "changeInCash": -105407000}, {"maxAge": 1, "endDate": "2018-03-31", "netIncome": -8658366000, "depreciation": 2487677000, "changeToNetincome": 6870430000, "changeToAccountReceivables": 2034784000, "changeToLiabilities": -301095000, "changeToInventory": -347214000, "changeToOperatingActivities": 3621322000, "totalCashFromOperatingActivities": 5707538000, "capitalExpenditures": -230680000, "investments": 35888000, "otherCashflowsFromInvestingActivities": 25597000, "totalCashflowsFromInvestingActivities": -18618000, "netBorrowings": 2463831000, "otherCashflowsFromFinancingActivities": -8347719000, "totalCashFromFinancingActivities": -5883888000, "changeInCash": -194968000}, {"maxAge": 1, "endDate": "2017-03-31", "netIncome": -7247758000, "depreciation": 2691282000, "changeToNetincome": 7840671000, "changeToAccountReceivables": 1953856000, "changeToLiabilities": -4140374000, "changeToInventory": 542832000, "changeToOperatingActivities": 5192320000, "totalCashFromOperatingActivities": 6833999000, "capitalExpenditures": -230680000, "investments": 107144000, "otherCashflowsFromInvestingActivities": 62691000, "totalCashflowsFromInvestingActivities": 1072376000, "netBorrowings": -1076802000, "otherCashflowsFromFinancingActivities": -7509049000, "totalCashFromFinancingActivities": -8585851000, "changeInCash": -679476000}], "maxAge": 86400}, "institutionOwnership": {"ownershipList": [], "maxAge": 1}, "balanceSheetHistoryQuarterly": {"balanceSheetStatements": [{"maxAge": 1, "endDate": "2020-06-30"}, {"maxAge": 1, "endDate": "2019-12-31", "totalStockholderEquity": -22575236000, "netTangibleAssets": -34064256000}, {"maxAge": 1, "endDate": "2019-09-30", "cash": 547481000, "shortTermInvestments": 14783991000, "netReceivables": 1883272000, "inventory": 532963000, "otherCurrentAssets": 1683454000, "totalCurrentAssets": 19431161000, "longTermInvestments": 9196861000, "propertyPlantEquipment": 32060692000, "intangibleAssets": 11489020000, "otherAssets": 3210143000, "deferredLongTermAssetCharges": 365371000, "totalAssets": 75387877000, "accountsPayable": 6452745000, "otherCurrentLiab": 28866706000, "longTermDebt": 31022856000, "otherLiab": 4101286000, "minorityInterest": -618854000, "totalCurrentLiabilities": 63457825000, "totalLiab": 98581967000, "commonStock": 73795000, "treasuryStock": -22649031000, "otherStockholderEquity": -22649031000, "totalStockholderEquity": -22575236000, "netTangibleAssets": -34064256000}, {"maxAge": 1, "endDate": "2019-06-30", "totalStockholderEquity": -21224404000, "netTangibleAssets": -33258317000}], "maxAge": 86400}, "earningsHistory": {"history": [{"maxAge": 1, "epsActual": {}, "epsEstimate": {}, "epsDifference": {}, "surprisePercent": {}, "quarter": {}, "period": "-4q"}, {"maxAge": 1, "epsActual": {}, "epsEstimate": {}, "epsDifference": {}, "surprisePercent": {}, "quarter": {}, "period": "-3q"}, {"maxAge": 1, "epsActual": {}, "epsEstimate": {}, "epsDifference": {}, "surprisePercent": {}, "quarter": {}, "period": "-2q"}, {"maxAge": 1, "epsActual": {}, "epsEstimate": {}, "epsDifference": {}, "surprisePercent": {}, "quarter": {}, "period": "-1q"}], "maxAge": 86400}, "indexTrend": {"maxAge": 1, "symbol": "SP5", "peRatio": 19.7411, "pegRatio": 1.34172, "estimates": [{"period": "0q", "growth": 0.549}, {"period": "+1q", "growth": 0.431}, {"period": "0y", "growth": 0.305}, {"period": "+1y", "growth": 0.109}, {"period": "+5y", "growth": 0.120865}, {"period": "-5y"}]}, "industryTrend": {"maxAge": 1, "symbol": null, "estimates": []}, "insiderTransactions": {"transactions": [{"maxAge": 1, "shares": 17550, "filerUrl": "", "transactionText": "", "filerName": "Copthall Mauritius Investments Ltd", "filerRelation": "Investment Advisor", "moneyText": "", "startDate": "2014-03-21", "ownership": "D"}, {"maxAge": 1, "shares": 8500, "filerUrl": "", "transactionText": "", "filerName": "Nama (Prithvi Teja)", "filerRelation": "Promoter", "moneyText": "", "startDate": "2013-12-04", "ownership": "D"}, {"maxAge": 1, "shares": 7350, "filerUrl": "", "transactionText": "", "filerName": "Nama (Bhavyateja)", "filerRelation": "Promoter", "moneyText": "", "startDate": "2013-11-28", "ownership": "D"}, {"maxAge": 1, "shares": 123447, "filerUrl": "", "transactionText": "", "filerName": "Nama (Nageswar Rao)", "filerRelation": "Promoter", "moneyText": "", "startDate": "2013-10-07", "ownership": "D"}, {"maxAge": 1, "shares": 24194, "filerUrl": "", "transactionText": "", "filerName": "Nama (Nageswar Rao)", "filerRelation": "Promoter", "moneyText": "", "startDate": "2013-10-04", "ownership": "D"}, {"maxAge": 1, "shares": 31209, "filerUrl": "", "transactionText": "", "filerName": "Nama (Nageswar Rao)", "filerRelation": "Promoter", "moneyText": "", "startDate": "2013-10-03", "ownership": "D"}, {"maxAge": 1, "shares": 87008, "filerUrl": "", "transactionText": "", "filerName": "Nama (Nageswar Rao)", "filerRelation": "Promoter", "moneyText": "", "startDate": "2013-10-01", "ownership": "D"}, {"maxAge": 1, "shares": 19061, "filerUrl": "", "transactionText": "", "filerName": "Nama (Nageswar Rao)", "filerRelation": "Promoter", "moneyText": "", "startDate": "2013-09-10", "ownership": "D"}, {"maxAge": 1, "shares": 21195, "filerUrl": "", "transactionText": "", "filerName": "Nama (Nageswar Rao)", "filerRelation": "Promoter", "moneyText": "", "startDate": "2013-09-04", "ownership": "D"}, {"maxAge": 1, "shares": 75058, "filerUrl": "", "transactionText": "", "filerName": "Nama (Nageswar Rao)", "filerRelation": "Promoter", "moneyText": "", "startDate": "2013-09-03", "ownership": "D"}, {"maxAge": 1, "shares": 15001, "filerUrl": "", "transactionText": "", "filerName": "Nama (Krishnaiah)", "filerRelation": "Promoter", "moneyText": "", "startDate": "2013-09-02", "ownership": "D"}, {"maxAge": 1, "shares": 53593, "filerUrl": "", "transactionText": "", "filerName": "Nama (Krishnaiah)", "filerRelation": "Promoter", "moneyText": "", "startDate": "2013-08-30", "ownership": "D"}, {"maxAge": 1, "shares": 152742, "filerUrl": "", "transactionText": "", "filerName": "Nama (Nageswar Rao)", "filerRelation": "Promoter", "moneyText": "", "startDate": "2013-08-30", "ownership": "D"}, {"maxAge": 1, "shares": 51348, "filerUrl": "", "transactionText": "", "filerName": "Nama (Nageswar Rao)", "filerRelation": "Promoter", "moneyText": "", "startDate": "2013-08-23", "ownership": "D"}, {"maxAge": 1, "shares": 5789, "filerUrl": "", "transactionText": "", "filerName": "Nama (Krishnaiah)", "filerRelation": "Promoter", "moneyText": "", "startDate": "2013-08-23", "ownership": "D"}, {"maxAge": 1, "shares": 19500, "filerUrl": "", "transactionText": "", "filerName": "Nama (Bhuvaneswari)", "filerRelation": "Promoter", "moneyText": "", "startDate": "2013-08-21", "ownership": "D"}, {"maxAge": 1, "shares": 4766, "filerUrl": "", "transactionText": "", "filerName": "Nama Investments Pvt Ltd", "filerRelation": "Promoter", "moneyText": "", "startDate": "2012-07-13", "ownership": "D"}, {"maxAge": 1, "shares": 6144, "filerUrl": "", "transactionText": "", "filerName": "Nama Investments Pvt Ltd", "filerRelation": "Promoter", "moneyText": "", "startDate": "2012-06-12", "ownership": "D"}, {"maxAge": 1, "shares": 19220, "filerUrl": "", "transactionText": "", "filerName": "NNR Infra Investments Pvt Ltd", "filerRelation": "Promoter", "moneyText": "", "startDate": "2011-12-09", "ownership": "D"}, {"maxAge": 1, "shares": 33943, "filerUrl": "", "transactionText": "", "filerName": "NNR Infra Investments Pvt Ltd", "filerRelation": "Promoter", "moneyText": "", "startDate": "2011-12-02", "ownership": "D"}, {"maxAge": 1, "shares": 69820, "filerUrl": "", "transactionText": "", "filerName": "NNR Infra Investments Pvt Ltd", "filerRelation": "Promoter", "moneyText": "", "startDate": "2011-11-25", "ownership": "D"}], "maxAge": 1}, "quoteType": {"exchange": "BSE", "quoteType": "EQUITY", "symbol": "MADHUCON.BO", "underlyingSymbol": "MADHUCON.BO", "shortName": "MADHUCON PROJECTS LTD.", "longName": "Madhucon Projects Limited", "firstTradeDateEpochUtc": "2000-04-10 09:15:00", "timeZoneFullName": "Asia/Kolkata", "timeZoneShortName": "IST", "uuid": "87e36dc1-dad1-352d-a76b-da36634e9f13", "gmtOffSetMilliseconds": 19800000, "maxAge": 1}, "incomeStatementHistory": {"incomeStatementHistory": [{"maxAge": 1, "endDate": "2020-03-31", "totalRevenue": 7801711000, "costOfRevenue": 6214663000, "grossProfit": 1587048000, "researchDevelopment": {}, "sellingGeneralAdministrative": 353072000, "nonRecurring": {}, "otherOperatingExpenses": 304703000, "totalOperatingExpenses": 7588212000, "operatingIncome": 213499000, "totalOtherIncomeExpenseNet": -11205555000, "ebit": 213499000, "interestExpense": -1502049000, "incomeBeforeTax": -10992056000, "incomeTaxExpense": 158367000, "minorityInterest": -666602000, "netIncomeFromContinuingOps": -11150423000, "discontinuedOperations": {}, "extraordinaryItems": {}, "effectOfAccountingCharges": {}, "otherItems": {}, "netIncome": -10658294000, "netIncomeApplicableToCommonShares": -10658294000}, {"maxAge": 1, "endDate": "2019-03-31", "totalRevenue": 9707859000, "costOfRevenue": 7483491000, "grossProfit": 2224368000, "researchDevelopment": {}, "sellingGeneralAdministrative": 451933000, "nonRecurring": {}, "otherOperatingExpenses": 812383000, "totalOperatingExpenses": 10989815000, "operatingIncome": -1281956000, "totalOtherIncomeExpenseNet": -2769492000, "ebit": -1281956000, "interestExpense": -2757187000, "incomeBeforeTax": -4051448000, "incomeTaxExpense": -246240000, "minorityInterest": -464858000, "netIncomeFromContinuingOps": -3805208000, "discontinuedOperations": {}, "extraordinaryItems": {}, "effectOfAccountingCharges": {}, "otherItems": {}, "netIncome": -3438905000, "netIncomeApplicableToCommonShares": -3438905000}, {"maxAge": 1, "endDate": "2018-03-31", "totalRevenue": 10704816000, "costOfRevenue": 6740165000, "grossProfit": 3964651000, "researchDevelopment": {}, "sellingGeneralAdministrative": 450599000, "nonRecurring": {}, "otherOperatingExpenses": 1761128000, "totalOperatingExpenses": 12584334000, "operatingIncome": -1879518000, "totalOtherIncomeExpenseNet": -8218688000, "ebit": -1879518000, "interestExpense": -8259653000, "incomeBeforeTax": -10098206000, "incomeTaxExpense": -436868000, "minorityInterest": -80613000, "netIncomeFromContinuingOps": -9661338000, "discontinuedOperations": {}, "extraordinaryItems": {}, "effectOfAccountingCharges": {}, "otherItems": {}, "netIncome": -8658366000, "netIncomeApplicableToCommonShares": -8658366000}, {"maxAge": 1, "endDate": "2017-03-31", "totalRevenue": 15955365000, "costOfRevenue": 11028080000, "grossProfit": 4927285000, "researchDevelopment": {}, "sellingGeneralAdministrative": 473190000, "nonRecurring": {}, "otherOperatingExpenses": 617471000, "totalOperatingExpenses": 14811193000, "operatingIncome": 1144172000, "totalOtherIncomeExpenseNet": -7446373000, "ebit": 1144172000, "interestExpense": -7349906000, "incomeBeforeTax": -6302201000, "incomeTaxExpense": 139465000, "minorityInterest": 1114834000, "netIncomeFromContinuingOps": -6441666000, "discontinuedOperations": {}, "extraordinaryItems": {}, "effectOfAccountingCharges": {}, "otherItems": {}, "netIncome": -7247758000, "netIncomeApplicableToCommonShares": -7247758000}], "maxAge": 86400}, "fundOwnership": {"ownershipList": [], "maxAge": 1}, "summaryDetail": {"maxAge": 1, "priceHint": 4, "previousClose": 4.86, "open": 5.0, "dayLow": 4.8, "dayHigh": 5.0, "regularMarketPreviousClose": 4.86, "regularMarketOpen": 5.0, "regularMarketDayLow": 4.8, "regularMarketDayHigh": 5.0, "volume": 2130, "regularMarketVolume": 2130, "averageVolume": 11608, "averageVolume10days": 1443, "averageDailyVolume10Day": 1443, "bid": 4.8, "ask": 4.9, "bidSize": 0, "askSize": 0, "marketCap": 354215520, "fiftyTwoWeekLow": 1.5, "fiftyTwoWeekHigh": 6.2, "fiftyDayAverage": 5.3939395, "twoHundredDayAverage": 3.521397, "trailingAnnualDividendRate": 0.1, "trailingAnnualDividendYield": 0.02057613, "currency": "INR", "fromCurrency": null, "lastMarket": null, "algorithm": null, "tradeable": false}, "sectorTrend": {"maxAge": 1, "symbol": null, "estimates": []}, "incomeStatementHistoryQuarterly": {"incomeStatementHistory": [{"maxAge": 1, "endDate": "2020-06-30", "totalRevenue": 1043573000, "costOfRevenue": 968775000, "grossProfit": 74798000, "researchDevelopment": {}, "sellingGeneralAdministrative": 58630000, "nonRecurring": {}, "otherOperatingExpenses": 30821000, "totalOperatingExpenses": 1480933000, "operatingIncome": -437360000, "totalOtherIncomeExpenseNet": -85869000, "ebit": -437360000, "interestExpense": -85872000, "incomeBeforeTax": -523229000, "incomeTaxExpense": -35462000, "minorityInterest": {}, "netIncomeFromContinuingOps": -487767000, "discontinuedOperations": {}, "extraordinaryItems": {}, "effectOfAccountingCharges": {}, "otherItems": {}, "netIncome": -467173000, "netIncomeApplicableToCommonShares": -467173000}, {"maxAge": 1, "endDate": "2019-12-31", "totalRevenue": 2007697000, "costOfRevenue": 1572244000, "grossProfit": 435453000, "researchDevelopment": {}, "sellingGeneralAdministrative": 97801000, "nonRecurring": {}, "otherOperatingExpenses": 94862000, "totalOperatingExpenses": 2429933000, "operatingIncome": -422236000, "totalOtherIncomeExpenseNet": -774798000, "ebit": -422236000, "interestExpense": -774799000, "incomeBeforeTax": -1197034000, "incomeTaxExpense": 100575000, "minorityInterest": {}, "netIncomeFromContinuingOps": -1297609000, "discontinuedOperations": {}, "extraordinaryItems": {}, "effectOfAccountingCharges": {}, "otherItems": {}, "netIncome": -1232729000, "netIncomeApplicableToCommonShares": -1232729000}, {"maxAge": 1, "endDate": "2019-09-30", "totalRevenue": 1111107000, "costOfRevenue": 761632000, "grossProfit": 349475000, "researchDevelopment": {}, "sellingGeneralAdministrative": 98575000, "nonRecurring": {}, "otherOperatingExpenses": 98161000, "totalOperatingExpenses": 1623884000, "operatingIncome": -512777000, "totalOtherIncomeExpenseNet": 347291000, "ebit": -512777000, "interestExpense": -774799000, "incomeBeforeTax": -165486000, "incomeTaxExpense": 129290000, "minorityInterest": -618854000, "netIncomeFromContinuingOps": -294776000, "discontinuedOperations": {}, "extraordinaryItems": {}, "effectOfAccountingCharges": {}, "otherItems": {}, "netIncome": -250380000, "netIncomeApplicableToCommonShares": -250380000}, {"maxAge": 1, "endDate": "2019-06-30", "totalRevenue": 1542474000, "costOfRevenue": 1169283000, "grossProfit": 373191000, "researchDevelopment": {}, "sellingGeneralAdministrative": 101660000, "nonRecurring": {}, "otherOperatingExpenses": 153433000, "totalOperatingExpenses": 2085414000, "operatingIncome": -542940000, "totalOtherIncomeExpenseNet": -536340000, "ebit": -542940000, "interestExpense": -536341000, "incomeBeforeTax": -1079280000, "incomeTaxExpense": -18240000, "minorityInterest": -618854000, "netIncomeFromContinuingOps": -1061040000, "discontinuedOperations": {}, "extraordinaryItems": {}, "effectOfAccountingCharges": {}, "otherItems": {}, "netIncome": -968183000, "netIncomeApplicableToCommonShares": -968183000}], "maxAge": 86400}, "cashflowStatementHistoryQuarterly": {"cashflowStatements": [{"maxAge": 1, "endDate": "2020-06-30", "netIncome": -467173000, "changeToLiabilities": 0}, {"maxAge": 1, "endDate": "2019-12-31", "netIncome": -1232729000, "changeToLiabilities": 0}, {"maxAge": 1, "endDate": "2019-09-30", "netIncome": -250380000, "changeToLiabilities": 0}, {"maxAge": 1, "endDate": "2019-06-30", "netIncome": -968183000, "changeToLiabilities": 0}], "maxAge": 86400}, "insiderHolders": {"holders": [{"maxAge": 1, "name": "Copthall Mauritius Investments Ltd", "relation": "Investment Advisor", "url": "", "transactionDescription": "Sale", "latestTransDate": "2014-03-21", "positionDirect": 2845055, "positionDirectDate": "2014-03-21"}, {"maxAge": 1, "name": "NNR Infra Investments Pvt Ltd", "relation": "Promoter", "url": "", "transactionDescription": "Acquisition", "latestTransDate": "2011-12-09", "positionDirect": 715921, "positionDirectDate": "2011-12-09"}, {"maxAge": 1, "name": "Nama (Bhavyateja)", "relation": "Promoter", "url": "", "transactionDescription": "Acquisition", "latestTransDate": "2013-11-28", "positionDirect": 652350, "positionDirectDate": "2013-11-28"}, {"maxAge": 1, "name": "Nama (Bhuvaneswari)", "relation": "Promoter", "url": "", "transactionDescription": "Acquisition", "latestTransDate": "2013-08-21", "positionDirect": 67500, "positionDirectDate": "2013-08-21"}, {"maxAge": 1, "name": "Nama (Krishnaiah)", "relation": "Promoter", "url": "", "transactionDescription": "Acquisition", "latestTransDate": "2013-09-02", "positionDirect": 2676183, "positionDirectDate": "2013-09-02"}, {"maxAge": 1, "name": "Nama (Nageswar Rao)", "relation": "Promoter", "url": "", "transactionDescription": "Acquisition", "latestTransDate": "2013-10-07", "positionDirect": 10732262, "positionDirectDate": "2013-10-07"}, {"maxAge": 1, "name": "Nama (Prithvi Teja)", "relation": "Promoter", "url": "", "transactionDescription": "Acquisition", "latestTransDate": "2013-12-04", "positionDirect": 1001500, "positionDirectDate": "2013-12-04"}, {"maxAge": 1, "name": "Nama Investments Pvt Ltd", "relation": "Promoter", "url": "", "transactionDescription": "Acquisition", "latestTransDate": "2012-07-13", "positionDirect": 3644410, "positionDirectDate": "2012-07-13"}], "maxAge": 1}, "earnings": {"maxAge": 86400, "earningsChart": {"quarterly": [], "earningsDate": []}, "financialsChart": {"yearly": [{"date": 2017, "revenue": 15955365000, "earnings": -7247758000}, {"date": 2018, "revenue": 10704816000, "earnings": -8658366000}, {"date": 2019, "revenue": 9707859000, "earnings": -3438905000}, {"date": 2020, "revenue": 7801711000, "earnings": -10658294000}], "quarterly": [{"date": "2Q2019", "revenue": 1542474000, "earnings": -968183000}, {"date": "3Q2019", "revenue": 1111107000, "earnings": -250380000}, {"date": "4Q2019", "revenue": 2007697000, "earnings": -1232729000}, {"date": "2Q2020", "revenue": 1043573000, "earnings": -467173000}]}, "financialCurrency": "INR"}, "calendarEvents": {"maxAge": 1, "earnings": {"earningsDate": []}}, "upgradeDowngradeHistory": {"history": [], "maxAge": 86400}, "price": {"maxAge": 1, "regularMarketChangePercent": -0.012345667, "regularMarketChange": -0.059999943, "regularMarketTime": "2021-04-30 15:24:07", "priceHint": 4, "regularMarketPrice": 4.8, "regularMarketDayHigh": 5.0, "regularMarketDayLow": 4.8, "regularMarketVolume": 2130, "averageDailyVolume10Day": 1443, "averageDailyVolume3Month": 11608, "regularMarketPreviousClose": 4.86, "regularMarketSource": "FREE_REALTIME", "regularMarketOpen": 5.0, "exchange": "BSE", "exchangeName": "BSE", "exchangeDataDelayedBy": 0, "marketState": "CLOSED", "quoteType": "EQUITY", "symbol": "MADHUCON.BO", "underlyingSymbol": null, "shortName": "MADHUCON PROJECTS LTD.", "longName": "Madhucon Projects Limited", "currency": "INR", "quoteSourceName": "Delayed Quote", "currencySymbol": "\u20b9", "fromCurrency": null, "lastMarket": null, "marketCap": 354215520}, "balanceSheetHistory": {"balanceSheetStatements": [{"maxAge": 1, "endDate": "2020-03-31", "cash": 866850000, "shortTermInvestments": 9417816000, "netReceivables": 3404128000, "inventory": 293520000, "otherCurrentAssets": 1828816000, "totalCurrentAssets": 15811130000, "longTermInvestments": 17828428000, "propertyPlantEquipment": 2552103000, "intangibleAssets": 11114615000, "otherAssets": 2356760000, "deferredLongTermAssetCharges": 318054000, "totalAssets": 49663036000, "accountsPayable": 4761378000, "otherCurrentLiab": 26096820000, "longTermDebt": 17760390000, "otherLiab": 4095863000, "minorityInterest": -666602000, "totalCurrentLiabilities": 52783339000, "totalLiab": 74639592000, "commonStock": 74032000, "treasuryStock": -24383986000, "otherStockholderEquity": -24383986000, "totalStockholderEquity": -24309954000, "netTangibleAssets": -35424569000}, {"maxAge": 1, "endDate": "2019-03-31", "cash": 334458000, "shortTermInvestments": 21030000, "netReceivables": 16531915000, "inventory": 628837000, "otherCurrentAssets": 2131419000, "totalCurrentAssets": 19656653000, "longTermInvestments": 60493000, "propertyPlantEquipment": 32832432000, "intangibleAssets": 12033913000, "otherAssets": 12469455000, "deferredLongTermAssetCharges": 476421000, "totalAssets": 77052946000, "accountsPayable": 6570591000, "shortLongTermDebt": 13119981000, "otherCurrentLiab": 10009999000, "longTermDebt": 31234135000, "otherLiab": 2876254000, "minorityInterest": -464858000, "totalCurrentLiabilities": 64631819000, "totalLiab": 98742208000, "commonStock": 73795000, "retainedEarnings": -25692531000, "treasuryStock": 1463025000, "capitalSurplus": 2931307000, "otherStockholderEquity": 1463025000, "totalStockholderEquity": -21224404000, "netTangibleAssets": -33258317000}, {"maxAge": 1, "endDate": "2018-03-31", "cash": 439866000, "shortTermInvestments": 5711000, "netReceivables": 3243329000, "inventory": 1000253000, "otherCurrentAssets": 1987904000, "totalCurrentAssets": 6698425000, "longTermInvestments": 94429000, "propertyPlantEquipment": 34304032000, "intangibleAssets": 12709501000, "otherAssets": 25113347000, "deferredLongTermAssetCharges": 230181000, "totalAssets": 78919734000, "accountsPayable": 5689702000, "shortLongTermDebt": 9444741000, "otherCurrentLiab": 9430491000, "longTermDebt": 45163611000, "otherLiab": 2886250000, "minorityInterest": -80613000, "totalCurrentLiabilities": 48626035000, "totalLiab": 96675896000, "commonStock": 73795000, "retainedEarnings": -22253626000, "treasuryStock": 1572975000, "capitalSurplus": 2931307000, "otherStockholderEquity": 1572975000, "totalStockholderEquity": -17675549000, "netTangibleAssets": -30385050000}, {"maxAge": 1, "endDate": "2017-03-31", "cash": 634835000, "shortTermInvestments": 5751000, "netReceivables": 5128501000, "inventory": 653040000, "otherCurrentAssets": 2247913000, "totalCurrentAssets": 8687645000, "longTermInvestments": 92418000, "propertyPlantEquipment": 35780788000, "intangibleAssets": 13633291000, "otherAssets": 24099503000, "totalAssets": 82293645000, "accountsPayable": 5732300000, "shortLongTermDebt": 5885401000, "otherCurrentLiab": 8277264000, "longTermDebt": 47640299000, "otherLiab": 2483851000, "minorityInterest": 1114834000, "totalCurrentLiabilities": 39273728000, "totalLiab": 89397878000, "commonStock": 73795000, "retainedEarnings": -14099527000, "treasuryStock": 2875358000, "capitalSurplus": 2931307000, "otherStockholderEquity": 2875358000, "totalStockholderEquity": -8219067000, "netTangibleAssets": -21852358000}], "maxAge": 86400}, "earningsTrend": {"trend": [{"maxAge": 1, "period": "0q", "endDate": null, "growth": {}, "earningsEstimate": {"avg": 0.0, "low": 0.0, "high": 0.0, "yearAgoEps": {}, "numberOfAnalysts": 0, "growth": {}}, "revenueEstimate": {"avg": 0, "low": 0, "high": 0, "numberOfAnalysts": 0, "yearAgoRevenue": {}, "growth": {}}, "epsTrend": {"current": 0.0, "7daysAgo": 0.0, "30daysAgo": 0.0, "60daysAgo": 0.0, "90daysAgo": 0.0}, "epsRevisions": {"upLast7days": 0, "upLast30days": 0, "downLast30days": 0, "downLast90days": {}}}, {"maxAge": 1, "period": "+1q", "endDate": null, "growth": {}, "earningsEstimate": {"avg": 0.0, "low": 0.0, "high": 0.0, "yearAgoEps": {}, "numberOfAnalysts": 0, "growth": {}}, "revenueEstimate": {"avg": 0, "low": 0, "high": 0, "numberOfAnalysts": 0, "yearAgoRevenue": {}, "growth": {}}, "epsTrend": {"current": 0.0, "7daysAgo": 0.0, "30daysAgo": 0.0, "60daysAgo": 0.0, "90daysAgo": 0.0}, "epsRevisions": {"upLast7days": 0, "upLast30days": 0, "downLast30days": 0, "downLast90days": {}}}, {"maxAge": 1, "period": "0y", "endDate": null, "growth": {}, "earningsEstimate": {"avg": 0.0, "low": 0.0, "high": 0.0, "yearAgoEps": {}, "numberOfAnalysts": 0, "growth": {}}, "revenueEstimate": {"avg": 0, "low": 0, "high": 0, "numberOfAnalysts": 0, "yearAgoRevenue": {}, "growth": {}}, "epsTrend": {"current": 0.0, "7daysAgo": 0.0, "30daysAgo": 0.0, "60daysAgo": 0.0, "90daysAgo": 0.0}, "epsRevisions": {"upLast7days": 0, "upLast30days": 0, "downLast30days": 0, "downLast90days": {}}}, {"maxAge": 1, "period": "+1y", "endDate": null, "growth": {}, "earningsEstimate": {"avg": 0.0, "low": 0.0, "high": 0.0, "yearAgoEps": {}, "numberOfAnalysts": 0, "growth": {}}, "revenueEstimate": {"avg": 0, "low": 0, "high": 0, "numberOfAnalysts": 0, "yearAgoRevenue": {}, "growth": {}}, "epsTrend": {"current": 0.0, "7daysAgo": 0.0, "30daysAgo": 0.0, "60daysAgo": 0.0, "90daysAgo": 0.0}, "epsRevisions": {"upLast7days": 0, "upLast30days": 0, "downLast30days": 0, "downLast90days": {}}}, {"maxAge": 1, "period": "+5y", "endDate": null, "growth": -0.025999999, "earningsEstimate": {"avg": {}, "low": {}, "high": {}, "yearAgoEps": {}, "numberOfAnalysts": {}, "growth": {}}, "revenueEstimate": {"avg": {}, "low": {}, "high": {}, "numberOfAnalysts": {}, "yearAgoRevenue": {}, "growth": {}}, "epsTrend": {"current": {}, "7daysAgo": {}, "30daysAgo": {}, "60daysAgo": {}, "90daysAgo": {}}, "epsRevisions": {"upLast7days": {}, "upLast30days": {}, "downLast30days": {}, "downLast90days": {}}}, {"maxAge": 1, "period": "-5y", "endDate": null, "growth": {}, "earningsEstimate": {"avg": {}, "low": {}, "high": {}, "yearAgoEps": {}, "numberOfAnalysts": {}, "growth": {}}, "revenueEstimate": {"avg": {}, "low": {}, "high": {}, "numberOfAnalysts": {}, "yearAgoRevenue": {}, "growth": {}}, "epsTrend": {"current": {}, "7daysAgo": {}, "30daysAgo": {}, "60daysAgo": {}, "90daysAgo": {}}, "epsRevisions": {"upLast7days": {}, "upLast30days": {}, "downLast30days": {}, "downLast90days": {}}}], "maxAge": 1}, "financialData": {"maxAge": 86400, "currentPrice": 4.8, "targetHighPrice": 68.0, "targetLowPrice": 68.0, "targetMeanPrice": 68.0, "targetMedianPrice": 68.0, "recommendationKey": "none", "numberOfAnalystOpinions": 1, "grossProfits": 1587048000, "financialCurrency": "INR"}}}