{"MADHAVIPL.BO": {"cashflowStatementHistory": {"cashflowStatements": [{"maxAge": 1, "endDate": "2020-03-31", "netIncome": 37224000, "depreciation": 234961000, "changeToNetincome": 420358000, "changeToAccountReceivables": 204252000, "changeToLiabilities": -919981000, "totalCashFromOperatingActivities": -19450000, "capitalExpenditures": -79965000, "investments": -70749000, "otherCashflowsFromInvestingActivities": 193318000, "totalCashflowsFromInvestingActivities": 44794000, "netBorrowings": 142863000, "otherCashflowsFromFinancingActivities": -344136000, "totalCashFromFinancingActivities": -201273000, "changeInCash": -175929000}, {"maxAge": 1, "endDate": "2019-03-31", "netIncome": 51384000, "depreciation": 296649000, "changeToNetincome": 322889000, "changeToAccountReceivables": -371425000, "changeToLiabilities": -7674000, "totalCashFromOperatingActivities": 291823000, "capitalExpenditures": -79965000, "investments": -5645000, "otherCashflowsFromInvestingActivities": 26092000, "totalCashflowsFromInvestingActivities": 2092992000, "netBorrowings": -1589990000, "otherCashflowsFromFinancingActivities": -525187000, "totalCashFromFinancingActivities": -2115177000, "changeInCash": 269637000}, {"maxAge": 1, "endDate": "2017-03-31", "netIncome": 106386661, "depreciation": 546251113, "changeToNetincome": 429478815, "changeToAccountReceivables": -1109968204, "changeToLiabilities": 810722394, "totalCashFromOperatingActivities": 782870779, "capitalExpenditures": -631463945, "investments": -182650000, "otherCashflowsFromInvestingActivities": 33447489, "totalCashflowsFromInvestingActivities": -780666456, "netBorrowings": 316599549, "otherCashflowsFromFinancingActivities": -439314212, "totalCashFromFinancingActivities": -22714663, "changeInCash": -20510340, "issuanceOfStock": 100000000}, {"maxAge": 1, "endDate": "2016-03-31", "netIncome": 97673044, "depreciation": 287173177, "changeToNetincome": 395361951, "changeToAccountReceivables": 558087052, "changeToLiabilities": -322814426, "totalCashFromOperatingActivities": 1015480798, "capitalExpenditures": -3530169388, "investments": 742719671, "otherCashflowsFromInvestingActivities": 19062802, "totalCashflowsFromInvestingActivities": -2768386915, "netBorrowings": 2124518401, "otherCashflowsFromFinancingActivities": -610543866, "totalCashFromFinancingActivities": 1863500535, "changeInCash": 110594418, "issuanceOfStock": 100000000}], "maxAge": 86400}, "institutionOwnership": {"ownershipList": [], "maxAge": 1}, "balanceSheetHistoryQuarterly": {"balanceSheetStatements": [{"maxAge": 1, "endDate": "2020-06-30", "totalStockholderEquity": 1417232000, "netTangibleAssets": 1260783000}, {"maxAge": 1, "endDate": "2020-03-31", "cash": 13324000, "netReceivables": 966716000, "inventory": 836206000, "otherCurrentAssets": 699360000, "totalCurrentAssets": 2549715000, "longTermInvestments": 473655000, "propertyPlantEquipment": 1593192000, "intangibleAssets": 132818000, "otherAssets": 205185000, "totalAssets": 4954565000, "accountsPayable": 341608000, "shortLongTermDebt": 187622000, "otherCurrentLiab": 42414000, "longTermDebt": 1850717000, "otherLiab": 102019000, "deferredLongTermLiab": 23631000, "minorityInterest": 14794000, "totalCurrentLiabilities": 1569803000, "totalLiab": 3522539000, "commonStock": 64057000, "retainedEarnings": 565181000, "treasuryStock": 42313000, "capitalSurplus": 233155000, "otherStockholderEquity": 42313000, "totalStockholderEquity": 904706000, "netTangibleAssets": 771888000}, {"maxAge": 1, "endDate": "2019-12-31", "totalStockholderEquity": 1296666000, "netTangibleAssets": 1135653000}, {"maxAge": 1, "endDate": "2019-09-30", "cash": 320738000, "shortTermInvestments": 16281000, "netReceivables": 1214443000, "inventory": 678053000, "otherCurrentAssets": 310488000, "totalCurrentAssets": 2540003000, "longTermInvestments": 478785000, "propertyPlantEquipment": 1784533000, "intangibleAssets": 161013000, "otherAssets": 144890000, "deferredLongTermAssetCharges": 34202000, "totalAssets": 5109224000, "accountsPayable": 438681000, "shortLongTermDebt": 547880000, "otherCurrentLiab": 642962000, "longTermDebt": 2009554000, "otherLiab": 157942000, "minorityInterest": 15539000, "totalCurrentLiabilities": 1629523000, "totalLiab": 3797019000, "commonStock": 576583000, "treasuryStock": 720083000, "otherStockholderEquity": 720083000, "totalStockholderEquity": 1296666000, "netTangibleAssets": 1135653000}], "maxAge": 86400}, "indexTrend": {"maxAge": 1, "symbol": "SP5", "peRatio": 19.7411, "pegRatio": 1.34172, "estimates": [{"period": "0q", "growth": 0.549}, {"period": "+1q", "growth": 0.431}, {"period": "0y", "growth": 0.305}, {"period": "+1y", "growth": 0.109}, {"period": "+5y", "growth": 0.120859005}, {"period": "-5y"}]}, "insiderTransactions": {"transactions": [{"maxAge": 1, "shares": 61106, "filerUrl": "", "transactionText": "", "filerName": "Nilmesh Infrabuild Pvt, Ltd.", "filerRelation": "Institution- Corporation", "moneyText": "", "startDate": "2020-10-08", "ownership": "D"}, {"maxAge": 1, "shares": 94720, "filerUrl": "", "transactionText": "", "filerName": "Nilmesh Infrabuild Pvt, Ltd.", "filerRelation": "Promoter", "moneyText": "", "startDate": "2020-10-07", "ownership": "D"}, {"maxAge": 1, "shares": 37521, "filerUrl": "", "transactionText": "", "filerName": "Nilmesh Infrabuild Pvt, Ltd.", "filerRelation": "Promoter", "moneyText": "", "startDate": "2020-09-28", "ownership": "D"}, {"maxAge": 1, "shares": 64828, "filerUrl": "", "transactionText": "", "filerName": "Nilmesh Infrabuild Pvt, Ltd.", "filerRelation": "Promoter", "moneyText": "", "startDate": "2020-09-24", "ownership": "D"}, {"maxAge": 1, "shares": 48835, "filerUrl": "", "transactionText": "", "filerName": "Nilmesh Infrabuild Pvt, Ltd.", "filerRelation": "Promoter", "moneyText": "", "startDate": "2020-09-22", "ownership": "D"}, {"maxAge": 1, "shares": 491516, "filerUrl": "", "transactionText": "", "filerName": "Nilmesh Infrabuild Pvt, Ltd.", "filerRelation": "Promoter", "moneyText": "", "startDate": "2020-09-18", "ownership": "D"}, {"maxAge": 1, "shares": 231018, "filerUrl": "", "transactionText": "", "filerName": "Nilmesh Infrabuild Pvt, Ltd.", "filerRelation": "Promoter", "moneyText": "", "startDate": "2020-09-11", "ownership": "D"}, {"maxAge": 1, "shares": 39751, "filerUrl": "", "transactionText": "", "filerName": "Nilmesh Infrabuild Pvt, Ltd.", "filerRelation": "Promoter", "moneyText": "", "startDate": "2020-09-07", "ownership": "D"}, {"maxAge": 1, "shares": 29956125, "filerUrl": "", "transactionText": "", "filerName": "Nilmesh Infrabuild Pvt, Ltd.", "filerRelation": "Promoter", "moneyText": "", "startDate": "2020-08-25", "ownership": "D"}, {"maxAge": 1, "shares": 174512, "filerUrl": "", "transactionText": "", "filerName": "Nilmesh Infrabuild Pvt, Ltd.", "filerRelation": "Institution- Corporation", "moneyText": "", "startDate": "2020-08-12", "ownership": "D"}, {"maxAge": 1, "shares": 107802, "filerUrl": "", "transactionText": "", "filerName": "Nilmesh Infrabuild Pvt, Ltd.", "filerRelation": "Promoter", "moneyText": "", "startDate": "2020-07-10", "ownership": "D"}, {"maxAge": 1, "shares": 20000, "filerUrl": "", "transactionText": "", "filerName": "Nilmesh Infrabuild Pvt, Ltd.", "filerRelation": "Promoter", "moneyText": "", "startDate": "2020-06-26", "ownership": "D"}], "maxAge": 1}, "quoteType": {"exchange": "BSE", "quoteType": "EQUITY", "symbol": "MADHAVIPL.BO", "underlyingSymbol": "MADHAVIPL.BO", "shortName": "Madhav Infra Projects Limited", "longName": "Madhav Infra Projects Limited", "firstTradeDateEpochUtc": "2019-09-04 09:15:00", "timeZoneFullName": "Asia/Kolkata", "timeZoneShortName": "IST", "uuid": "190380f3-c242-3541-9580-08b325769251", "gmtOffSetMilliseconds": 19800000, "maxAge": 1}, "incomeStatementHistory": {"incomeStatementHistory": [{"maxAge": 1, "endDate": "2020-03-31", "totalRevenue": 2035348000, "costOfRevenue": 1292445000, "grossProfit": 742903000, "researchDevelopment": {}, "sellingGeneralAdministrative": 204087000, "nonRecurring": {}, "otherOperatingExpenses": 87101000, "totalOperatingExpenses": 1822330000, "operatingIncome": 213018000, "totalOtherIncomeExpenseNet": -63183000, "ebit": 213018000, "interestExpense": -280745000, "incomeBeforeTax": 149835000, "incomeTaxExpense": 115340000, "minorityInterest": 14794000, "netIncomeFromContinuingOps": 34495000, "discontinuedOperations": {}, "extraordinaryItems": {}, "effectOfAccountingCharges": {}, "otherItems": {}, "netIncome": 37224000, "netIncomeApplicableToCommonShares": 37224000}, {"maxAge": 1, "endDate": "2019-03-31", "totalRevenue": 3256864000, "costOfRevenue": 2145784000, "grossProfit": 1111080000, "researchDevelopment": {}, "sellingGeneralAdministrative": 258114000, "nonRecurring": {}, "otherOperatingExpenses": 135760000, "totalOperatingExpenses": 2836307000, "operatingIncome": 420557000, "totalOtherIncomeExpenseNet": -355641000, "ebit": 420557000, "interestExpense": -296672000, "incomeBeforeTax": 64916000, "incomeTaxExpense": 12815000, "minorityInterest": 17333000, "netIncomeFromContinuingOps": 52101000, "discontinuedOperations": {}, "extraordinaryItems": {}, "effectOfAccountingCharges": {}, "otherItems": {}, "netIncome": 51384000, "netIncomeApplicableToCommonShares": 51384000}, {"maxAge": 1, "endDate": "2017-03-31", "totalRevenue": 5081452223, "costOfRevenue": 3391782566, "grossProfit": 1689669657, "researchDevelopment": {}, "sellingGeneralAdministrative": 236579999, "nonRecurring": {}, "otherOperatingExpenses": 252359641, "totalOperatingExpenses": 4426973319, "operatingIncome": 654478904, "totalOtherIncomeExpenseNet": -520163831, "ebit": 654478904, "interestExpense": -474269549, "incomeBeforeTax": 134315073, "incomeTaxExpense": 25555991, "minorityInterest": 127331928, "netIncomeFromContinuingOps": 108759082, "discontinuedOperations": {}, "extraordinaryItems": {}, "effectOfAccountingCharges": {}, "otherItems": {}, "netIncome": 106386661, "netIncomeApplicableToCommonShares": 106386661}, {"maxAge": 1, "endDate": "2016-03-31", "totalRevenue": 3588644442, "costOfRevenue": 2380967227, "grossProfit": 1207677215, "researchDevelopment": {}, "sellingGeneralAdministrative": 180463161, "nonRecurring": {}, "otherOperatingExpenses": 222948498, "totalOperatingExpenses": 3071552063, "operatingIncome": 517092379, "totalOtherIncomeExpenseNet": -370582360, "ebit": 517092379, "interestExpense": -315444767, "incomeBeforeTax": 146510019, "incomeTaxExpense": 48693737, "minorityInterest": 10439018, "netIncomeFromContinuingOps": 97816282, "discontinuedOperations": {}, "extraordinaryItems": {}, "effectOfAccountingCharges": {}, "otherItems": {}, "netIncome": 97673044, "netIncomeApplicableToCommonShares": 97673044}], "maxAge": 86400}, "fundOwnership": {"ownershipList": [], "maxAge": 1}, "summaryDetail": {"maxAge": 1, "priceHint": 2, "previousClose": 5.41, "open": 5.45, "dayLow": 5.24, "dayHigh": 5.7, "regularMarketPreviousClose": 5.41, "regularMarketOpen": 5.45, "regularMarketDayLow": 5.24, "regularMarketDayHigh": 5.7, "volume": 14045, "regularMarketVolume": 14045, "averageVolume": 62640, "averageVolume10days": 91140, "averageDailyVolume10Day": 91140, "bid": 5.5, "ask": 5.52, "bidSize": 0, "askSize": 0, "marketCap": 1414384000, "fiftyTwoWeekLow": 4.14, "fiftyTwoWeekHigh": 9.0, "fiftyDayAverage": 5.419394, "twoHundredDayAverage": 5.54875, "currency": "INR", "fromCurrency": null, "lastMarket": null, "algorithm": null, "tradeable": false}, "incomeStatementHistoryQuarterly": {"incomeStatementHistory": [{"maxAge": 1, "endDate": "2020-06-30", "totalRevenue": 267230000, "costOfRevenue": 201613000, "grossProfit": 65617000, "researchDevelopment": {}, "sellingGeneralAdministrative": 40660000, "nonRecurring": {}, "otherOperatingExpenses": 14092000, "totalOperatingExpenses": 306120000, "operatingIncome": -38890000, "totalOtherIncomeExpenseNet": -68194000, "ebit": -38890000, "interestExpense": -71186000, "incomeBeforeTax": -107084000, "incomeTaxExpense": 0, "minorityInterest": {}, "netIncomeFromContinuingOps": -107084000, "discontinuedOperations": {}, "extraordinaryItems": {}, "effectOfAccountingCharges": {}, "otherItems": {}, "netIncome": -107422000, "netIncomeApplicableToCommonShares": -107422000}, {"maxAge": 1, "endDate": "2020-03-31", "totalRevenue": 412747000, "costOfRevenue": 269666000, "grossProfit": 143081000, "researchDevelopment": {}, "sellingGeneralAdministrative": 71205000, "nonRecurring": {}, "otherOperatingExpenses": 31213000, "totalOperatingExpenses": 433632000, "operatingIncome": -20885000, "totalOtherIncomeExpenseNet": 132992000, "ebit": -20885000, "interestExpense": -44625000, "incomeBeforeTax": 112107000, "incomeTaxExpense": 109672000, "minorityInterest": 14794000, "netIncomeFromContinuingOps": 2435000, "discontinuedOperations": {}, "extraordinaryItems": {}, "effectOfAccountingCharges": {}, "otherItems": {}, "netIncome": 3370000, "netIncomeApplicableToCommonShares": 3370000}, {"maxAge": 1, "endDate": "2019-12-31", "totalRevenue": 429740000, "costOfRevenue": 257010000, "grossProfit": 172730000, "researchDevelopment": {}, "sellingGeneralAdministrative": 44780000, "nonRecurring": {}, "otherOperatingExpenses": 12090000, "totalOperatingExpenses": 358820000, "operatingIncome": 70920000, "totalOtherIncomeExpenseNet": -64960000, "ebit": 70920000, "interestExpense": -68650000, "incomeBeforeTax": 5960000, "incomeTaxExpense": -1440000, "minorityInterest": 14794000, "netIncomeFromContinuingOps": 7400000, "discontinuedOperations": {}, "extraordinaryItems": {}, "effectOfAccountingCharges": {}, "otherItems": {}, "netIncome": 7400000, "netIncomeApplicableToCommonShares": 7400000}, {"maxAge": 1, "endDate": "2019-09-30", "totalRevenue": 583113000, "costOfRevenue": 359553000, "grossProfit": 223560000, "researchDevelopment": {}, "sellingGeneralAdministrative": 50297000, "nonRecurring": {}, "otherOperatingExpenses": 23292000, "totalOperatingExpenses": 499748000, "operatingIncome": 83365000, "totalOtherIncomeExpenseNet": -69263000, "ebit": 83365000, "interestExpense": -87989000, "incomeBeforeTax": 14102000, "incomeTaxExpense": 3195000, "minorityInterest": 15539000, "netIncomeFromContinuingOps": 10907000, "discontinuedOperations": {}, "extraordinaryItems": {}, "effectOfAccountingCharges": {}, "otherItems": {}, "netIncome": 11935000, "netIncomeApplicableToCommonShares": 11935000}], "maxAge": 86400}, "cashflowStatementHistoryQuarterly": {"cashflowStatements": [{"maxAge": 1, "endDate": "2020-06-30", "netIncome": -107422000, "changeToLiabilities": 0}, {"maxAge": 1, "endDate": "2020-03-31", "netIncome": 3370000, "changeToLiabilities": 0}, {"maxAge": 1, "endDate": "2019-12-31", "netIncome": 7400000, "changeToLiabilities": 0}, {"maxAge": 1, "endDate": "2019-09-30", "netIncome": 11935000, "changeToLiabilities": 0}], "maxAge": 86400}, "insiderHolders": {"holders": [{"maxAge": 1, "name": "Nilmesh Infrabuild Pvt, Ltd.", "relation": "Institution- Corporation", "url": "", "transactionDescription": "Sale", "latestTransDate": "2020-10-08", "positionDirect": 39021424, "positionDirectDate": "2020-10-08"}], "maxAge": 1}, "calendarEvents": {"maxAge": 1, "earnings": {"earningsDate": []}}, "upgradeDowngradeHistory": {"history": [], "maxAge": 86400}, "price": {"maxAge": 1, "regularMarketChangePercent": 0.020332742, "regularMarketChange": 0.11000013, "regularMarketTime": "2021-04-30 15:27:44", "priceHint": 2, "regularMarketPrice": 5.52, "regularMarketDayHigh": 5.7, "regularMarketDayLow": 5.24, "regularMarketVolume": 14045, "averageDailyVolume10Day": 91140, "averageDailyVolume3Month": 62640, "regularMarketPreviousClose": 5.41, "regularMarketSource": "FREE_REALTIME", "regularMarketOpen": 5.45, "exchange": "BSE", "exchangeName": "BSE", "exchangeDataDelayedBy": 0, "marketState": "CLOSED", "quoteType": "EQUITY", "symbol": "MADHAVIPL.BO", "underlyingSymbol": null, "shortName": "Madhav Infra Projects Limited", "longName": "Madhav Infra Projects Limited", "currency": "INR", "quoteSourceName": "Delayed Quote", "currencySymbol": "\u20b9", "fromCurrency": null, "lastMarket": null, "marketCap": 1414384000}, "balanceSheetHistory": {"balanceSheetStatements": [{"maxAge": 1, "endDate": "2020-03-31", "cash": 13324000, "netReceivables": 966716000, "inventory": 836206000, "otherCurrentAssets": 699360000, "totalCurrentAssets": 2549715000, "longTermInvestments": 473655000, "propertyPlantEquipment": 1593192000, "intangibleAssets": 132818000, "otherAssets": 205185000, "totalAssets": 4954565000, "accountsPayable": 341608000, "shortLongTermDebt": 187622000, "otherCurrentLiab": 42414000, "longTermDebt": 1850717000, "otherLiab": 102019000, "deferredLongTermLiab": 23631000, "minorityInterest": 14794000, "totalCurrentLiabilities": 1569803000, "totalLiab": 3522539000, "commonStock": 64057000, "retainedEarnings": 565181000, "treasuryStock": 42313000, "capitalSurplus": 233155000, "otherStockholderEquity": 42313000, "totalStockholderEquity": 904706000, "netTangibleAssets": 771888000}, {"maxAge": 1, "endDate": "2019-03-31", "cash": 80843000, "netReceivables": 1283055000, "inventory": 921035000, "otherCurrentAssets": 650669000, "totalCurrentAssets": 2961277000, "longTermInvestments": 432584000, "propertyPlantEquipment": 1911311000, "intangibleAssets": 138285000, "otherAssets": 198957000, "totalAssets": 5642414000, "accountsPayable": 756113000, "shortLongTermDebt": 424206000, "otherCurrentLiab": 309684000, "longTermDebt": 2014002000, "otherLiab": 253374000, "deferredLongTermLiab": 27367000, "minorityInterest": 17333000, "totalCurrentLiabilities": 2086085000, "totalLiab": 4353461000, "commonStock": 64057000, "retainedEarnings": 419569000, "treasuryStock": 42313000, "capitalSurplus": 233155000, "otherStockholderEquity": 42313000, "totalStockholderEquity": 759094000, "netTangibleAssets": 620809000}, {"maxAge": 1, "endDate": "2017-03-31", "cash": 558977133, "netReceivables": 660864350, "inventory": 774127916, "otherCurrentAssets": 699949880, "totalCurrentAssets": 2698371591, "longTermInvestments": 301937252, "propertyPlantEquipment": 1733841585, "intangibleAssets": 2282510469, "otherAssets": 1, "totalAssets": 7016660898, "accountsPayable": 676637614, "shortLongTermDebt": 530101028, "otherCurrentLiab": 191783250, "longTermDebt": 3459430731, "otherLiab": 211623222, "minorityInterest": 127331928, "totalCurrentLiabilities": 2011500503, "totalLiab": 5682554456, "commonStock": 64057240, "retainedEarnings": 357873772, "treasuryStock": 102162502, "capitalSurplus": 233155000, "otherStockholderEquity": 102162502, "totalStockholderEquity": 757248514, "netTangibleAssets": -1525261955}, {"maxAge": 1, "endDate": "2016-03-31", "cash": 579487473, "netReceivables": 532251408, "inventory": 93215983, "otherCurrentAssets": 313679226, "totalCurrentAssets": 1521579213, "longTermInvestments": 119287252, "propertyPlantEquipment": 1478442179, "intangibleAssets": 2453455129, "totalAssets": 5572763773, "accountsPayable": 352931174, "shortLongTermDebt": 316527598, "otherCurrentLiab": 177564122, "longTermDebt": 3152385370, "otherLiab": 62282612, "minorityInterest": 10439018, "totalCurrentLiabilities": 1346510834, "totalLiab": 4561178816, "commonStock": 64057240, "retainedEarnings": 312095197, "treasuryStock": 42312502, "capitalSurplus": 233155000, "otherStockholderEquity": 42312502, "totalStockholderEquity": 651619939, "netTangibleAssets": -1801835190}], "maxAge": 86400}, "financialData": {"maxAge": 86400, "currentPrice": 5.52, "recommendationKey": "none", "grossProfits": 742903000, "financialCurrency": "INR"}}}