{"MADRASFERT.BO": {"cashflowStatementHistory": {"cashflowStatements": [{"maxAge": 1, "endDate": "2020-03-31", "netIncome": -1348800000, "depreciation": 263800000, "changeToNetincome": 862400000, "changeToAccountReceivables": -236600000, "changeToLiabilities": -1610900000, "changeToInventory": 301000000, "changeToOperatingActivities": 2617300000, "totalCashFromOperatingActivities": 848200000, "capitalExpenditures": -512400000, "otherCashflowsFromInvestingActivities": 39200000, "totalCashflowsFromInvestingActivities": -471900000, "netBorrowings": 946000000, "otherCashflowsFromFinancingActivities": -357400000, "totalCashFromFinancingActivities": 588600000, "changeInCash": 964900000}, {"maxAge": 1, "endDate": "2019-03-31", "netIncome": -808500000, "depreciation": 229900000, "changeToNetincome": 532600000, "changeToAccountReceivables": -71600000, "changeToLiabilities": -1077800000, "changeToInventory": -610000000, "changeToOperatingActivities": 1579100000, "totalCashFromOperatingActivities": -226300000, "capitalExpenditures": -218300000, "otherCashflowsFromInvestingActivities": 7300000, "totalCashflowsFromInvestingActivities": -131400000, "netBorrowings": 905600000, "otherCashflowsFromFinancingActivities": -451800000, "totalCashFromFinancingActivities": 453800000, "changeInCash": 96100000}, {"maxAge": 1, "endDate": "2018-03-31", "netIncome": -448100000, "depreciation": 220100000, "changeToNetincome": 614900000, "changeToAccountReceivables": 235800000, "changeToLiabilities": 1344000000, "changeToInventory": 936900000, "changeToOperatingActivities": -4406600000, "totalCashFromOperatingActivities": -1503000000, "capitalExpenditures": -41600000, "otherCashflowsFromInvestingActivities": 13600000, "totalCashflowsFromInvestingActivities": -28000000, "netBorrowings": 1983100000, "otherCashflowsFromFinancingActivities": -204000000, "totalCashFromFinancingActivities": 1779100000, "changeInCash": 248100000}, {"maxAge": 1, "endDate": "2017-03-31", "netIncome": 35400000, "depreciation": 213600000, "changeToNetincome": 416700000, "changeToAccountReceivables": -343100000, "changeToLiabilities": 196200000, "changeToInventory": -1328900000, "changeToOperatingActivities": 3005200000, "totalCashFromOperatingActivities": 2195100000, "capitalExpenditures": -75800000, "otherCashflowsFromInvestingActivities": 28100000, "totalCashflowsFromInvestingActivities": -47200000, "netBorrowings": -2261700000, "otherCashflowsFromFinancingActivities": -185500000, "totalCashFromFinancingActivities": -2447200000, "changeInCash": -299300000}], "maxAge": 86400}, "institutionOwnership": {"ownershipList": [], "maxAge": 1}, "balanceSheetHistoryQuarterly": {"balanceSheetStatements": [{"maxAge": 1, "endDate": "2020-06-30", "totalStockholderEquity": -6308900000, "netTangibleAssets": -6308900000}, {"maxAge": 1, "endDate": "2020-03-31", "cash": 1333100000, "netReceivables": 6139800000, "inventory": 2507600000, "otherCurrentAssets": 274200000, "totalCurrentAssets": 10254700000, "longTermInvestments": 2825000000, "propertyPlantEquipment": 2018500000, "otherAssets": 179700000, "totalAssets": 15277900000, "accountsPayable": 1158800000, "shortLongTermDebt": 17494900000, "otherCurrentLiab": 1877400000, "longTermDebt": 512800000, "otherLiab": 442200000, "totalCurrentLiabilities": 20631800000, "totalLiab": 21586800000, "commonStock": 1611000000, "retainedEarnings": -8054200000, "treasuryStock": 10400000, "capitalSurplus": 123900000, "otherStockholderEquity": 10400000, "totalStockholderEquity": -6308900000, "netTangibleAssets": -6308900000}, {"maxAge": 1, "endDate": "2019-12-31", "totalStockholderEquity": -7092800000, "netTangibleAssets": -7092800000}, {"maxAge": 1, "endDate": "2019-09-30", "cash": 367800000, "netReceivables": 6927500000, "inventory": 2611400000, "otherCurrentAssets": 192000000, "totalCurrentAssets": 10098700000, "longTermInvestments": 1979100000, "propertyPlantEquipment": 1845100000, "otherAssets": 193300000, "totalAssets": 14116200000, "accountsPayable": 2076900000, "shortLongTermDebt": 16352700000, "otherCurrentLiab": 1627000000, "longTermDebt": 653200000, "otherLiab": 411600000, "totalCurrentLiabilities": 20144200000, "totalLiab": 21209000000, "commonStock": 1611000000, "retainedEarnings": -8838100000, "treasuryStock": 10400000, "capitalSurplus": 123900000, "otherStockholderEquity": 10400000, "totalStockholderEquity": -7092800000, "netTangibleAssets": -7092800000}], "maxAge": 86400}, "indexTrend": {"maxAge": 1, "symbol": "SP5", "peRatio": 19.7411, "pegRatio": 1.34172, "estimates": [{"period": "0q", "growth": 0.549}, {"period": "+1q", "growth": 0.431}, {"period": "0y", "growth": 0.305}, {"period": "+1y", "growth": 0.109}, {"period": "+5y", "growth": 0.120865}, {"period": "-5y"}]}, "quoteType": {"exchange": "BSE", "quoteType": "EQUITY", "symbol": "MADRASFERT.BO", "underlyingSymbol": "MADRASFERT.BO", "shortName": "Madras Fertilizer Limited", "longName": "Madras Fertilizers Limited", "firstTradeDateEpochUtc": "1998-12-30 09:15:00", "timeZoneFullName": "Asia/Kolkata", "timeZoneShortName": "IST", "uuid": "8a9b08fc-ea84-3076-bc04-804fe5954dce", "gmtOffSetMilliseconds": 19800000, "maxAge": 1}, "incomeStatementHistory": {"incomeStatementHistory": [{"maxAge": 1, "endDate": "2020-03-31", "totalRevenue": 12743900000, "costOfRevenue": 10794000000, "grossProfit": 1949900000, "researchDevelopment": {}, "sellingGeneralAdministrative": 959700000, "nonRecurring": {}, "otherOperatingExpenses": 1302300000, "totalOperatingExpenses": 13319800000, "operatingIncome": -575900000, "totalOtherIncomeExpenseNet": -772900000, "ebit": -575900000, "interestExpense": -902900000, "incomeBeforeTax": -1348800000, "incomeTaxExpense": 0, "minorityInterest": {}, "netIncomeFromContinuingOps": -1348800000, "discontinuedOperations": {}, "extraordinaryItems": {}, "effectOfAccountingCharges": {}, "otherItems": {}, "netIncome": -1348800000, "netIncomeApplicableToCommonShares": -1348800000}, {"maxAge": 1, "endDate": "2019-03-31", "totalRevenue": 15930000000, "costOfRevenue": 13997400000, "grossProfit": 1932600000, "researchDevelopment": {}, "sellingGeneralAdministrative": 1045800000, "nonRecurring": {}, "otherOperatingExpenses": 1132800000, "totalOperatingExpenses": 16405900000, "operatingIncome": -475900000, "totalOtherIncomeExpenseNet": -332600000, "ebit": -475900000, "interestExpense": -720700000, "incomeBeforeTax": -808500000, "incomeTaxExpense": 0, "minorityInterest": {}, "netIncomeFromContinuingOps": -808500000, "discontinuedOperations": {}, "extraordinaryItems": {}, "effectOfAccountingCharges": {}, "otherItems": {}, "netIncome": -808500000, "netIncomeApplicableToCommonShares": -808500000}, {"maxAge": 1, "endDate": "2018-03-31", "totalRevenue": 16161600000, "costOfRevenue": 13842800000, "grossProfit": 2318800000, "researchDevelopment": {}, "sellingGeneralAdministrative": 1035400000, "nonRecurring": {}, "otherOperatingExpenses": 1228300000, "totalOperatingExpenses": 16326600000, "operatingIncome": -165000000, "totalOtherIncomeExpenseNet": -283100000, "ebit": -165000000, "interestExpense": -660700000, "incomeBeforeTax": -448100000, "incomeTaxExpense": 0, "minorityInterest": {}, "netIncomeFromContinuingOps": -448100000, "discontinuedOperations": {}, "extraordinaryItems": {}, "effectOfAccountingCharges": {}, "otherItems": {}, "netIncome": -448100000, "netIncomeApplicableToCommonShares": -448100000}, {"maxAge": 1, "endDate": "2017-03-31", "totalRevenue": 13917200000, "costOfRevenue": 11055600000, "grossProfit": 2861600000, "researchDevelopment": {}, "sellingGeneralAdministrative": 1037600000, "nonRecurring": {}, "otherOperatingExpenses": 1191200000, "totalOperatingExpenses": 13498000000, "operatingIncome": 419200000, "totalOtherIncomeExpenseNet": -383800000, "ebit": 419200000, "interestExpense": -648300000, "incomeBeforeTax": 35400000, "incomeTaxExpense": 0, "minorityInterest": {}, "netIncomeFromContinuingOps": 35400000, "discontinuedOperations": {}, "extraordinaryItems": {}, "effectOfAccountingCharges": {}, "otherItems": {}, "netIncome": 35400000, "netIncomeApplicableToCommonShares": 35400000}], "maxAge": 86400}, "fundOwnership": {"ownershipList": [], "maxAge": 1}, "summaryDetail": {"maxAge": 1, "priceHint": 2, "previousClose": 25.4, "open": 26.4, "dayLow": 24.8, "dayHigh": 26.4, "regularMarketPreviousClose": 25.4, "regularMarketOpen": 26.4, "regularMarketDayLow": 24.8, "regularMarketDayHigh": 26.4, "volume": 6493, "regularMarketVolume": 6493, "averageVolume": 84538, "averageVolume10days": 85504, "averageDailyVolume10Day": 85504, "bid": 25.3, "ask": 25.7, "bidSize": 0, "askSize": 0, "marketCap": 4116130304, "fiftyTwoWeekLow": 8.86, "fiftyTwoWeekHigh": 34.9, "fiftyDayAverage": 24.851515, "twoHundredDayAverage": 19.431986, "currency": "INR", "fromCurrency": null, "lastMarket": null, "algorithm": null, "tradeable": false}, "incomeStatementHistoryQuarterly": {"incomeStatementHistory": [{"maxAge": 1, "endDate": "2020-06-30", "totalRevenue": 2131600000, "costOfRevenue": 1694000000, "grossProfit": 437600000, "researchDevelopment": {}, "sellingGeneralAdministrative": 253500000, "nonRecurring": {}, "otherOperatingExpenses": 249800000, "totalOperatingExpenses": 2267500000, "operatingIncome": -135900000, "totalOtherIncomeExpenseNet": -204700000, "ebit": -135900000, "interestExpense": -216900000, "incomeBeforeTax": -340600000, "incomeTaxExpense": 0, "minorityInterest": {}, "netIncomeFromContinuingOps": -340600000, "discontinuedOperations": {}, "extraordinaryItems": {}, "effectOfAccountingCharges": {}, "otherItems": {}, "netIncome": -340600000, "netIncomeApplicableToCommonShares": -340600000}, {"maxAge": 1, "endDate": "2020-03-31", "totalRevenue": 4430300000, "costOfRevenue": 3735500000, "grossProfit": 694800000, "researchDevelopment": {}, "sellingGeneralAdministrative": 235300000, "nonRecurring": {}, "otherOperatingExpenses": 257600000, "totalOperatingExpenses": 4327200000, "operatingIncome": 103100000, "totalOtherIncomeExpenseNet": -130700000, "ebit": 103100000, "interestExpense": -221700000, "incomeBeforeTax": -27600000, "incomeTaxExpense": 0, "minorityInterest": {}, "netIncomeFromContinuingOps": -27600000, "discontinuedOperations": {}, "extraordinaryItems": {}, "effectOfAccountingCharges": {}, "otherItems": {}, "netIncome": -27600000, "netIncomeApplicableToCommonShares": -27600000}, {"maxAge": 1, "endDate": "2019-12-31", "totalRevenue": 4808500000, "costOfRevenue": 3851400000, "grossProfit": 957100000, "researchDevelopment": {}, "sellingGeneralAdministrative": 250300000, "nonRecurring": {}, "otherOperatingExpenses": 360700000, "totalOperatingExpenses": 4517400000, "operatingIncome": 291100000, "totalOtherIncomeExpenseNet": -272100000, "ebit": 291100000, "interestExpense": -282100000, "incomeBeforeTax": 19000000, "incomeTaxExpense": 0, "minorityInterest": {}, "netIncomeFromContinuingOps": 19000000, "discontinuedOperations": {}, "extraordinaryItems": {}, "effectOfAccountingCharges": {}, "otherItems": {}, "netIncome": 19000000, "netIncomeApplicableToCommonShares": 19000000}, {"maxAge": 1, "endDate": "2019-09-30", "totalRevenue": 3126900000, "costOfRevenue": 2733000000, "grossProfit": 393900000, "researchDevelopment": {}, "sellingGeneralAdministrative": 212600000, "nonRecurring": {}, "otherOperatingExpenses": 384900000, "totalOperatingExpenses": 3385500000, "operatingIncome": -258600000, "totalOtherIncomeExpenseNet": -208100000, "ebit": -258600000, "interestExpense": -217700000, "incomeBeforeTax": -466700000, "incomeTaxExpense": 0, "minorityInterest": {}, "netIncomeFromContinuingOps": -466700000, "discontinuedOperations": {}, "extraordinaryItems": {}, "effectOfAccountingCharges": {}, "otherItems": {}, "netIncome": -466700000, "netIncomeApplicableToCommonShares": -466700000}], "maxAge": 86400}, "cashflowStatementHistoryQuarterly": {"cashflowStatements": [{"maxAge": 1, "endDate": "2020-06-30", "netIncome": -340600000, "changeToLiabilities": 0}, {"maxAge": 1, "endDate": "2020-03-31", "netIncome": -27600000, "changeToLiabilities": 0}, {"maxAge": 1, "endDate": "2019-12-31", "netIncome": 19000000, "changeToLiabilities": 0}, {"maxAge": 1, "endDate": "2019-09-30", "netIncome": -466700000, "changeToLiabilities": 0}], "maxAge": 86400}, "insiderHolders": {"holders": [], "maxAge": 1}, "calendarEvents": {"maxAge": 1, "earnings": {"earningsDate": []}}, "upgradeDowngradeHistory": {"history": [], "maxAge": 86400}, "price": {"maxAge": 1, "regularMarketChangePercent": 0.005905497, "regularMarketChange": 0.14999962, "regularMarketTime": "2021-04-30 15:58:44", "priceHint": 2, "regularMarketPrice": 25.55, "regularMarketDayHigh": 26.4, "regularMarketDayLow": 24.8, "regularMarketVolume": 6493, "averageDailyVolume10Day": 85504, "averageDailyVolume3Month": 84538, "regularMarketPreviousClose": 25.4, "regularMarketSource": "FREE_REALTIME", "regularMarketOpen": 26.4, "exchange": "BSE", "exchangeName": "BSE", "exchangeDataDelayedBy": 0, "marketState": "CLOSED", "quoteType": "EQUITY", "symbol": "MADRASFERT.BO", "underlyingSymbol": null, "shortName": "Madras Fertilizer Limited", "longName": "Madras Fertilizers Limited", "currency": "INR", "quoteSourceName": "Delayed Quote", "currencySymbol": "\u20b9", "fromCurrency": null, "lastMarket": null, "marketCap": 4116130304}, "balanceSheetHistory": {"balanceSheetStatements": [{"maxAge": 1, "endDate": "2020-03-31", "cash": 1333100000, "netReceivables": 6139800000, "inventory": 2507600000, "otherCurrentAssets": 274200000, "totalCurrentAssets": 10254700000, "longTermInvestments": 2825000000, "propertyPlantEquipment": 2018500000, "otherAssets": 179700000, "totalAssets": 15277900000, "accountsPayable": 1158800000, "shortLongTermDebt": 17494900000, "otherCurrentLiab": 1877400000, "longTermDebt": 512800000, "otherLiab": 442200000, "totalCurrentLiabilities": 20631800000, "totalLiab": 21586800000, "commonStock": 1611000000, "retainedEarnings": -8054200000, "treasuryStock": 10400000, "capitalSurplus": 123900000, "otherStockholderEquity": 10400000, "totalStockholderEquity": -6308900000, "netTangibleAssets": -6308900000}, {"maxAge": 1, "endDate": "2019-03-31", "cash": 368200000, "netReceivables": 8434300000, "inventory": 2808600000, "otherCurrentAssets": 26200000, "totalCurrentAssets": 11748900000, "longTermInvestments": 1979100000, "propertyPlantEquipment": 1769900000, "otherAssets": 185000000, "totalAssets": 15682900000, "accountsPayable": 2769700000, "shortLongTermDebt": 10782800000, "otherCurrentLiab": 1259300000, "longTermDebt": 786200000, "otherLiab": 411600000, "totalCurrentLiabilities": 20237800000, "totalLiab": 21435600000, "commonStock": 1621400000, "retainedEarnings": -7498000000, "capitalSurplus": 123900000, "totalStockholderEquity": -5752700000, "netTangibleAssets": -5752700000}, {"maxAge": 1, "endDate": "2018-03-31", "cash": 272100000, "netReceivables": 9728200000, "inventory": 2198600000, "otherCurrentAssets": 7100000, "totalCurrentAssets": 12273800000, "longTermInvestments": 1489400000, "propertyPlantEquipment": 1860900000, "otherAssets": 198000000, "totalAssets": 15822100000, "accountsPayable": 3818100000, "shortLongTermDebt": 9954600000, "otherCurrentLiab": 1075300000, "longTermDebt": 1068600000, "otherLiab": 362700000, "totalCurrentLiabilities": 19311100000, "totalLiab": 20742400000, "commonStock": 1621400000, "retainedEarnings": -6665600000, "capitalSurplus": 123900000, "totalStockholderEquity": -4920300000, "netTangibleAssets": -4920300000}, {"maxAge": 1, "endDate": "2017-03-31", "cash": 1700000, "shortTermInvestments": 22300000, "netReceivables": 5476700000, "inventory": 3135500000, "otherCurrentAssets": 3400000, "totalCurrentAssets": 8712000000, "longTermInvestments": 1352800000, "propertyPlantEquipment": 2039300000, "otherAssets": 194000000, "totalAssets": 12298100000, "accountsPayable": 2462900000, "shortLongTermDebt": 9117300000, "otherCurrentLiab": 1116900000, "longTermDebt": 1360100000, "otherLiab": 193700000, "totalCurrentLiabilities": 15045000000, "totalLiab": 16598800000, "commonStock": 1621400000, "retainedEarnings": -6046000000, "capitalSurplus": 123900000, "totalStockholderEquity": -4300700000, "netTangibleAssets": -4300700000}], "maxAge": 86400}, "financialData": {"maxAge": 86400, "currentPrice": 25.55, "recommendationKey": "none", "grossProfits": 1949900000, "financialCurrency": "INR"}}}