{"MADRASFERT.NS": {"assetProfile": {"address1": "Post Bag No.2", "address2": "Manali", "city": "Chennai", "zip": "600068", "country": "India", "phone": "91 44 2594 1001", "website": "http://www.madrasfert.co.in", "industry": "Agricultural Inputs", "sector": "Basic Materials", "longBusinessSummary": "Madras Fertilizers Limited manufactures and sells fertilizers in India. It operates in two segments, Fertilizers and Other Activities. The company offers ammonia, urea, and complex fertilizers; biofertilizers; organic fertilizers; and agrochemicals under the VIJAY brand name. Its chemical fertilizers include VIJAY Urea, a nitrogenous fertilizer for various crops and soil types; VIJAY complexes, which are granulated fertilizers consisting of nitrogen, phosphorous, and potash; and VIJAY 17:17:17 for early growth and vegetative phases of various crops. The company also provides bio-fertilizers, such as Azospirillum for paddy, plantation crops, and other crops; Rhizobium for groundnuts and pulses; and Phospho Bacteria and NP Bio for various crops. In addition, the company markets neem-based pesticides under the VIJAY NEEM brand name. It markets its products through a network of approximately 5785 dealers, co-operative marketing federations, Agro industries corporations, and other institutions. Madras Fertilizers Limited was incorporated in 1966 and is headquartered in Chennai, India.", "fullTimeEmployees": 571, "companyOfficers": [{"maxAge": 1, "name": "Mr. Ulaganathan  Saravanan", "title": "Chairman & MD", "fiscalYear": 2020, "totalPay": 5285268, "exercisedValue": 0, "unexercisedValue": 0}, {"maxAge": 1, "name": "Mr. Harsh  Malhotra", "title": "Director of Technical & Exec. Director", "fiscalYear": 2020, "totalPay": 2802194, "exercisedValue": 0, "unexercisedValue": 0}, {"maxAge": 1, "name": "Dr. Girish  Kumar", "title": "Compliance Officer & Company Sec.", "fiscalYear": 2020, "totalPay": 1738664, "exercisedValue": 0, "unexercisedValue": 0}, {"maxAge": 1, "name": "Mr. Priya Ranjan Panda", "title": "Gen. Mang. of Fin. & Accounts", "exercisedValue": 0, "unexercisedValue": 0}, {"maxAge": 1, "name": "Mr. A. L. Prabhakar", "title": "Chief Vigilance Officer", "exercisedValue": 0, "unexercisedValue": 0}], "compensationAsOfEpochDate": "2020-12-31 05:30:00", "maxAge": 86400}, "cashflowStatementHistory": {"cashflowStatements": [{"maxAge": 1, "endDate": "2020-03-31", "netIncome": -1348800000, "depreciation": 263800000, "changeToNetincome": 862400000, "changeToAccountReceivables": -236600000, "changeToLiabilities": -1610900000, "changeToInventory": 301000000, "changeToOperatingActivities": 2617300000, "totalCashFromOperatingActivities": 848200000, "capitalExpenditures": -512400000, "otherCashflowsFromInvestingActivities": 39200000, "totalCashflowsFromInvestingActivities": -471900000, "netBorrowings": 946000000, "otherCashflowsFromFinancingActivities": -357400000, "totalCashFromFinancingActivities": 588600000, "changeInCash": 964900000}, {"maxAge": 1, "endDate": "2019-03-31", "netIncome": -1298200000, "depreciation": 229900000, "changeToNetincome": 1022300000, "changeToAccountReceivables": -71600000, "changeToLiabilities": -1077800000, "changeToInventory": -610000000, "changeToOperatingActivities": 1579100000, "totalCashFromOperatingActivities": -226300000, "capitalExpenditures": -218300000, "otherCashflowsFromInvestingActivities": 7300000, "totalCashflowsFromInvestingActivities": -131400000, "netBorrowings": 905600000, "otherCashflowsFromFinancingActivities": -451800000, "totalCashFromFinancingActivities": 453800000, "changeInCash": 96100000}, {"maxAge": 1, "endDate": "2018-03-31", "netIncome": -448100000, "depreciation": 220100000, "changeToNetincome": 614900000, "changeToAccountReceivables": 235800000, "changeToLiabilities": 1344000000, "changeToInventory": 936900000, "changeToOperatingActivities": -4406600000, "totalCashFromOperatingActivities": -1503000000, "capitalExpenditures": -41600000, "otherCashflowsFromInvestingActivities": 13600000, "totalCashflowsFromInvestingActivities": -28000000, "netBorrowings": 1983100000, "otherCashflowsFromFinancingActivities": -204000000, "totalCashFromFinancingActivities": 1779100000, "changeInCash": 248100000}, {"maxAge": 1, "endDate": "2017-03-31", "netIncome": 35400000, "depreciation": 213600000, "changeToNetincome": 416700000, "changeToAccountReceivables": -343100000, "changeToLiabilities": 196200000, "changeToInventory": -1328900000, "changeToOperatingActivities": 3005200000, "totalCashFromOperatingActivities": 2195100000, "capitalExpenditures": -75800000, "otherCashflowsFromInvestingActivities": 28100000, "totalCashflowsFromInvestingActivities": -47200000, "netBorrowings": -2261700000, "otherCashflowsFromFinancingActivities": -185500000, "totalCashFromFinancingActivities": -2447200000, "changeInCash": -299300000}], "maxAge": 86400}, "institutionOwnership": {"ownershipList": [], "maxAge": 1}, "majorHoldersBreakdown": {"maxAge": 1}, "balanceSheetHistoryQuarterly": {"balanceSheetStatements": [{"maxAge": 1, "endDate": "2020-12-31", "totalStockholderEquity": -6605200000, "netTangibleAssets": -6605200000}, {"maxAge": 1, "endDate": "2020-09-30", "cash": 272300000, "netReceivables": 6663100000, "inventory": 3248300000, "otherCurrentAssets": 221800000, "totalCurrentAssets": 10405500000, "longTermInvestments": 2825000000, "propertyPlantEquipment": 1883200000, "otherAssets": 215200000, "totalAssets": 15328900000, "accountsPayable": 3240100000, "shortLongTermDebt": 14859200000, "otherCurrentLiab": 2779100000, "longTermDebt": 512800000, "otherLiab": 442200000, "totalCurrentLiabilities": 20979100000, "totalLiab": 21934100000, "commonStock": 1611000000, "retainedEarnings": -8350500000, "treasuryStock": 10400000, "capitalSurplus": 123900000, "otherStockholderEquity": 10400000, "totalStockholderEquity": -6605200000, "netTangibleAssets": -6605200000}, {"maxAge": 1, "endDate": "2020-06-30", "totalStockholderEquity": -6308900000, "netTangibleAssets": -6308900000}, {"maxAge": 1, "endDate": "2020-03-31", "cash": 1333100000, "netReceivables": 6139800000, "inventory": 2507600000, "otherCurrentAssets": 132700000, "totalCurrentAssets": 10254700000, "longTermInvestments": 2825000000, "propertyPlantEquipment": 2018500000, "otherAssets": 179700000, "totalAssets": 15277900000, "accountsPayable": 1158800000, "shortLongTermDebt": 11602000000, "otherCurrentLiab": 1495800000, "longTermDebt": 512800000, "otherLiab": 442200000, "totalCurrentLiabilities": 20631800000, "totalLiab": 21586800000, "commonStock": 1621400000, "retainedEarnings": -8054200000, "capitalSurplus": 123900000, "totalStockholderEquity": -6308900000, "netTangibleAssets": -6308900000}], "maxAge": 86400}, "indexTrend": {"maxAge": 1, "symbol": "SP5", "peRatio": 19.7411, "pegRatio": 1.34172, "estimates": [{"period": "0q", "growth": 0.549}, {"period": "+1q", "growth": 0.431}, {"period": "0y", "growth": 0.305}, {"period": "+1y", "growth": 0.109}, {"period": "+5y", "growth": 0.120865}, {"period": "-5y"}]}, "defaultKeyStatistics": {"maxAge": 1, "priceHint": 2, "enterpriseValue": 19156834304, "profitMargins": -0.01748, "floatShares": 20375124, "sharesOutstanding": 161100992, "beta": 1.063042, "category": null, "bookValue": -40.257, "fundFamily": null, "legalType": null, "lastFiscalYearEnd": "2020-03-31 05:30:00", "nextFiscalYearEnd": "2022-03-31 05:30:00", "mostRecentQuarter": "2020-12-31 05:30:00", "earningsQuarterlyGrowth": 2.111, "netIncomeToCommon": -264800000, "trailingEps": -1.642, "lastSplitFactor": null, "enterpriseToRevenue": 1.265, "enterpriseToEbitda": 23.841}, "summaryProfile": {"address1": "Post Bag No.2", "address2": "Manali", "city": "Chennai", "zip": "600068", "country": "India", "phone": "91 44 2594 1001", "website": "http://www.madrasfert.co.in", "industry": "Agricultural Inputs", "sector": "Basic Materials", "longBusinessSummary": "Madras Fertilizers Limited manufactures and sells fertilizers in India. It operates in two segments, Fertilizers and Other Activities. The company offers ammonia, urea, and complex fertilizers; biofertilizers; organic fertilizers; and agrochemicals under the VIJAY brand name. Its chemical fertilizers include VIJAY Urea, a nitrogenous fertilizer for various crops and soil types; VIJAY complexes, which are granulated fertilizers consisting of nitrogen, phosphorous, and potash; and VIJAY 17:17:17 for early growth and vegetative phases of various crops. The company also provides bio-fertilizers, such as Azospirillum for paddy, plantation crops, and other crops; Rhizobium for groundnuts and pulses; and Phospho Bacteria and NP Bio for various crops. In addition, the company markets neem-based pesticides under the VIJAY NEEM brand name. It markets its products through a network of approximately 5785 dealers, co-operative marketing federations, Agro industries corporations, and other institutions. Madras Fertilizers Limited was incorporated in 1966 and is headquartered in Chennai, India.", "fullTimeEmployees": 571, "companyOfficers": [], "maxAge": 86400}, "netSharePurchaseActivity": {"maxAge": 1, "period": "6m", "buyInfoCount": 0, "buyInfoShares": 0, "sellInfoCount": 0, "netInfoCount": 0, "netInfoShares": 0, "totalInsiderShares": 0}, "quoteType": {"exchange": "NSI", "quoteType": "EQUITY", "symbol": "MADRASFERT.NS", "underlyingSymbol": "MADRASFERT.NS", "shortName": "MADRAS FERTILIZERS", "longName": "Madras Fertilizers Limited", "firstTradeDateEpochUtc": "2002-07-01 09:15:00", "timeZoneFullName": "Asia/Kolkata", "timeZoneShortName": "IST", "uuid": "be55ba17-165f-31d7-97e2-274574e8ee3f", "gmtOffSetMilliseconds": 19800000, "maxAge": 1}, "incomeStatementHistory": {"incomeStatementHistory": [{"maxAge": 1, "endDate": "2020-03-31", "totalRevenue": 12743900000, "costOfRevenue": 11036000000, "grossProfit": 1707900000, "researchDevelopment": {}, "sellingGeneralAdministrative": 1004500000, "nonRecurring": {}, "otherOperatingExpenses": 1015500000, "totalOperatingExpenses": 13319800000, "operatingIncome": -575900000, "totalOtherIncomeExpenseNet": -772900000, "ebit": -575900000, "interestExpense": -694400000, "incomeBeforeTax": -1348800000, "incomeTaxExpense": 0, "minorityInterest": {}, "netIncomeFromContinuingOps": -1348800000, "discontinuedOperations": {}, "extraordinaryItems": {}, "effectOfAccountingCharges": {}, "otherItems": {}, "netIncome": -1348800000, "netIncomeApplicableToCommonShares": -1348800000}, {"maxAge": 1, "endDate": "2019-03-31", "totalRevenue": 15930000000, "costOfRevenue": 13997400000, "grossProfit": 1932600000, "researchDevelopment": {}, "sellingGeneralAdministrative": 1045800000, "nonRecurring": {}, "otherOperatingExpenses": 1132800000, "totalOperatingExpenses": 16405900000, "operatingIncome": -475900000, "totalOtherIncomeExpenseNet": -822300000, "ebit": -475900000, "interestExpense": -720700000, "incomeBeforeTax": -1298200000, "incomeTaxExpense": 0, "minorityInterest": {}, "netIncomeFromContinuingOps": -1298200000, "discontinuedOperations": {}, "extraordinaryItems": {}, "effectOfAccountingCharges": {}, "otherItems": {}, "netIncome": -1298200000, "netIncomeApplicableToCommonShares": -1298200000}, {"maxAge": 1, "endDate": "2018-03-31", "totalRevenue": 16161600000, "costOfRevenue": 13842800000, "grossProfit": 2318800000, "researchDevelopment": {}, "sellingGeneralAdministrative": 1035400000, "nonRecurring": {}, "otherOperatingExpenses": 1228300000, "totalOperatingExpenses": 16326600000, "operatingIncome": -165000000, "totalOtherIncomeExpenseNet": -283100000, "ebit": -165000000, "interestExpense": -660700000, "incomeBeforeTax": -448100000, "incomeTaxExpense": 0, "minorityInterest": {}, "netIncomeFromContinuingOps": -448100000, "discontinuedOperations": {}, "extraordinaryItems": {}, "effectOfAccountingCharges": {}, "otherItems": {}, "netIncome": -448100000, "netIncomeApplicableToCommonShares": -448100000}, {"maxAge": 1, "endDate": "2017-03-31", "totalRevenue": 13917200000, "costOfRevenue": 11055600000, "grossProfit": 2861600000, "researchDevelopment": {}, "sellingGeneralAdministrative": 1037600000, "nonRecurring": {}, "otherOperatingExpenses": 1191200000, "totalOperatingExpenses": 13498000000, "operatingIncome": 419200000, "totalOtherIncomeExpenseNet": -383800000, "ebit": 419200000, "interestExpense": -648300000, "incomeBeforeTax": 35400000, "incomeTaxExpense": 0, "minorityInterest": {}, "netIncomeFromContinuingOps": 35400000, "discontinuedOperations": {}, "extraordinaryItems": {}, "effectOfAccountingCharges": {}, "otherItems": {}, "netIncome": 35400000, "netIncomeApplicableToCommonShares": 35400000}], "maxAge": 86400}, "fundOwnership": {"ownershipList": [], "maxAge": 1}, "summaryDetail": {"maxAge": 1, "priceHint": 2, "previousClose": 25.45, "open": 25.75, "dayLow": 25.1, "dayHigh": 25.75, "regularMarketPreviousClose": 25.45, "regularMarketOpen": 25.75, "regularMarketDayLow": 25.1, "regularMarketDayHigh": 25.75, "payoutRatio": 0.0, "beta": 1.063042, "volume": 67458, "regularMarketVolume": 67458, "averageVolume": 595741, "averageVolume10days": 35985, "averageDailyVolume10Day": 35985, "bid": 0.0, "ask": 0.0, "bidSize": 0, "askSize": 0, "marketCap": 4091965184, "fiftyTwoWeekLow": 11.9, "fiftyTwoWeekHigh": 34.9, "priceToSalesTrailing12Months": 0.27010384, "fiftyDayAverage": 26.924242, "twoHundredDayAverage": 22.015715, "currency": "INR", "fromCurrency": null, "lastMarket": null, "algorithm": null, "tradeable": false}, "incomeStatementHistoryQuarterly": {"incomeStatementHistory": [{"maxAge": 1, "endDate": "2020-12-31", "totalRevenue": 4418700000, "costOfRevenue": 3364500000, "grossProfit": 1054200000, "researchDevelopment": {}, "sellingGeneralAdministrative": 244000000, "nonRecurring": {}, "otherOperatingExpenses": 458300000, "totalOperatingExpenses": 4137000000, "operatingIncome": 281700000, "totalOtherIncomeExpenseNet": -222600000, "ebit": 281700000, "interestExpense": -242500000, "incomeBeforeTax": 59100000, "incomeTaxExpense": 0, "minorityInterest": {}, "netIncomeFromContinuingOps": 59100000, "discontinuedOperations": {}, "extraordinaryItems": {}, "effectOfAccountingCharges": {}, "otherItems": {}, "netIncome": 59100000, "netIncomeApplicableToCommonShares": 59100000}, {"maxAge": 1, "endDate": "2020-09-30", "totalRevenue": 4169000000, "costOfRevenue": 3143700000, "grossProfit": 1025300000, "researchDevelopment": {}, "sellingGeneralAdministrative": 230100000, "nonRecurring": {}, "otherOperatingExpenses": 459700000, "totalOperatingExpenses": 3903700000, "operatingIncome": 265300000, "totalOtherIncomeExpenseNet": -221000000, "ebit": 265300000, "interestExpense": -233200000, "incomeBeforeTax": 44300000, "incomeTaxExpense": 0, "minorityInterest": {}, "netIncomeFromContinuingOps": 44300000, "discontinuedOperations": {}, "extraordinaryItems": {}, "effectOfAccountingCharges": {}, "otherItems": {}, "netIncome": 44300000, "netIncomeApplicableToCommonShares": 44300000}, {"maxAge": 1, "endDate": "2020-06-30", "totalRevenue": 2131600000, "costOfRevenue": 1694000000, "grossProfit": 437600000, "researchDevelopment": {}, "sellingGeneralAdministrative": 253500000, "nonRecurring": {}, "otherOperatingExpenses": 249800000, "totalOperatingExpenses": 2267500000, "operatingIncome": -135900000, "totalOtherIncomeExpenseNet": -204700000, "ebit": -135900000, "interestExpense": -216900000, "incomeBeforeTax": -340600000, "incomeTaxExpense": 0, "minorityInterest": {}, "netIncomeFromContinuingOps": -340600000, "discontinuedOperations": {}, "extraordinaryItems": {}, "effectOfAccountingCharges": {}, "otherItems": {}, "netIncome": -340600000, "netIncomeApplicableToCommonShares": -340600000}, {"maxAge": 1, "endDate": "2020-03-31", "totalRevenue": 4430300000, "costOfRevenue": 3977500000, "grossProfit": 452800000, "researchDevelopment": {}, "sellingGeneralAdministrative": 280100000, "nonRecurring": {}, "otherOperatingExpenses": -29200000, "totalOperatingExpenses": 4327200000, "operatingIncome": 103100000, "totalOtherIncomeExpenseNet": -130700000, "ebit": 103100000, "interestExpense": -13200000, "incomeBeforeTax": -27600000, "incomeTaxExpense": 0, "minorityInterest": {}, "netIncomeFromContinuingOps": -27600000, "discontinuedOperations": {}, "extraordinaryItems": {}, "effectOfAccountingCharges": {}, "otherItems": {}, "netIncome": -27600000, "netIncomeApplicableToCommonShares": -27600000}], "maxAge": 86400}, "cashflowStatementHistoryQuarterly": {"cashflowStatements": [{"maxAge": 1, "endDate": "2020-12-31", "netIncome": 59100000, "changeToLiabilities": 0}, {"maxAge": 1, "endDate": "2020-09-30", "netIncome": 44300000, "changeToLiabilities": 0}, {"maxAge": 1, "endDate": "2020-06-30", "netIncome": -340600000, "changeToLiabilities": 0}, {"maxAge": 1, "endDate": "2020-03-31", "netIncome": -27600000, "changeToLiabilities": 0}], "maxAge": 86400}, "insiderHolders": {"holders": [], "maxAge": 1}, "calendarEvents": {"maxAge": 1, "earnings": {"earningsDate": []}}, "upgradeDowngradeHistory": {"history": [], "maxAge": 86400}, "price": {"maxAge": 1, "regularMarketChangePercent": -0.0019646815, "regularMarketChange": -0.050001144, "regularMarketTime": "2021-04-30 15:29:14", "priceHint": 2, "regularMarketPrice": 25.4, "regularMarketDayHigh": 25.75, "regularMarketDayLow": 25.1, "regularMarketVolume": 67458, "averageDailyVolume10Day": 35985, "averageDailyVolume3Month": 595741, "regularMarketPreviousClose": 25.45, "regularMarketSource": "FREE_REALTIME", "regularMarketOpen": 25.75, "exchange": "NSI", "exchangeName": "NSE", "exchangeDataDelayedBy": 15, "marketState": "CLOSED", "quoteType": "EQUITY", "symbol": "MADRASFERT.NS", "underlyingSymbol": null, "shortName": "MADRAS FERTILIZERS", "longName": "Madras Fertilizers Limited", "currency": "INR", "quoteSourceName": "Delayed Quote", "currencySymbol": "\u20b9", "fromCurrency": null, "lastMarket": null, "marketCap": 4091965184}, "balanceSheetHistory": {"balanceSheetStatements": [{"maxAge": 1, "endDate": "2020-03-31", "cash": 1333100000, "netReceivables": 6139800000, "inventory": 2507600000, "otherCurrentAssets": 132700000, "totalCurrentAssets": 10254700000, "longTermInvestments": 2825000000, "propertyPlantEquipment": 2018500000, "otherAssets": 179700000, "totalAssets": 15277900000, "accountsPayable": 1158800000, "shortLongTermDebt": 11602000000, "otherCurrentLiab": 1495800000, "longTermDebt": 512800000, "otherLiab": 442200000, "totalCurrentLiabilities": 20631800000, "totalLiab": 21586800000, "commonStock": 1621400000, "retainedEarnings": -8054200000, "capitalSurplus": 123900000, "totalStockholderEquity": -6308900000, "netTangibleAssets": -6308900000}, {"maxAge": 1, "endDate": "2019-03-31", "cash": 368200000, "netReceivables": 8434300000, "inventory": 2808600000, "otherCurrentAssets": 26200000, "totalCurrentAssets": 11748900000, "longTermInvestments": 1979100000, "propertyPlantEquipment": 1769900000, "otherAssets": 185000000, "totalAssets": 15682900000, "accountsPayable": 2769700000, "shortLongTermDebt": 10782800000, "otherCurrentLiab": 1259300000, "longTermDebt": 786200000, "otherLiab": 411600000, "totalCurrentLiabilities": 20237800000, "totalLiab": 21435600000, "commonStock": 1621400000, "retainedEarnings": -7498000000, "capitalSurplus": 123900000, "totalStockholderEquity": -5752700000, "netTangibleAssets": -5752700000}, {"maxAge": 1, "endDate": "2018-03-31", "cash": 272100000, "netReceivables": 9728200000, "inventory": 2198600000, "otherCurrentAssets": 7100000, "totalCurrentAssets": 12273800000, "longTermInvestments": 1489400000, "propertyPlantEquipment": 1860900000, "otherAssets": 198000000, "totalAssets": 15822100000, "accountsPayable": 3818100000, "shortLongTermDebt": 9954600000, "otherCurrentLiab": 1075300000, "longTermDebt": 1068600000, "otherLiab": 362700000, "totalCurrentLiabilities": 19311100000, "totalLiab": 20742400000, "commonStock": 1621400000, "retainedEarnings": -6665600000, "capitalSurplus": 123900000, "totalStockholderEquity": -4920300000, "netTangibleAssets": -4920300000}, {"maxAge": 1, "endDate": "2017-03-31", "cash": 1700000, "shortTermInvestments": 22300000, "netReceivables": 5476700000, "inventory": 3135500000, "otherCurrentAssets": 3400000, "totalCurrentAssets": 8712000000, "longTermInvestments": 1352800000, "propertyPlantEquipment": 2039300000, "otherAssets": 194000000, "totalAssets": 12298100000, "accountsPayable": 2462900000, "shortLongTermDebt": 9117300000, "otherCurrentLiab": 1116900000, "longTermDebt": 1360100000, "otherLiab": 193700000, "totalCurrentLiabilities": 15045000000, "totalLiab": 16598800000, "commonStock": 1621400000, "retainedEarnings": -6046000000, "capitalSurplus": 123900000, "totalStockholderEquity": -4300700000, "netTangibleAssets": -4300700000}], "maxAge": 86400}, "financialData": {"maxAge": 86400, "currentPrice": 25.4, "recommendationKey": "none", "totalCash": 272300000, "totalCashPerShare": 1.705, "ebitda": 803524992, "totalDebt": 15372000256, "totalRevenue": 15149599744, "revenuePerShare": 93.934, "grossProfits": 1707900000, "earningsGrowth": 2.083, "revenueGrowth": -0.081, "grossMargins": 0.19604, "ebitdaMargins": 0.053039998, "operatingMargins": 0.03395, "profitMargins": -0.01748, "financialCurrency": "INR"}}}