{"MAFATIND.BO": {"recommendationTrend": {"trend": [{"period": "0m", "strongBuy": 0, "buy": 0, "hold": 0, "sell": 0, "strongSell": 0}, {"period": "-1m", "strongBuy": 0, "buy": 0, "hold": 0, "sell": 0, "strongSell": 0}, {"period": "-2m", "strongBuy": 0, "buy": 0, "hold": 0, "sell": 0, "strongSell": 0}, {"period": "-3m", "strongBuy": 0, "buy": 0, "hold": 0, "sell": 0, "strongSell": 0}], "maxAge": 86400}, "cashflowStatementHistory": {"cashflowStatements": [{"maxAge": 1, "endDate": "2020-03-31", "netIncome": -137080000, "depreciation": 162919000, "changeToNetincome": -135687000, "changeToAccountReceivables": -592941000, "changeToLiabilities": 996165000, "changeToInventory": -10915000, "changeToOperatingActivities": -49986000, "totalCashFromOperatingActivities": 241354000, "capitalExpenditures": -12821000, "investments": 3989000, "otherCashflowsFromInvestingActivities": 269804000, "totalCashflowsFromInvestingActivities": 835227000, "netBorrowings": -593334000, "otherCashflowsFromFinancingActivities": -315523000, "totalCashFromFinancingActivities": -908857000, "changeInCash": 167724000}, {"maxAge": 1, "endDate": "2019-03-31", "netIncome": -1800704000, "depreciation": 351183000, "changeToNetincome": 778291000, "changeToAccountReceivables": 873989000, "changeToLiabilities": -548977000, "changeToInventory": 577051000, "changeToOperatingActivities": -159641000, "totalCashFromOperatingActivities": 79575000, "capitalExpenditures": -108505000, "investments": 242157000, "otherCashflowsFromInvestingActivities": 218727000, "totalCashflowsFromInvestingActivities": 396728000, "netBorrowings": -266262000, "otherCashflowsFromFinancingActivities": -299541000, "totalCashFromFinancingActivities": -565803000, "changeInCash": -89500000}, {"maxAge": 1, "endDate": "2018-03-31", "netIncome": -417782000, "depreciation": 353196000, "changeToNetincome": 33315000, "changeToAccountReceivables": 12527000, "changeToLiabilities": 171449000, "changeToInventory": 94150000, "changeToOperatingActivities": -130049000, "totalCashFromOperatingActivities": 124669000, "capitalExpenditures": -125270000, "investments": 349561000, "otherCashflowsFromInvestingActivities": 197346000, "totalCashflowsFromInvestingActivities": 487756000, "dividendsPaid": -27840000, "netBorrowings": -167788000, "otherCashflowsFromFinancingActivities": -323419000, "totalCashFromFinancingActivities": -519047000, "changeInCash": 93378000}, {"maxAge": 1, "endDate": "2017-03-31", "netIncome": 41240000, "depreciation": 320239000, "changeToNetincome": -261756000, "changeToAccountReceivables": 308072000, "changeToLiabilities": -119065000, "changeToInventory": -272030000, "changeToOperatingActivities": 859091000, "totalCashFromOperatingActivities": 879319000, "capitalExpenditures": -855717000, "investments": -32470000, "otherCashflowsFromInvestingActivities": 184959000, "totalCashflowsFromInvestingActivities": -726812000, "dividendsPaid": -49432000, "netBorrowings": 198812000, "otherCashflowsFromFinancingActivities": -261515000, "totalCashFromFinancingActivities": -112135000, "changeInCash": 40372000}], "maxAge": 86400}, "institutionOwnership": {"maxAge": 1, "ownershipList": []}, "balanceSheetHistoryQuarterly": {"balanceSheetStatements": [{"maxAge": 1, "endDate": "2020-06-30", "totalStockholderEquity": 2846282000, "netTangibleAssets": 2811648000}, {"maxAge": 1, "endDate": "2020-03-31", "cash": 269726000, "shortTermInvestments": 19908000, "netReceivables": 2898313000, "inventory": 1060569000, "otherCurrentAssets": 418672000, "totalCurrentAssets": 4694527000, "longTermInvestments": 1684533000, "propertyPlantEquipment": 1322158000, "intangibleAssets": 34634000, "otherAssets": 428588000, "deferredLongTermAssetCharges": 122796000, "totalAssets": 8164440000, "accountsPayable": 3139876000, "shortLongTermDebt": 155186000, "otherCurrentLiab": 364562000, "longTermDebt": 623924000, "otherLiab": 100766000, "minorityInterest": 469000, "totalCurrentLiabilities": 4592999000, "totalLiab": 5317689000, "commonStock": 139122000, "retainedEarnings": -1545212000, "treasuryStock": 2507165000, "capitalSurplus": 1745207000, "otherStockholderEquity": 2507165000, "totalStockholderEquity": 2846282000, "netTangibleAssets": 2811648000}, {"maxAge": 1, "endDate": "2019-12-31", "totalStockholderEquity": 4033808000, "netTangibleAssets": 3994610000}, {"maxAge": 1, "endDate": "2019-09-30", "cash": 287351000, "netReceivables": 2691139000, "inventory": 1021269000, "otherCurrentAssets": 1122271000, "totalCurrentAssets": 5122030000, "longTermInvestments": 2947800000, "propertyPlantEquipment": 1275071000, "intangibleAssets": 39198000, "otherAssets": 402879000, "deferredLongTermAssetCharges": 122796000, "totalAssets": 9786978000, "accountsPayable": 2857016000, "shortLongTermDebt": 338720000, "otherCurrentLiab": 572783000, "longTermDebt": 791328000, "otherLiab": 109205000, "minorityInterest": 469000, "totalCurrentLiabilities": 4836477000, "totalLiab": 5752701000, "commonStock": 139122000, "treasuryStock": 3894686000, "otherStockholderEquity": 3894686000, "totalStockholderEquity": 4033808000, "netTangibleAssets": 3994610000}], "maxAge": 86400}, "earningsHistory": {"history": [{"maxAge": 1, "epsActual": {}, "epsEstimate": {}, "epsDifference": {}, "surprisePercent": {}, "quarter": {}, "period": "-4q"}, {"maxAge": 1, "epsActual": {}, "epsEstimate": {}, "epsDifference": {}, "surprisePercent": {}, "quarter": {}, "period": "-3q"}, {"maxAge": 1, "epsActual": {}, "epsEstimate": {}, "epsDifference": {}, "surprisePercent": {}, "quarter": {}, "period": "-2q"}, {"maxAge": 1, "epsActual": {}, "epsEstimate": {}, "epsDifference": {}, "surprisePercent": {}, "quarter": {}, "period": "-1q"}], "maxAge": 86400}, "indexTrend": {"maxAge": 1, "symbol": "SP5", "peRatio": 19.7411, "pegRatio": 1.34172, "estimates": [{"period": "0q", "growth": 0.549}, {"period": "+1q", "growth": 0.431}, {"period": "0y", "growth": 0.305}, {"period": "+1y", "growth": 0.109}, {"period": "+5y", "growth": 0.120859005}, {"period": "-5y"}]}, "industryTrend": {"maxAge": 1, "symbol": null, "estimates": []}, "insiderTransactions": {"transactions": [{"maxAge": 1, "shares": 373787, "filerUrl": "", "transactionText": "", "filerName": "Suremi Trading Pvt Ltd", "filerRelation": "Promoter", "moneyText": "", "startDate": "2020-10-01", "ownership": "D"}, {"maxAge": 1, "shares": 373787, "filerUrl": "", "transactionText": "", "filerName": "Sumil Holdings Pvt Ltd", "filerRelation": "Promoter", "moneyText": "", "startDate": "2020-10-01", "ownership": "D"}, {"maxAge": 1, "shares": 303791, "filerUrl": "", "transactionText": "", "filerName": "Sumil Holdings Pvt Ltd", "filerRelation": "Promoter", "moneyText": "", "startDate": "2020-09-30", "ownership": "D"}, {"maxAge": 1, "shares": 2269, "filerUrl": "", "transactionText": "", "filerName": "Sushripada Investments Pvt Ltd", "filerRelation": "Promoter", "moneyText": "", "startDate": "2020-09-29", "ownership": "D"}, {"maxAge": 1, "shares": 2269, "filerUrl": "", "transactionText": "", "filerName": "Mafatlal (Priyavrata Hrishikesh)", "filerRelation": "Promoter", "moneyText": "", "startDate": "2020-09-29", "ownership": "D"}, {"maxAge": 1, "shares": 503104, "filerUrl": "", "transactionText": "", "filerName": "Hrishikesh A. Mafatlal Family Trust No. 1", "filerRelation": "Institution- Corporation", "moneyText": "", "startDate": "2020-03-17", "ownership": "D"}, {"maxAge": 1, "shares": 503104, "filerUrl": "", "transactionText": "", "filerName": "Mafatlal (Rekha Hrishikesh)", "filerRelation": "Promoter", "moneyText": "", "startDate": "2020-03-17", "ownership": "D"}, {"maxAge": 1, "shares": 2415469, "filerUrl": "", "transactionText": "", "filerName": "Suremi Trading Pvt Ltd", "filerRelation": "Promoter", "moneyText": "", "startDate": "2020-03-06", "ownership": "D"}, {"maxAge": 1, "shares": 677578, "filerUrl": "", "transactionText": "", "filerName": "Sumil Holdings Pvt Ltd", "filerRelation": "Promoter", "moneyText": "", "startDate": "2020-03-06", "ownership": "D"}, {"maxAge": 1, "shares": 3118316, "filerUrl": "", "transactionText": "", "filerName": "Sumil Holdings Pvt Ltd", "filerRelation": "Promoter", "moneyText": "", "startDate": "2019-12-14", "ownership": "D"}, {"maxAge": 1, "shares": 3118316, "filerUrl": "", "transactionText": "", "filerName": "Suremi Trading Pvt Ltd", "filerRelation": "Promoter", "moneyText": "", "startDate": "2019-12-14", "ownership": "D"}, {"maxAge": 1, "shares": 25259, "filerUrl": "", "transactionText": "", "filerName": "Arvi Associates Pvt Ltd", "filerRelation": "Promoter", "moneyText": "", "startDate": "2019-11-29", "ownership": "D"}, {"maxAge": 1, "shares": 10, "filerUrl": "", "transactionText": "", "filerName": "Shamir Texchem Pvt Ltd", "filerRelation": "Promoter", "moneyText": "", "startDate": "2019-11-29", "ownership": "D"}, {"maxAge": 1, "shares": 25269, "filerUrl": "", "transactionText": "", "filerName": "Suremi Trading Pvt Ltd", "filerRelation": "Promoter", "moneyText": "", "startDate": "2019-11-29", "ownership": "D"}, {"maxAge": 1, "shares": 0, "filerUrl": "", "transactionText": "", "filerName": "Suremi Trading Pvt Ltd", "filerRelation": "Promoter", "moneyText": "", "startDate": "2019-09-27", "ownership": "I"}, {"maxAge": 1, "shares": 100, "filerUrl": "", "transactionText": "", "filerName": "Karuna Trust", "filerRelation": "UNREPORTED", "moneyText": "", "startDate": "2019-06-19", "ownership": "D"}, {"maxAge": 1, "shares": 100, "filerUrl": "", "transactionText": "", "filerName": "Shrija Trust", "filerRelation": "UNREPORTED", "moneyText": "", "startDate": "2019-06-19", "ownership": "D"}, {"maxAge": 1, "shares": 100, "filerUrl": "", "transactionText": "", "filerName": "Gurukripa Trust", "filerRelation": "UNREPORTED", "moneyText": "", "startDate": "2019-06-19", "ownership": "D"}, {"maxAge": 1, "shares": 100, "filerUrl": "", "transactionText": "", "filerName": "Radha Raman Trust", "filerRelation": "UNREPORTED", "moneyText": "", "startDate": "2019-06-19", "ownership": "D"}, {"maxAge": 1, "shares": 100, "filerUrl": "", "transactionText": "", "filerName": "Narsingha Trust", "filerRelation": "UNREPORTED", "moneyText": "", "startDate": "2019-06-19", "ownership": "D"}, {"maxAge": 1, "shares": 23631, "filerUrl": "", "transactionText": "", "filerName": "Vishad Padmanabh Mafatlal Public Charitable Trust No.1", "filerRelation": "UNREPORTED", "moneyText": "", "startDate": "2019-06-14", "ownership": "D"}], "maxAge": 1}, "quoteType": {"exchange": "BSE", "quoteType": "EQUITY", "symbol": "MAFATIND.BO", "underlyingSymbol": "MAFATIND.BO", "shortName": "MAFATLAL INDUSTRIES LTD.", "longName": "Mafatlal Industries Limited", "firstTradeDateEpochUtc": "2002-07-01 09:15:00", "timeZoneFullName": "Asia/Kolkata", "timeZoneShortName": "IST", "uuid": "d025eb4e-4ce7-3cb5-8e2f-c4c98d6e4b83", "messageBoardId": null, "gmtOffSetMilliseconds": 19800000, "maxAge": 1}, "incomeStatementHistory": {"incomeStatementHistory": [{"maxAge": 1, "endDate": "2020-03-31", "totalRevenue": 10055294000, "costOfRevenue": 7866254000, "grossProfit": 2189040000, "researchDevelopment": {}, "sellingGeneralAdministrative": 890099000, "nonRecurring": {}, "otherOperatingExpenses": 1241247000, "totalOperatingExpenses": 10169398000, "operatingIncome": -114104000, "totalOtherIncomeExpenseNet": -19489000, "ebit": -114104000, "interestExpense": -314329000, "incomeBeforeTax": -133593000, "incomeTaxExpense": 3487000, "minorityInterest": 469000, "netIncomeFromContinuingOps": -137080000, "discontinuedOperations": {}, "extraordinaryItems": {}, "effectOfAccountingCharges": {}, "otherItems": {}, "netIncome": -137080000, "netIncomeApplicableToCommonShares": -137080000}, {"maxAge": 1, "endDate": "2019-03-31", "totalRevenue": 10238536000, "costOfRevenue": 7426963000, "grossProfit": 2811573000, "researchDevelopment": {}, "sellingGeneralAdministrative": 1236396000, "nonRecurring": {}, "otherOperatingExpenses": 2051558000, "totalOperatingExpenses": 11074483000, "operatingIncome": -835947000, "totalOtherIncomeExpenseNet": -964757000, "ebit": -835947000, "interestExpense": -301886000, "incomeBeforeTax": -1800704000, "incomeTaxExpense": 0, "minorityInterest": 469000, "netIncomeFromContinuingOps": -1800704000, "discontinuedOperations": {}, "extraordinaryItems": {}, "effectOfAccountingCharges": {}, "otherItems": {}, "netIncome": -1800704000, "netIncomeApplicableToCommonShares": -1800704000}, {"maxAge": 1, "endDate": "2018-03-31", "totalRevenue": 11677359000, "costOfRevenue": 7896736000, "grossProfit": 3780623000, "researchDevelopment": {}, "sellingGeneralAdministrative": 1380340000, "nonRecurring": {}, "otherOperatingExpenses": 2334088000, "totalOperatingExpenses": 11972223000, "operatingIncome": -294864000, "totalOtherIncomeExpenseNet": -124618000, "ebit": -294864000, "interestExpense": -308936000, "incomeBeforeTax": -419482000, "incomeTaxExpense": -1700000, "minorityInterest": 469000, "netIncomeFromContinuingOps": -417782000, "discontinuedOperations": {}, "extraordinaryItems": {}, "effectOfAccountingCharges": {}, "otherItems": {}, "netIncome": -417782000, "netIncomeApplicableToCommonShares": -417782000}, {"maxAge": 1, "endDate": "2017-03-31", "totalRevenue": 12383217000, "costOfRevenue": 8340868000, "grossProfit": 4042349000, "researchDevelopment": {}, "sellingGeneralAdministrative": 1312789000, "nonRecurring": {}, "otherOperatingExpenses": 2432695000, "totalOperatingExpenses": 12410119000, "operatingIncome": -26902000, "totalOtherIncomeExpenseNet": 21838000, "ebit": -26902000, "interestExpense": -257522000, "incomeBeforeTax": -5064000, "incomeTaxExpense": -46304000, "minorityInterest": 469000, "netIncomeFromContinuingOps": 41240000, "discontinuedOperations": {}, "extraordinaryItems": {}, "effectOfAccountingCharges": {}, "otherItems": {}, "netIncome": 41240000, "netIncomeApplicableToCommonShares": 41240000}], "maxAge": 86400}, "fundOwnership": {"maxAge": 1, "ownershipList": []}, "summaryDetail": {"maxAge": 1, "priceHint": 2, "previousClose": 84.15, "open": 89.85, "dayLow": 83.1, "dayHigh": 89.85, "regularMarketPreviousClose": 84.15, "regularMarketOpen": 89.85, "regularMarketDayLow": 83.1, "regularMarketDayHigh": 89.85, "forwardPE": 3.556338, "volume": 3337, "regularMarketVolume": 3337, "averageVolume": 7547, "averageVolume10days": 4697, "averageDailyVolume10Day": 4697, "bid": 85.85, "ask": 0.0, "bidSize": 0, "askSize": 0, "marketCap": 1194422400, "fiftyTwoWeekLow": 51.2, "fiftyTwoWeekHigh": 133.75, "fiftyDayAverage": 105.112854, "twoHundredDayAverage": 93.83613, "trailingAnnualDividendRate": 2.0, "trailingAnnualDividendYield": 0.023767082, "currency": "INR", "fromCurrency": null, "toCurrency": null, "lastMarket": null, "algorithm": null, "tradeable": false}, "sectorTrend": {"maxAge": 1, "symbol": null, "estimates": []}, "incomeStatementHistoryQuarterly": {"incomeStatementHistory": [{"maxAge": 1, "endDate": "2020-06-30", "totalRevenue": 408389000, "costOfRevenue": 352158000, "grossProfit": 56231000, "researchDevelopment": {}, "sellingGeneralAdministrative": 138578000, "nonRecurring": {}, "otherOperatingExpenses": 95278000, "totalOperatingExpenses": 631218000, "operatingIncome": -222829000, "totalOtherIncomeExpenseNet": -153061000, "ebit": -222829000, "interestExpense": -54670000, "incomeBeforeTax": -375890000, "incomeTaxExpense": 0, "minorityInterest": {}, "netIncomeFromContinuingOps": -375890000, "discontinuedOperations": {}, "extraordinaryItems": {}, "effectOfAccountingCharges": {}, "otherItems": {}, "netIncome": -375890000, "netIncomeApplicableToCommonShares": -375890000}, {"maxAge": 1, "endDate": "2020-03-31", "totalRevenue": 2087920000, "costOfRevenue": 1629419000, "grossProfit": 458501000, "researchDevelopment": {}, "sellingGeneralAdministrative": 203206000, "nonRecurring": {}, "otherOperatingExpenses": 158802000, "totalOperatingExpenses": 2036774000, "operatingIncome": 51146000, "totalOtherIncomeExpenseNet": -88389000, "ebit": 51146000, "interestExpense": -66687000, "incomeBeforeTax": -37243000, "incomeTaxExpense": 3487000, "minorityInterest": 469000, "netIncomeFromContinuingOps": -40730000, "discontinuedOperations": {}, "extraordinaryItems": {}, "effectOfAccountingCharges": {}, "otherItems": {}, "netIncome": -40730000, "netIncomeApplicableToCommonShares": -40730000}, {"maxAge": 1, "endDate": "2019-12-31", "totalRevenue": 2445380000, "costOfRevenue": 1910490000, "grossProfit": 534890000, "researchDevelopment": {}, "sellingGeneralAdministrative": 213010000, "nonRecurring": {}, "otherOperatingExpenses": 376210000, "totalOperatingExpenses": 2542790000, "operatingIncome": -97410000, "totalOtherIncomeExpenseNet": 150610000, "ebit": -97410000, "interestExpense": -78900000, "incomeBeforeTax": 53200000, "incomeTaxExpense": 0, "minorityInterest": 469000, "netIncomeFromContinuingOps": 53200000, "discontinuedOperations": {}, "extraordinaryItems": {}, "effectOfAccountingCharges": {}, "otherItems": {}, "netIncome": 53200000, "netIncomeApplicableToCommonShares": 53200000}, {"maxAge": 1, "endDate": "2019-09-30", "totalRevenue": 2801001000, "costOfRevenue": 2255675000, "grossProfit": 545326000, "researchDevelopment": {}, "sellingGeneralAdministrative": 224585000, "nonRecurring": {}, "otherOperatingExpenses": 330472000, "totalOperatingExpenses": 2852619000, "operatingIncome": -51618000, "totalOtherIncomeExpenseNet": -45909000, "ebit": -51618000, "interestExpense": -85857000, "incomeBeforeTax": -97527000, "incomeTaxExpense": 0, "minorityInterest": 469000, "netIncomeFromContinuingOps": -97527000, "discontinuedOperations": {}, "extraordinaryItems": {}, "effectOfAccountingCharges": {}, "otherItems": {}, "netIncome": -97527000, "netIncomeApplicableToCommonShares": -97527000}], "maxAge": 86400}, "cashflowStatementHistoryQuarterly": {"cashflowStatements": [{"maxAge": 1, "endDate": "2020-06-30", "netIncome": -375890000, "changeToLiabilities": 0}, {"maxAge": 1, "endDate": "2020-03-31", "netIncome": -40730000, "changeToLiabilities": 0}, {"maxAge": 1, "endDate": "2019-12-31", "netIncome": 53200000, "changeToLiabilities": 0}, {"maxAge": 1, "endDate": "2019-09-30", "netIncome": -97527000, "changeToLiabilities": 0}], "maxAge": 86400}, "insiderHolders": {"holders": [{"maxAge": 1, "name": "Arvi Associates Pvt Ltd", "relation": "Promoter", "url": "", "transactionDescription": "Sale", "latestTransDate": "2019-11-29", "positionDirect": 0, "positionDirectDate": "2019-11-29"}, {"maxAge": 1, "name": "Hrishikesh A. Mafatlal Family Trust No. 1", "relation": "Institution- Corporation", "url": "", "transactionDescription": "Sale", "latestTransDate": "2020-03-17", "positionDirect": 0, "positionDirectDate": "2020-03-17"}, {"maxAge": 1, "name": "Karuna Trust", "relation": "UNREPORTED", "url": "", "transactionDescription": "Acquisition", "latestTransDate": "2019-06-19", "positionDirect": 100, "positionDirectDate": "2019-06-19"}, {"maxAge": 1, "name": "Mafatlal (Priyavrata Hrishikesh)", "relation": "Promoter", "url": "", "transactionDescription": "Acquisition", "latestTransDate": "2020-09-29", "positionDirect": 560991, "positionDirectDate": "2020-09-29"}, {"maxAge": 1, "name": "Mafatlal (Rekha Hrishikesh)", "relation": "Promoter", "url": "", "transactionDescription": "Purchase", "latestTransDate": "2020-03-17", "positionDirect": 1307387, "positionDirectDate": "2020-03-17"}, {"maxAge": 1, "name": "Shamir Texchem Pvt Ltd", "relation": "Promoter", "url": "", "transactionDescription": "Sale", "latestTransDate": "2019-11-29", "positionDirect": 0, "positionDirectDate": "2019-11-29"}, {"maxAge": 1, "name": "Shrija Trust", "relation": "UNREPORTED", "url": "", "transactionDescription": "Acquisition", "latestTransDate": "2019-06-19", "positionDirect": 100, "positionDirectDate": "2019-06-19"}, {"maxAge": 1, "name": "Sumil Holdings Pvt Ltd", "relation": "Promoter", "url": "", "transactionDescription": "Other", "latestTransDate": "2020-10-01", "positionDirect": 3118326, "positionDirectDate": "2020-10-01"}, {"maxAge": 1, "name": "Suremi Trading Pvt Ltd", "relation": "Promoter", "url": "", "transactionDescription": "Other", "latestTransDate": "2020-10-01", "positionDirect": 0, "positionDirectDate": "2020-10-01"}, {"maxAge": 1, "name": "Sushripada Investments Pvt Ltd", "relation": "Promoter", "url": "", "transactionDescription": "Sale", "latestTransDate": "2020-09-29", "positionDirect": 0, "positionDirectDate": "2020-09-29"}], "maxAge": 1}, "earnings": {"maxAge": 86400, "earningsChart": {"quarterly": [], "earningsDate": []}, "financialsChart": {"yearly": [{"date": 2017, "revenue": 12383217000, "earnings": 41240000}, {"date": 2018, "revenue": 11677359000, "earnings": -417782000}, {"date": 2019, "revenue": 10238536000, "earnings": -1800704000}, {"date": 2020, "revenue": 10055294000, "earnings": -137080000}], "quarterly": [{"date": "3Q2019", "revenue": 2801001000, "earnings": -97527000}, {"date": "4Q2019", "revenue": 2445380000, "earnings": 53200000}, {"date": "1Q2020", "revenue": 2087920000, "earnings": -40730000}, {"date": "2Q2020", "revenue": 408389000, "earnings": -375890000}]}, "financialCurrency": "INR"}, "calendarEvents": {"maxAge": 1, "earnings": {"earningsDate": [], "revenueLow": 12263500000, "revenueHigh": 12263500000}}, "price": {"maxAge": 1, "regularMarketChangePercent": 0.020201983, "regularMarketChange": 1.699997, "regularMarketTime": "2021-04-30 15:48:02", "priceHint": 2, "regularMarketPrice": 85.85, "regularMarketDayHigh": 89.85, "regularMarketDayLow": 83.1, "regularMarketVolume": 3337, "averageDailyVolume10Day": 4697, "averageDailyVolume3Month": 7547, "regularMarketPreviousClose": 84.15, "regularMarketSource": "FREE_REALTIME", "regularMarketOpen": 89.85, "exchange": "BSE", "exchangeName": "BSE", "exchangeDataDelayedBy": 0, "marketState": "CLOSED", "quoteType": "EQUITY", "symbol": "MAFATIND.BO", "underlyingSymbol": null, "shortName": "MAFATLAL INDUSTRIES LTD.", "longName": "Mafatlal Industries Limited", "currency": "INR", "quoteSourceName": "Delayed Quote", "currencySymbol": "\u20b9", "fromCurrency": null, "toCurrency": null, "lastMarket": null, "marketCap": 1194422400}, "balanceSheetHistory": {"balanceSheetStatements": [{"maxAge": 1, "endDate": "2020-03-31", "cash": 269726000, "shortTermInvestments": 19908000, "netReceivables": 2898313000, "inventory": 1060569000, "otherCurrentAssets": 418672000, "totalCurrentAssets": 4694527000, "longTermInvestments": 1684533000, "propertyPlantEquipment": 1322158000, "intangibleAssets": 34634000, "otherAssets": 428588000, "deferredLongTermAssetCharges": 122796000, "totalAssets": 8164440000, "accountsPayable": 3139876000, "shortLongTermDebt": 155186000, "otherCurrentLiab": 364562000, "longTermDebt": 623924000, "otherLiab": 100766000, "minorityInterest": 469000, "totalCurrentLiabilities": 4592999000, "totalLiab": 5317689000, "commonStock": 139122000, "retainedEarnings": -1545212000, "treasuryStock": 2507165000, "capitalSurplus": 1745207000, "otherStockholderEquity": 2507165000, "totalStockholderEquity": 2846282000, "netTangibleAssets": 2811648000}, {"maxAge": 1, "endDate": "2019-03-31", "cash": 102002000, "shortTermInvestments": 17074000, "netReceivables": 2313078000, "inventory": 1049654000, "otherCurrentAssets": 947537000, "totalCurrentAssets": 4455321000, "longTermInvestments": 3744158000, "propertyPlantEquipment": 1321021000, "intangibleAssets": 42413000, "otherAssets": 496080000, "deferredLongTermAssetCharges": 122796000, "totalAssets": 10058993000, "accountsPayable": 2148368000, "shortLongTermDebt": 267575000, "otherCurrentLiab": 280599000, "longTermDebt": 563374000, "otherLiab": 113995000, "minorityInterest": 469000, "totalCurrentLiabilities": 4310564000, "totalLiab": 4987933000, "commonStock": 139122000, "retainedEarnings": -1379107000, "treasuryStock": 4565369000, "capitalSurplus": 1745207000, "otherStockholderEquity": 4565369000, "totalStockholderEquity": 5070591000, "netTangibleAssets": 5028178000}, {"maxAge": 1, "endDate": "2018-03-31", "cash": 191502000, "shortTermInvestments": 100389000, "netReceivables": 3118383000, "inventory": 1626705000, "otherCurrentAssets": 172205000, "totalCurrentAssets": 5247673000, "longTermInvestments": 5020989000, "propertyPlantEquipment": 2975365000, "intangibleAssets": 44084000, "otherAssets": 628177000, "deferredLongTermAssetCharges": 122796000, "totalAssets": 13916288000, "accountsPayable": 2697370000, "shortLongTermDebt": 238039000, "otherCurrentLiab": 315561000, "longTermDebt": 803353000, "otherLiab": 318307000, "minorityInterest": 469000, "totalCurrentLiabilities": 4809420000, "totalLiab": 5931080000, "commonStock": 139122000, "retainedEarnings": 436622000, "treasuryStock": 5663788000, "capitalSurplus": 1745207000, "otherStockholderEquity": 5663788000, "totalStockholderEquity": 7984739000, "netTangibleAssets": 7940655000}, {"maxAge": 1, "endDate": "2017-03-31", "cash": 98124000, "shortTermInvestments": 5280000, "netReceivables": 3068121000, "inventory": 1720855000, "otherCurrentAssets": 255708000, "totalCurrentAssets": 5535055000, "longTermInvestments": 2483273000, "propertyPlantEquipment": 3186248000, "intangibleAssets": 44702000, "otherAssets": 732623000, "deferredLongTermAssetCharges": 122796000, "totalAssets": 11981901000, "accountsPayable": 2525921000, "shortLongTermDebt": 364211000, "otherCurrentLiab": 435485000, "longTermDebt": 965013000, "otherLiab": 352358000, "minorityInterest": 469000, "totalCurrentLiabilities": 4768251000, "totalLiab": 6085622000, "commonStock": 139122000, "retainedEarnings": 884640000, "treasuryStock": 3126841000, "capitalSurplus": 1745207000, "otherStockholderEquity": 3126841000, "totalStockholderEquity": 5895810000, "netTangibleAssets": 5851108000}], "maxAge": 86400}, "earningsTrend": {"trend": [{"maxAge": 1, "period": "0q", "endDate": "2016-12-31", "growth": {}, "earningsEstimate": {"avg": 0.0, "low": 0.0, "high": 0.0, "yearAgoEps": {}, "numberOfAnalysts": 0, "growth": {}}, "revenueEstimate": {"avg": 0, "low": 12263500000, "high": 12263500000, "numberOfAnalysts": 1, "yearAgoRevenue": {}, "growth": {}}, "epsTrend": {"current": 0.0, "7daysAgo": 5.58, "30daysAgo": 5.58, "60daysAgo": 5.58, "90daysAgo": 5.58}, "epsRevisions": {"upLast7days": 0, "upLast30days": 0, "downLast30days": 0, "downLast90days": {}}}, {"maxAge": 1, "period": "+1q", "endDate": "2017-03-31", "growth": {}, "earningsEstimate": {"avg": 0.0, "low": 0.0, "high": 0.0, "yearAgoEps": {}, "numberOfAnalysts": 0, "growth": {}}, "revenueEstimate": {"avg": 0, "low": 12263500000, "high": 12263500000, "numberOfAnalysts": 1, "yearAgoRevenue": {}, "growth": {}}, "epsTrend": {"current": 0.0, "7daysAgo": 0.0, "30daysAgo": 0.0, "60daysAgo": 0.0, "90daysAgo": 0.0}, "epsRevisions": {"upLast7days": 0, "upLast30days": 0, "downLast30days": 0, "downLast90days": {}}}, {"maxAge": 1, "period": "0y", "endDate": "2016-03-31", "growth": {}, "earningsEstimate": {"avg": 0.0, "low": 0.0, "high": 0.0, "yearAgoEps": {}, "numberOfAnalysts": 0, "growth": {}}, "revenueEstimate": {"avg": 0, "low": 12263500000, "high": 12263500000, "numberOfAnalysts": 1, "yearAgoRevenue": {}, "growth": {}}, "epsTrend": {"current": 0.0, "7daysAgo": 12.47, "30daysAgo": 12.47, "60daysAgo": 12.47, "90daysAgo": 12.47}, "epsRevisions": {"upLast7days": 0, "upLast30days": 0, "downLast30days": 0, "downLast90days": {}}}, {"maxAge": 1, "period": "+1y", "endDate": "2017-03-31", "growth": {}, "earningsEstimate": {"avg": 0.0, "low": 0.0, "high": 0.0, "yearAgoEps": {}, "numberOfAnalysts": 0, "growth": {}}, "revenueEstimate": {"avg": 12702200000, "low": 14554000000, "high": 14554000000, "numberOfAnalysts": 1, "yearAgoRevenue": {}, "growth": {}}, "epsTrend": {"current": 0.0, "7daysAgo": 24.14, "30daysAgo": 24.14, "60daysAgo": 24.14, "90daysAgo": 24.14}, "epsRevisions": {"upLast7days": 0, "upLast30days": 0, "downLast30days": 0, "downLast90days": {}}}, {"maxAge": 1, "period": "+5y", "endDate": null, "growth": {}, "earningsEstimate": {"avg": {}, "low": {}, "high": {}, "yearAgoEps": {}, "numberOfAnalysts": {}, "growth": {}}, "revenueEstimate": {"avg": {}, "low": {}, "high": {}, "numberOfAnalysts": {}, "yearAgoRevenue": {}, "growth": {}}, "epsTrend": {"current": {}, "7daysAgo": {}, "30daysAgo": {}, "60daysAgo": {}, "90daysAgo": {}}, "epsRevisions": {"upLast7days": {}, "upLast30days": {}, "downLast30days": {}, "downLast90days": {}}}, {"maxAge": 1, "period": "-5y", "endDate": null, "growth": 0.25787002, "earningsEstimate": {"avg": {}, "low": {}, "high": {}, "yearAgoEps": {}, "numberOfAnalysts": {}, "growth": {}}, "revenueEstimate": {"avg": {}, "low": {}, "high": {}, "numberOfAnalysts": {}, "yearAgoRevenue": {}, "growth": {}}, "epsTrend": {"current": {}, "7daysAgo": {}, "30daysAgo": {}, "60daysAgo": {}, "90daysAgo": {}}, "epsRevisions": {"upLast7days": {}, "upLast30days": {}, "downLast30days": {}, "downLast90days": {}}}], "maxAge": 1}, "financialData": {"maxAge": 86400, "currentPrice": 85.85, "targetHighPrice": 265.0, "targetLowPrice": 265.0, "targetMeanPrice": 265.0, "targetMedianPrice": 265.0, "recommendationMean": 2.0, "recommendationKey": "buy", "numberOfAnalystOpinions": 1, "grossProfits": 2189040000, "financialCurrency": "INR"}}}