{"MAGADSUGAR.NS": {"assetProfile": {"address1": "Birla Building", "address2": "5th Floor 9/1, R.N. Mukherjee Road", "city": "Kolkata", "zip": "700001", "country": "India", "phone": "91 33 2243 0497", "fax": "91 33 2248 6369", "website": "http://www.birla-sugar.com/Our-Companies/About-Us-MAGADH-SUGAR-AND-ENERGY-LIMITED", "industry": "Confectioners", "sector": "Consumer Defensive", "longBusinessSummary": "Magadh Sugar & Energy Limited manufactures and sells of sugar, molasses, and bagasse in India. The company operates through three segments: Sugar, Distillery, and Co-Generation. It also manufactures and sells industrial spirits, including ethanol, as well as fusel oil and bio-compost products; and generates and transmits power. The company was incorporated in 2015 and is headquartered in Kolkata, India.", "fullTimeEmployees": 1173, "companyOfficers": [{"maxAge": 1, "name": "Mr. Chandra  Mohan", "age": 60, "title": "Exec. Pres of Narkatiaganj & Whole Time Director", "yearBorn": 1960, "fiscalYear": 2020, "totalPay": 9710000, "exercisedValue": 0, "unexercisedValue": 0}, {"maxAge": 1, "name": "Mr. Chand Bihari Patodia", "age": 72, "title": "Group Pres", "yearBorn": 1948, "exercisedValue": 0, "unexercisedValue": 0}, {"maxAge": 1, "name": "Mr. Sunil  Choraria", "age": 48, "title": "Chief Financial Officer", "yearBorn": 1972, "fiscalYear": 2020, "totalPay": 2412614, "exercisedValue": 0, "unexercisedValue": 0}, {"maxAge": 1, "name": "Mr. Om Prakash Singh", "age": 56, "title": "Exec. VP of Technical", "yearBorn": 1964, "exercisedValue": 0, "unexercisedValue": 0}, {"maxAge": 1, "name": "Mr. Subramanian  Sathyamurthy", "age": 54, "title": "Company Sec. & Compliance Officer", "yearBorn": 1966, "fiscalYear": 2020, "totalPay": 2423050, "exercisedValue": 0, "unexercisedValue": 0}, {"maxAge": 1, "name": "Mr. Brij Mohan Agarwal", "age": 50, "title": "Pres of Sales", "yearBorn": 1970, "exercisedValue": 0, "unexercisedValue": 0}, {"maxAge": 1, "name": "Mr. Mehtab  Singh", "age": 54, "title": "Exec. Pres of Hasanpur", "yearBorn": 1966, "exercisedValue": 0, "unexercisedValue": 0}, {"maxAge": 1, "name": "Mr. Manoj Kumar Singh", "age": 51, "title": "Exec. VP", "yearBorn": 1969, "exercisedValue": 0, "unexercisedValue": 0}, {"maxAge": 1, "name": "Mr. Manoj  Prasad", "age": 50, "title": "VP of Fin.", "yearBorn": 1970, "exercisedValue": 0, "unexercisedValue": 0}, {"maxAge": 1, "name": "Dr. R. N. Tripathi", "age": 56, "title": "Sr. Exec. VP of Sidhwalia", "yearBorn": 1964, "exercisedValue": 0, "unexercisedValue": 0}], "compensationAsOfEpochDate": "2020-12-31 05:30:00", "maxAge": 86400}, "cashflowStatementHistory": {"cashflowStatements": [{"maxAge": 1, "endDate": "2020-03-31", "netIncome": 830391000, "depreciation": 180735000, "changeToNetincome": 555990000, "changeToAccountReceivables": 115556000, "changeToLiabilities": -343625000, "changeToInventory": -1189845000, "changeToOperatingActivities": -314888000, "totalCashFromOperatingActivities": -165332000, "capitalExpenditures": -364181000, "otherCashflowsFromInvestingActivities": 2943000, "totalCashflowsFromInvestingActivities": -360744000, "dividendsPaid": -20131000, "netBorrowings": 1023308000, "otherCashflowsFromFinancingActivities": -475537000, "totalCashFromFinancingActivities": 527640000, "changeInCash": 1564000}, {"maxAge": 1, "endDate": "2019-03-31", "netIncome": 342154000, "depreciation": 178601000, "changeToNetincome": 464852000, "changeToAccountReceivables": -85721000, "changeToLiabilities": 1783535000, "changeToInventory": -1969730000, "changeToOperatingActivities": -308712000, "totalCashFromOperatingActivities": 405346000, "capitalExpenditures": -273624000, "otherCashflowsFromInvestingActivities": 4896000, "totalCashflowsFromInvestingActivities": -238815000, "dividendsPaid": -10065000, "netBorrowings": 189422000, "otherCashflowsFromFinancingActivities": -348284000, "totalCashFromFinancingActivities": -168927000, "changeInCash": -2396000}, {"maxAge": 1, "endDate": "2018-03-31", "netIncome": 249114000, "depreciation": 186601000, "changeToNetincome": 41061000, "changeToAccountReceivables": -75682000, "changeToLiabilities": 655214000, "changeToInventory": -274634000, "changeToOperatingActivities": -573390000, "totalCashFromOperatingActivities": 209192000, "capitalExpenditures": -249201000, "otherCashflowsFromInvestingActivities": 7122000, "totalCashflowsFromInvestingActivities": -242342000, "dividendsPaid": -72416000, "netBorrowings": 702718000, "otherCashflowsFromFinancingActivities": -489158000, "totalCashFromFinancingActivities": 26144000, "changeInCash": -7006000}, {"maxAge": 1, "endDate": "2017-03-31", "netIncome": 578442000, "depreciation": 197001000, "changeToNetincome": 834938000, "changeToAccountReceivables": 3427000, "changeToLiabilities": -315028000, "changeToInventory": -496092000, "changeToOperatingActivities": 85382000, "totalCashFromOperatingActivities": 890108000, "capitalExpenditures": -150178000, "otherCashflowsFromInvestingActivities": 3304000, "totalCashflowsFromInvestingActivities": -134881000, "dividendsPaid": -72416000, "netBorrowings": -363902000, "otherCashflowsFromFinancingActivities": -390065000, "totalCashFromFinancingActivities": -753967000, "changeInCash": 1260000}], "maxAge": 86400}, "institutionOwnership": {"ownershipList": [], "maxAge": 1}, "majorHoldersBreakdown": {"maxAge": 1, "insidersPercentHeld": 0.71659, "institutionsPercentHeld": 0.0, "institutionsFloatPercentHeld": 0.0, "institutionsCount": 0}, "balanceSheetHistoryQuarterly": {"balanceSheetStatements": [{"maxAge": 1, "endDate": "2020-12-31", "totalStockholderEquity": 5212882000, "netTangibleAssets": 5211035000}, {"maxAge": 1, "endDate": "2020-09-30", "cash": 5684000, "shortTermInvestments": 3358000, "netReceivables": 63121000, "inventory": 4787973000, "otherCurrentAssets": 895021000, "totalCurrentAssets": 5755157000, "longTermInvestments": 268000, "propertyPlantEquipment": 6881857000, "intangibleAssets": 1847000, "otherAssets": 50844000, "totalAssets": 12689973000, "accountsPayable": 275910000, "otherCurrentLiab": 577333000, "longTermDebt": 1021959000, "otherLiab": 201388000, "totalCurrentLiabilities": 6241054000, "totalLiab": 7477091000, "commonStock": 140916000, "treasuryStock": 5071966000, "otherStockholderEquity": 5071966000, "totalStockholderEquity": 5212882000, "netTangibleAssets": 5211035000}, {"maxAge": 1, "endDate": "2020-06-30", "totalStockholderEquity": 5363148000, "netTangibleAssets": 5361626000}, {"maxAge": 1, "endDate": "2020-03-31", "cash": 6679000, "netReceivables": 834860000, "inventory": 7707732000, "otherCurrentAssets": 91356000, "totalCurrentAssets": 8644227000, "propertyPlantEquipment": 6769461000, "intangibleAssets": 1522000, "otherAssets": 27925000, "totalAssets": 15443135000, "accountsPayable": 3132141000, "shortLongTermDebt": 310504000, "otherCurrentLiab": 153030000, "longTermDebt": 1213077000, "otherLiab": 245355000, "totalCurrentLiabilities": 8610920000, "totalLiab": 10079987000, "commonStock": 140916000, "retainedEarnings": 1457718000, "treasuryStock": 3764514000, "otherStockholderEquity": 3764514000, "totalStockholderEquity": 5363148000, "netTangibleAssets": 5361626000}], "maxAge": 86400}, "indexTrend": {"maxAge": 1, "symbol": "SP5", "peRatio": 19.7411, "pegRatio": 1.34172, "estimates": [{"period": "0q", "growth": 0.549}, {"period": "+1q", "growth": 0.431}, {"period": "0y", "growth": 0.305}, {"period": "+1y", "growth": 0.109}, {"period": "+5y", "growth": 0.120865}, {"period": "-5y"}]}, "defaultKeyStatistics": {"maxAge": 1, "priceHint": 2, "enterpriseValue": 8784380928, "profitMargins": 0.06499, "floatShares": 3349787, "sharesOutstanding": 14091600, "heldPercentInsiders": 0.71659, "heldPercentInstitutions": 0.0, "beta": 0.812313, "category": null, "bookValue": 369.909, "priceToBook": 0.4548416, "fundFamily": null, "legalType": null, "lastFiscalYearEnd": "2020-03-31 05:30:00", "nextFiscalYearEnd": "2022-03-31 05:30:00", "mostRecentQuarter": "2020-12-31 05:30:00", "earningsQuarterlyGrowth": -0.296, "netIncomeToCommon": 596230016, "trailingEps": 42.312, "lastSplitFactor": "14:10", "lastSplitDate": "2019-06-27 05:30:00", "enterpriseToRevenue": 0.958, "enterpriseToEbitda": 7.037}, "summaryProfile": {"address1": "Birla Building", "address2": "5th Floor 9/1, R.N. Mukherjee Road", "city": "Kolkata", "zip": "700001", "country": "India", "phone": "91 33 2243 0497", "fax": "91 33 2248 6369", "website": "http://www.birla-sugar.com/Our-Companies/About-Us-MAGADH-SUGAR-AND-ENERGY-LIMITED", "industry": "Confectioners", "sector": "Consumer Defensive", "longBusinessSummary": "Magadh Sugar & Energy Limited manufactures and sells of sugar, molasses, and bagasse in India. The company operates through three segments: Sugar, Distillery, and Co-Generation. It also manufactures and sells industrial spirits, including ethanol, as well as fusel oil and bio-compost products; and generates and transmits power. The company was incorporated in 2015 and is headquartered in Kolkata, India.", "fullTimeEmployees": 1173, "companyOfficers": [], "maxAge": 86400}, "netSharePurchaseActivity": {"maxAge": 1, "period": "6m", "buyInfoCount": 0, "buyInfoShares": 0, "sellInfoCount": 0, "netInfoCount": 0, "netInfoShares": 0, "netPercentInsiderShares": 0.0, "totalInsiderShares": 10098119}, "insiderTransactions": {"transactions": [{"maxAge": 1, "shares": 700000, "filerUrl": "", "transactionText": "", "filerName": "Nopany (Chandra Shekhar)", "filerRelation": "Promoter", "moneyText": "", "startDate": "2019-11-13", "ownership": "D"}, {"maxAge": 1, "shares": 700000, "filerUrl": "", "transactionText": "", "filerName": "Nopany (Nandini)", "filerRelation": "Promoter", "moneyText": "", "startDate": "2019-11-13", "ownership": "D"}, {"maxAge": 1, "shares": 700000, "filerUrl": "", "transactionText": "", "filerName": "Shekhar Family Trust", "filerRelation": "Promoter", "moneyText": "", "startDate": "2019-11-13", "ownership": "D"}], "maxAge": 1}, "quoteType": {"exchange": "NSI", "quoteType": "EQUITY", "symbol": "MAGADSUGAR.NS", "underlyingSymbol": "MAGADSUGAR.NS", "shortName": "MAGADH SUGAR & ENE", "longName": "Magadh Sugar & Energy Limited", "firstTradeDateEpochUtc": "2017-07-28 09:15:00", "timeZoneFullName": "Asia/Kolkata", "timeZoneShortName": "IST", "uuid": "210ffcb9-03e3-319d-b0bd-872c18133fd4", "gmtOffSetMilliseconds": 19800000, "maxAge": 1}, "incomeStatementHistory": {"incomeStatementHistory": [{"maxAge": 1, "endDate": "2020-03-31", "totalRevenue": 9161585000, "costOfRevenue": 6518589000, "grossProfit": 2642996000, "researchDevelopment": {}, "sellingGeneralAdministrative": 505615000, "nonRecurring": {}, "otherOperatingExpenses": 585382000, "totalOperatingExpenses": 7789746000, "operatingIncome": 1371839000, "totalOtherIncomeExpenseNet": -295405000, "ebit": 1371839000, "interestExpense": -644561000, "incomeBeforeTax": 1076434000, "incomeTaxExpense": 246043000, "minorityInterest": {}, "netIncomeFromContinuingOps": 830391000, "discontinuedOperations": {}, "extraordinaryItems": {}, "effectOfAccountingCharges": {}, "otherItems": {}, "netIncome": 830391000, "netIncomeApplicableToCommonShares": 830391000}, {"maxAge": 1, "endDate": "2019-03-31", "totalRevenue": 7391565000, "costOfRevenue": 5441887000, "grossProfit": 1949678000, "researchDevelopment": {}, "sellingGeneralAdministrative": 457809000, "nonRecurring": {}, "otherOperatingExpenses": 468967000, "totalOperatingExpenses": 6545992000, "operatingIncome": 845573000, "totalOtherIncomeExpenseNet": -306890000, "ebit": 845573000, "interestExpense": -439917000, "incomeBeforeTax": 538683000, "incomeTaxExpense": 196529000, "minorityInterest": {}, "netIncomeFromContinuingOps": 342154000, "discontinuedOperations": {}, "extraordinaryItems": {}, "effectOfAccountingCharges": {}, "otherItems": {}, "netIncome": 342154000, "netIncomeApplicableToCommonShares": 342154000}, {"maxAge": 1, "endDate": "2018-03-31", "totalRevenue": 7172818000, "costOfRevenue": 5750770000, "grossProfit": 1422048000, "researchDevelopment": {}, "sellingGeneralAdministrative": 417144000, "nonRecurring": {}, "otherOperatingExpenses": 357769000, "totalOperatingExpenses": 6712514000, "operatingIncome": 460304000, "totalOtherIncomeExpenseNet": -358704000, "ebit": 460304000, "interestExpense": -433397000, "incomeBeforeTax": 101600000, "incomeTaxExpense": -147514000, "minorityInterest": {}, "netIncomeFromContinuingOps": 249114000, "discontinuedOperations": {}, "extraordinaryItems": {}, "effectOfAccountingCharges": {}, "otherItems": {}, "netIncome": 249114000, "netIncomeApplicableToCommonShares": 249114000}, {"maxAge": 1, "endDate": "2017-03-31", "totalRevenue": 7186337000, "costOfRevenue": 4890904000, "grossProfit": 2295433000, "researchDevelopment": {}, "sellingGeneralAdministrative": 391151000, "nonRecurring": {}, "otherOperatingExpenses": 280755000, "totalOperatingExpenses": 5761456000, "operatingIncome": 1424881000, "totalOtherIncomeExpenseNet": -408557000, "ebit": 1424881000, "interestExpense": -406942000, "incomeBeforeTax": 1016324000, "incomeTaxExpense": 437882000, "minorityInterest": {}, "netIncomeFromContinuingOps": 578442000, "discontinuedOperations": {}, "extraordinaryItems": {}, "effectOfAccountingCharges": {}, "otherItems": {}, "netIncome": 578442000, "netIncomeApplicableToCommonShares": 578442000}], "maxAge": 86400}, "fundOwnership": {"ownershipList": [], "maxAge": 1}, "summaryDetail": {"maxAge": 1, "priceHint": 2, "previousClose": 144.1, "open": 142.0, "dayLow": 139.95, "dayHigh": 172.9, "regularMarketPreviousClose": 144.1, "regularMarketOpen": 142.0, "regularMarketDayLow": 139.95, "regularMarketDayHigh": 172.9, "dividendRate": 4.0, "dividendYield": 0.0278, "exDividendDate": "2020-09-14 05:30:00", "payoutRatio": 0.0945, "beta": 0.812313, "trailingPE": 3.9764132, "volume": 1462976, "regularMarketVolume": 1462976, "averageVolume": 29109, "averageVolume10days": 24917, "averageDailyVolume10Day": 24917, "bid": 0.0, "ask": 0.0, "bidSize": 0, "askSize": 0, "marketCap": 2365981952, "fiftyTwoWeekLow": 68.1, "fiftyTwoWeekHigh": 172.9, "priceToSalesTrailing12Months": 0.2579121, "fiftyDayAverage": 109.91324, "twoHundredDayAverage": 111.46277, "trailingAnnualDividendRate": 4.0, "trailingAnnualDividendYield": 0.0277585, "currency": "INR", "fromCurrency": null, "lastMarket": null, "algorithm": null, "tradeable": false}, "incomeStatementHistoryQuarterly": {"incomeStatementHistory": [{"maxAge": 1, "endDate": "2020-12-31", "totalRevenue": 2222306000, "costOfRevenue": 1459487000, "grossProfit": 762819000, "researchDevelopment": {}, "sellingGeneralAdministrative": 123733000, "nonRecurring": {}, "otherOperatingExpenses": 232412000, "totalOperatingExpenses": 1869815000, "operatingIncome": 352491000, "totalOtherIncomeExpenseNet": -129536000, "ebit": 352491000, "interestExpense": -130578000, "incomeBeforeTax": 222955000, "incomeTaxExpense": 76681000, "minorityInterest": {}, "netIncomeFromContinuingOps": 146274000, "discontinuedOperations": {}, "extraordinaryItems": {}, "effectOfAccountingCharges": {}, "otherItems": {}, "netIncome": 146274000, "netIncomeApplicableToCommonShares": 146274000}, {"maxAge": 1, "endDate": "2020-09-30", "totalRevenue": 2115788000, "costOfRevenue": 1825778000, "grossProfit": 290010000, "researchDevelopment": {}, "sellingGeneralAdministrative": 104021000, "nonRecurring": {}, "otherOperatingExpenses": 140973000, "totalOperatingExpenses": 2114694000, "operatingIncome": 1094000, "totalOtherIncomeExpenseNet": -146128000, "ebit": 1094000, "interestExpense": -150408000, "incomeBeforeTax": -145034000, "incomeTaxExpense": -49347000, "minorityInterest": {}, "netIncomeFromContinuingOps": -95687000, "discontinuedOperations": {}, "extraordinaryItems": {}, "effectOfAccountingCharges": {}, "otherItems": {}, "netIncome": -95687000, "netIncomeApplicableToCommonShares": -95687000}, {"maxAge": 1, "endDate": "2020-06-30", "totalRevenue": 1923407000, "costOfRevenue": 1524859000, "grossProfit": 398548000, "researchDevelopment": {}, "sellingGeneralAdministrative": 105985000, "nonRecurring": {}, "otherOperatingExpenses": 121464000, "totalOperatingExpenses": 1798656000, "operatingIncome": 124751000, "totalOtherIncomeExpenseNet": -120904000, "ebit": 124751000, "interestExpense": -130455000, "incomeBeforeTax": 3847000, "incomeTaxExpense": 1743000, "minorityInterest": {}, "netIncomeFromContinuingOps": 2104000, "discontinuedOperations": {}, "extraordinaryItems": {}, "effectOfAccountingCharges": {}, "otherItems": {}, "netIncome": 2104000, "netIncomeApplicableToCommonShares": 2104000}, {"maxAge": 1, "endDate": "2020-03-31", "totalRevenue": 2912097000, "costOfRevenue": 2086533000, "grossProfit": 825564000, "researchDevelopment": {}, "sellingGeneralAdministrative": 179107000, "nonRecurring": {}, "otherOperatingExpenses": 11030000, "totalOperatingExpenses": 2321159000, "operatingIncome": 590938000, "totalOtherIncomeExpenseNet": 40426000, "ebit": 590938000, "interestExpense": -278133000, "incomeBeforeTax": 631364000, "incomeTaxExpense": 87825000, "minorityInterest": {}, "netIncomeFromContinuingOps": 543539000, "discontinuedOperations": {}, "extraordinaryItems": {}, "effectOfAccountingCharges": {}, "otherItems": {}, "netIncome": 543539000, "netIncomeApplicableToCommonShares": 543539000}], "maxAge": 86400}, "cashflowStatementHistoryQuarterly": {"cashflowStatements": [{"maxAge": 1, "endDate": "2020-12-31", "netIncome": 146274000, "changeToLiabilities": 0}, {"maxAge": 1, "endDate": "2020-09-30", "netIncome": -95687000, "changeToLiabilities": 0}, {"maxAge": 1, "endDate": "2020-06-30", "netIncome": 2104000, "changeToLiabilities": 0}, {"maxAge": 1, "endDate": "2020-03-31", "netIncome": 543539000, "changeToLiabilities": 0}], "maxAge": 86400}, "insiderHolders": {"holders": [{"maxAge": 1, "name": "Nopany (Chandra Shekhar)", "relation": "Promoter", "url": "", "transactionDescription": "Purchase", "latestTransDate": "2019-11-13", "positionDirect": 700140, "positionDirectDate": "2019-11-13"}, {"maxAge": 1, "name": "Nopany (Nandini)", "relation": "Promoter", "url": "", "transactionDescription": "Sale", "latestTransDate": "2019-11-13", "positionDirect": 136679, "positionDirectDate": "2019-11-13"}, {"maxAge": 1, "name": "Shekhar Family Trust", "relation": "Promoter", "url": "", "transactionDescription": "Purchase", "latestTransDate": "2019-11-13", "positionDirect": 700140, "positionDirectDate": "2019-11-13"}], "maxAge": 1}, "calendarEvents": {"maxAge": 1, "earnings": {"earningsDate": []}, "exDividendDate": "2020-09-14 05:30:00"}, "upgradeDowngradeHistory": {"history": [], "maxAge": 86400}, "price": {"maxAge": 1, "regularMarketChangePercent": 0.1675919, "regularMarketChange": 24.149994, "regularMarketTime": "2021-04-30 15:30:02", "priceHint": 2, "regularMarketPrice": 168.25, "regularMarketDayHigh": 172.9, "regularMarketDayLow": 139.95, "regularMarketVolume": 1462976, "averageDailyVolume10Day": 24917, "averageDailyVolume3Month": 29109, "regularMarketPreviousClose": 144.1, "regularMarketSource": "FREE_REALTIME", "regularMarketOpen": 142.0, "exchange": "NSI", "exchangeName": "NSE", "exchangeDataDelayedBy": 15, "marketState": "CLOSED", "quoteType": "EQUITY", "symbol": "MAGADSUGAR.NS", "underlyingSymbol": null, "shortName": "MAGADH SUGAR & ENE", "longName": "Magadh Sugar & Energy Limited", "currency": "INR", "quoteSourceName": "Delayed Quote", "currencySymbol": "\u20b9", "fromCurrency": null, "lastMarket": null, "marketCap": 2365981952}, "balanceSheetHistory": {"balanceSheetStatements": [{"maxAge": 1, "endDate": "2020-03-31", "cash": 6679000, "netReceivables": 834860000, "inventory": 7707732000, "otherCurrentAssets": 91356000, "totalCurrentAssets": 8644227000, "propertyPlantEquipment": 6769461000, "intangibleAssets": 1522000, "otherAssets": 27925000, "totalAssets": 15443135000, "accountsPayable": 3132141000, "shortLongTermDebt": 310504000, "otherCurrentLiab": 153030000, "longTermDebt": 1213077000, "otherLiab": 245355000, "totalCurrentLiabilities": 8610920000, "totalLiab": 10079987000, "commonStock": 140916000, "retainedEarnings": 1457718000, "treasuryStock": 3764514000, "otherStockholderEquity": 3764514000, "totalStockholderEquity": 5363148000, "netTangibleAssets": 5361626000}, {"maxAge": 1, "endDate": "2019-03-31", "cash": 5115000, "netReceivables": 664549000, "inventory": 6517887000, "otherCurrentAssets": 69416000, "totalCurrentAssets": 7260996000, "longTermInvestments": 268000, "propertyPlantEquipment": 6588887000, "intangibleAssets": 1112000, "otherAssets": 13198000, "totalAssets": 13864193000, "accountsPayable": 3479685000, "shortLongTermDebt": 417894000, "otherCurrentLiab": 132481000, "longTermDebt": 836356000, "otherLiab": 183867000, "totalCurrentLiabilities": 8279382000, "totalLiab": 9299605000, "commonStock": 100655000, "retainedEarnings": 659158000, "treasuryStock": 3804775000, "otherStockholderEquity": 3804775000, "totalStockholderEquity": 4564588000, "netTangibleAssets": 4563476000}, {"maxAge": 1, "endDate": "2018-03-31", "cash": 7511000, "shortTermInvestments": 594000, "netReceivables": 264418000, "inventory": 4548157000, "otherCurrentAssets": 83032000, "totalCurrentAssets": 4905852000, "propertyPlantEquipment": 6549201000, "intangibleAssets": 1479000, "otherAssets": 12834000, "totalAssets": 11469366000, "accountsPayable": 1698609000, "shortLongTermDebt": 560953000, "otherCurrentLiab": 83948000, "longTermDebt": 1280550000, "otherLiab": 160828000, "totalCurrentLiabilities": 5788195000, "totalLiab": 7229573000, "commonStock": 100655000, "retainedEarnings": 334363000, "treasuryStock": 3804775000, "otherStockholderEquity": 3804775000, "totalStockholderEquity": 4239793000, "netTangibleAssets": 4238314000}, {"maxAge": 1, "endDate": "2017-03-31", "cash": 14517000, "netReceivables": 188694000, "inventory": 4273523000, "otherCurrentAssets": 115921000, "totalCurrentAssets": 4594578000, "propertyPlantEquipment": 6502410000, "intangibleAssets": 2018000, "otherAssets": 10846000, "totalAssets": 11109852000, "accountsPayable": 1047995000, "shortLongTermDebt": 542548000, "otherCurrentLiab": 286216000, "longTermDebt": 1463685000, "otherLiab": 360170000, "totalCurrentLiabilities": 5274074000, "totalLiab": 7097929000, "commonStock": 100655000, "retainedEarnings": 106493000, "treasuryStock": 3804775000, "otherStockholderEquity": 3804775000, "totalStockholderEquity": 4011923000, "netTangibleAssets": 4009905000}], "maxAge": 86400}, "financialData": {"maxAge": 86400, "currentPrice": 168.25, "recommendationKey": "none", "totalCash": 9042000, "totalCashPerShare": 0.642, "ebitda": 1248302208, "totalDebt": 6422459904, "totalRevenue": 9173598208, "debtToEquity": 123.204, "revenuePerShare": 651.013, "grossProfits": 2642996000, "earningsGrowth": -0.297, "revenueGrowth": -0.211, "grossMargins": 0.2482, "ebitdaMargins": 0.13607, "operatingMargins": 0.116359994, "profitMargins": 0.06499, "financialCurrency": "INR"}}}