{"MAGNUM.NS": {"assetProfile": {"address1": "Plot No. 18/31, Industrial Area", "address2": "Site-IV Sahibabad", "city": "Ghaziabad", "zip": "201010", "country": "India", "phone": "91 12 0419 9200", "fax": "91 12 0419 9234", "website": "http://www.magnumventures.in", "industry": "Paper & Paper Products", "sector": "Basic Materials", "longBusinessSummary": "Magnum Ventures Limited manufactures and sells paper products in India. The company operates through two segments, Paper Division and Hotel Division. It offers newsprint, printing, writing, Xerox, wrapping, and packing papers, as well as duplex boards. The company's products are primarily used in newspapers, fine arts, and packaging applications, as well as graphic printing applications, such as book and magazine covers, or postcards. It also operates a five-star hotel with 216 rooms, 11 banquet halls, and approximately 60,000 square feet of meeting space under the Country Inn & Suites by Radisson name in Sahibabad, Delhi. The company was formerly known as Magnum Papers Limited. Magnum Ventures Limited was founded in 1980 and is based in Ghaziabad, India.", "fullTimeEmployees": 1238, "companyOfficers": [{"maxAge": 1, "name": "Mr. Pradeep Kumar Jain", "age": 61, "title": "MD & Exec. Director", "yearBorn": 1959, "fiscalYear": 2020, "totalPay": 800000, "exercisedValue": 0, "unexercisedValue": 0}, {"maxAge": 1, "name": "Mr. Mohit Kumar Goel", "title": "Company Sec. & Compliance Officer", "fiscalYear": 2020, "totalPay": 478000, "exercisedValue": 0, "unexercisedValue": 0}, {"maxAge": 1, "name": "Rajesh  Kadyan", "age": 36, "title": "Director of Sales - Corp.", "yearBorn": 1984, "exercisedValue": 0, "unexercisedValue": 0}, {"maxAge": 1, "name": "Naresh Chandra Sharma", "age": 66, "title": "Director of HR", "yearBorn": 1954, "exercisedValue": 0, "unexercisedValue": 0}, {"maxAge": 1, "name": "Mr. Abhey Kumar Jain", "age": 47, "title": "Whole Time Director", "yearBorn": 1973, "fiscalYear": 2020, "totalPay": 800000, "exercisedValue": 0, "unexercisedValue": 0}, {"maxAge": 1, "name": "Mr. Shiv Pravesh Chaturvedi", "age": 45, "title": "Factory Mang. & Exec. Director", "yearBorn": 1975, "fiscalYear": 2020, "totalPay": 734400, "exercisedValue": 0, "unexercisedValue": 0}, {"maxAge": 1, "name": "Rajendra Singh Bapna", "age": 70, "title": "Pres", "yearBorn": 1950, "exercisedValue": 0, "unexercisedValue": 0}, {"maxAge": 1, "name": "Mr. Parv  Jain", "title": "Chief Financial Officer", "fiscalYear": 2019, "exercisedValue": 0, "unexercisedValue": 0}, {"maxAge": 1, "name": "Ravinder  Thakur", "age": 54, "title": "Gen. Mang. of Security & Operational Control", "yearBorn": 1966, "exercisedValue": 0, "unexercisedValue": 0}, {"maxAge": 1, "name": "Mr. Anil  Bana", "age": 47, "title": "Gen. Mang. of Technology", "yearBorn": 1973, "exercisedValue": 0, "unexercisedValue": 0}], "compensationAsOfEpochDate": "2020-12-31 05:30:00", "maxAge": 86400}, "recommendationTrend": {"trend": [{"period": "0m", "strongBuy": 0, "buy": 0, "hold": 0, "sell": 0, "strongSell": 0}, {"period": "-1m", "strongBuy": 0, "buy": 0, "hold": 0, "sell": 0, "strongSell": 0}, {"period": "-2m", "strongBuy": 0, "buy": 0, "hold": 0, "sell": 0, "strongSell": 0}, {"period": "-3m", "strongBuy": 0, "buy": 0, "hold": 0, "sell": 0, "strongSell": 0}], "maxAge": 86400}, "cashflowStatementHistory": {"cashflowStatements": [{"maxAge": 1, "endDate": "2020-03-31", "netIncome": -121775430, "changeToLiabilities": 0}, {"maxAge": 1, "endDate": "2019-03-31", "netIncome": -644746, "depreciation": 151428629, "changeToNetincome": 38558346, "changeToAccountReceivables": 76967661, "changeToLiabilities": -27682926, "changeToInventory": -64403596, "changeToOperatingActivities": -68610629, "totalCashFromOperatingActivities": 105656161, "capitalExpenditures": -168734658, "otherCashflowsFromInvestingActivities": 900224, "totalCashflowsFromInvestingActivities": -167834434, "netBorrowings": 88483147, "otherCashflowsFromFinancingActivities": -3235862, "totalCashFromFinancingActivities": 85247285, "changeInCash": 23069012}, {"maxAge": 1, "endDate": "2018-03-31", "netIncome": 7665838, "depreciation": 142911137, "changeToNetincome": 4614732, "changeToAccountReceivables": 25676979, "changeToLiabilities": -35004920, "changeToInventory": -153185664, "changeToOperatingActivities": 236279867, "totalCashFromOperatingActivities": 229025949, "capitalExpenditures": -110505393, "otherCashflowsFromInvestingActivities": 52516, "totalCashflowsFromInvestingActivities": -110452877, "netBorrowings": -128167207, "otherCashflowsFromFinancingActivities": -3113690, "totalCashFromFinancingActivities": -131280897, "changeInCash": -12707825}, {"maxAge": 1, "endDate": "2017-03-31", "netIncome": 1031588780, "depreciation": 238263973, "changeToNetincome": 16531815, "changeToAccountReceivables": -76863226, "changeToLiabilities": 66998027, "changeToInventory": -17862164, "changeToOperatingActivities": -1242955879, "totalCashFromOperatingActivities": 16108815, "capitalExpenditures": -67909092, "otherCashflowsFromInvestingActivities": 3612624, "totalCashflowsFromInvestingActivities": -64296468, "netBorrowings": -5349634, "otherCashflowsFromFinancingActivities": -2517492, "totalCashFromFinancingActivities": -7867126, "changeInCash": -56054779}], "maxAge": 86400}, "indexTrend": {"maxAge": 1, "symbol": "SP5", "peRatio": 19.7411, "pegRatio": 1.34172, "estimates": [{"period": "0q", "growth": 0.549}, {"period": "+1q", "growth": 0.431}, {"period": "0y", "growth": 0.305}, {"period": "+1y", "growth": 0.109}, {"period": "+5y", "growth": 0.120865}, {"period": "-5y"}]}, "defaultKeyStatistics": {"maxAge": 1, "priceHint": 4, "enterpriseValue": 2902942976, "profitMargins": -0.12099, "floatShares": 15353186, "sharesOutstanding": 37601900, "heldPercentInsiders": 0.57854, "heldPercentInstitutions": 0.0, "beta": 1.380539, "category": null, "bookValue": -11.274, "fundFamily": null, "legalType": null, "lastFiscalYearEnd": "2020-03-31 05:30:00", "nextFiscalYearEnd": "2022-03-31 05:30:00", "mostRecentQuarter": "2020-12-31 05:30:00", "earningsQuarterlyGrowth": -0.338, "netIncomeToCommon": -191275424, "trailingEps": -5.147, "lastSplitFactor": null, "enterpriseToRevenue": 1.836, "enterpriseToEbitda": -994.469}, "industryTrend": {"maxAge": 1, "symbol": null, "estimates": []}, "quoteType": {"exchange": "NSI", "quoteType": "EQUITY", "symbol": "MAGNUM.NS", "underlyingSymbol": "MAGNUM.NS", "shortName": "MAGNUM VENTURES LT", "longName": "Magnum Ventures Limited", "firstTradeDateEpochUtc": "2007-09-20 09:15:00", "timeZoneFullName": "Asia/Kolkata", "timeZoneShortName": "IST", "uuid": "1b2a7a97-f323-35e9-985e-f3aadf86a85a", "gmtOffSetMilliseconds": 19800000, "maxAge": 1}, "incomeStatementHistory": {"incomeStatementHistory": [{"maxAge": 1, "endDate": "2020-03-31", "totalRevenue": 2421455419, "costOfRevenue": 1720817059, "grossProfit": 700638360, "researchDevelopment": {}, "sellingGeneralAdministrative": 342221684, "nonRecurring": {}, "otherOperatingExpenses": 291874052, "totalOperatingExpenses": 2510259140, "operatingIncome": -88803721, "totalOtherIncomeExpenseNet": -5542281, "ebit": -88803721, "interestExpense": -1949276, "incomeBeforeTax": -94346002, "incomeTaxExpense": 27429428, "minorityInterest": {}, "netIncomeFromContinuingOps": -121775430, "discontinuedOperations": {}, "extraordinaryItems": {}, "effectOfAccountingCharges": {}, "otherItems": {}, "netIncome": -121775430, "netIncomeApplicableToCommonShares": -121775430}, {"maxAge": 1, "endDate": "2019-03-31", "totalRevenue": 2778732697, "costOfRevenue": 1949262266, "grossProfit": 829470431, "researchDevelopment": {}, "sellingGeneralAdministrative": 322091571, "nonRecurring": {}, "otherOperatingExpenses": 331744242, "totalOperatingExpenses": 2754570132, "operatingIncome": 24162565, "totalOtherIncomeExpenseNet": 4986990, "ebit": 24162565, "interestExpense": -353688, "incomeBeforeTax": 29149555, "incomeTaxExpense": 29794301, "minorityInterest": {}, "netIncomeFromContinuingOps": -644746, "discontinuedOperations": {}, "extraordinaryItems": {}, "effectOfAccountingCharges": {}, "otherItems": {}, "netIncome": -644746, "netIncomeApplicableToCommonShares": -644746}, {"maxAge": 1, "endDate": "2018-03-31", "totalRevenue": 2566207743, "costOfRevenue": 1788743392, "grossProfit": 777464351, "researchDevelopment": {}, "sellingGeneralAdministrative": 317635518, "nonRecurring": {}, "otherOperatingExpenses": 306830308, "totalOperatingExpenses": 2556188333, "operatingIncome": 10019410, "totalOtherIncomeExpenseNet": -548981, "ebit": 10019410, "interestExpense": -737707, "incomeBeforeTax": 9470429, "incomeTaxExpense": 1804591, "minorityInterest": {}, "netIncomeFromContinuingOps": 7665838, "discontinuedOperations": {}, "extraordinaryItems": {}, "effectOfAccountingCharges": {}, "otherItems": {}, "netIncome": 7665838, "netIncomeApplicableToCommonShares": 7665838}, {"maxAge": 1, "endDate": "2017-03-31", "totalRevenue": 2147737399, "costOfRevenue": 1640531645, "grossProfit": 507205754, "researchDevelopment": {}, "sellingGeneralAdministrative": 265560787, "nonRecurring": {}, "otherOperatingExpenses": 271155945, "totalOperatingExpenses": 2236267531, "operatingIncome": -88530132, "totalOtherIncomeExpenseNet": 1120118912, "ebit": -88530132, "interestExpense": -577748, "incomeBeforeTax": 1031588780, "incomeTaxExpense": 0, "minorityInterest": {}, "netIncomeFromContinuingOps": 1031588780, "discontinuedOperations": {}, "extraordinaryItems": {}, "effectOfAccountingCharges": {}, "otherItems": {}, "netIncome": 1031588780, "netIncomeApplicableToCommonShares": 1031588780}], "maxAge": 86400}, "fundOwnership": {"ownershipList": [], "maxAge": 1}, "summaryDetail": {"maxAge": 1, "priceHint": 4, "previousClose": 4.3, "open": 4.35, "dayLow": 4.25, "dayHigh": 4.4, "regularMarketPreviousClose": 4.3, "regularMarketOpen": 4.35, "regularMarketDayLow": 4.25, "regularMarketDayHigh": 4.4, "payoutRatio": 0.0, "beta": 1.380539, "volume": 10457, "regularMarketVolume": 10457, "averageVolume": 72200, "averageVolume10days": 12733, "averageDailyVolume10Day": 12733, "bid": 0.0, "ask": 0.0, "bidSize": 0, "askSize": 0, "marketCap": 170034976, "fiftyTwoWeekLow": 2.45, "fiftyTwoWeekHigh": 7.45, "priceToSalesTrailing12Months": 0.10755204, "fiftyDayAverage": 5.257576, "twoHundredDayAverage": 4.9189286, "currency": "INR", "fromCurrency": null, "lastMarket": null, "algorithm": null, "tradeable": false}, "insiderHolders": {"holders": [{"maxAge": 1, "name": "Jain (Praveen Kumar)", "relation": "Executive Chairman", "url": "", "transactionDescription": "Acquisition", "latestTransDate": "2013-04-04", "positionDirect": 2500000, "positionDirectDate": "2013-04-04"}], "maxAge": 1}, "calendarEvents": {"maxAge": 1, "earnings": {"earningsDate": []}}, "upgradeDowngradeHistory": {"history": [], "maxAge": 86400}, "price": {"maxAge": 1, "regularMarketChangePercent": 0.01162784, "regularMarketChange": 0.049999714, "regularMarketTime": "2021-04-30 15:25:53", "priceHint": 4, "regularMarketPrice": 4.35, "regularMarketDayHigh": 4.4, "regularMarketDayLow": 4.25, "regularMarketVolume": 10457, "averageDailyVolume10Day": 12733, "averageDailyVolume3Month": 72200, "regularMarketPreviousClose": 4.3, "regularMarketSource": "FREE_REALTIME", "regularMarketOpen": 4.35, "exchange": "NSI", "exchangeName": "NSE", "exchangeDataDelayedBy": 15, "marketState": "CLOSED", "quoteType": "EQUITY", "symbol": "MAGNUM.NS", "underlyingSymbol": null, "shortName": "MAGNUM VENTURES LT", "longName": "Magnum Ventures Limited", "currency": "INR", "quoteSourceName": "Delayed Quote", "currencySymbol": "\u20b9", "fromCurrency": null, "lastMarket": null, "marketCap": 170034976}, "balanceSheetHistory": {"balanceSheetStatements": [{"maxAge": 1, "endDate": "2020-03-31", "cash": 80562121, "netReceivables": 517172728, "inventory": 167080413, "otherCurrentAssets": 86406975, "totalCurrentAssets": 852793381, "propertyPlantEquipment": 2040888185, "intangibleAssets": 891019, "otherAssets": 16453742, "totalAssets": 2911026327, "accountsPayable": 214461590, "otherCurrentLiab": 110588366, "longTermDebt": 2796924629, "otherLiab": 96938518, "totalCurrentLiabilities": 346236615, "totalLiab": 3240099762, "commonStock": 376018840, "retainedEarnings": -1340346070, "capitalSurplus": 385253799, "totalStockholderEquity": -579073431, "netTangibleAssets": -579964450}, {"maxAge": 1, "endDate": "2019-03-31", "cash": 89300173, "netReceivables": 565459953, "inventory": 319265268, "otherCurrentAssets": 86750023, "totalCurrentAssets": 1062482426, "propertyPlantEquipment": 2081390463, "otherAssets": 20942275, "totalAssets": 3164815164, "accountsPayable": 239091441, "otherCurrentLiab": 166592658, "longTermDebt": 2863989835, "otherLiab": 62285879, "totalCurrentLiabilities": 445837449, "totalLiab": 3372113163, "commonStock": 376018840, "retainedEarnings": -1218570635, "capitalSurplus": 385253799, "totalStockholderEquity": -457297996, "netTangibleAssets": -457297996}, {"maxAge": 1, "endDate": "2018-03-31", "cash": 66231160, "netReceivables": 644113443, "inventory": 284726782, "otherCurrentAssets": 26747110, "totalCurrentAssets": 1023487601, "propertyPlantEquipment": 2063744065, "intangibleAssets": 43424, "otherAssets": 13030975, "totalAssets": 3100306065, "accountsPayable": 266774366, "shortLongTermDebt": 66760000, "otherCurrentLiab": 143022032, "longTermDebt": 2775172566, "otherLiab": 34198854, "totalCurrentLiabilities": 497253773, "totalLiab": 3306959315, "commonStock": 376018840, "retainedEarnings": -1217925887, "capitalSurplus": 385253799, "totalStockholderEquity": -456653248, "netTangibleAssets": -456696672}, {"maxAge": 1, "endDate": "2017-03-31", "cash": 78938985, "netReceivables": 671903862, "inventory": 182703559, "otherCurrentAssets": 60458834, "totalCurrentAssets": 997362305, "propertyPlantEquipment": 2095851217, "intangibleAssets": 100690, "otherAssets": 12468867, "totalAssets": 3105783079, "accountsPayable": 301779287, "otherCurrentLiab": 72815982, "longTermDebt": 2902264178, "otherLiab": 30512752, "totalCurrentLiabilities": 385915524, "totalLiab": 3320102171, "commonStock": 376018840, "retainedEarnings": -1225591727, "capitalSurplus": 385253799, "totalStockholderEquity": -464319088, "netTangibleAssets": -464419778}], "maxAge": 86400}, "earningsTrend": {"trend": [{"maxAge": 1, "period": "0q", "endDate": null, "growth": {}, "earningsEstimate": {"avg": 0.0, "low": 0.0, "high": 0.0, "yearAgoEps": {}, "numberOfAnalysts": 0, "growth": {}}, "revenueEstimate": {"avg": 0, "low": 0, "high": 0, "numberOfAnalysts": 0, "yearAgoRevenue": {}, "growth": {}}, "epsTrend": {"current": 0.0, "7daysAgo": 0.0, "30daysAgo": 0.0, "60daysAgo": 0.0, "90daysAgo": 0.0}, "epsRevisions": {"upLast7days": 0, "upLast30days": 0, "downLast30days": 0, "downLast90days": {}}}, {"maxAge": 1, "period": "+1q", "endDate": null, "growth": {}, "earningsEstimate": {"avg": 0.0, "low": 0.0, "high": 0.0, "yearAgoEps": {}, "numberOfAnalysts": 0, "growth": {}}, "revenueEstimate": {"avg": 0, "low": 0, "high": 0, "numberOfAnalysts": 0, "yearAgoRevenue": {}, "growth": {}}, "epsTrend": {"current": 0.0, "7daysAgo": 0.0, "30daysAgo": 0.0, "60daysAgo": 0.0, "90daysAgo": 0.0}, "epsRevisions": {"upLast7days": 0, "upLast30days": 0, "downLast30days": 0, "downLast90days": {}}}, {"maxAge": 1, "period": "0y", "endDate": null, "growth": {}, "earningsEstimate": {"avg": 0.0, "low": 0.0, "high": 0.0, "yearAgoEps": {}, "numberOfAnalysts": 0, "growth": {}}, "revenueEstimate": {"avg": 0, "low": 0, "high": 0, "numberOfAnalysts": 0, "yearAgoRevenue": {}, "growth": {}}, "epsTrend": {"current": 0.0, "7daysAgo": 0.0, "30daysAgo": 0.0, "60daysAgo": 0.0, "90daysAgo": 0.0}, "epsRevisions": {"upLast7days": 0, "upLast30days": 0, "downLast30days": 0, "downLast90days": {}}}, {"maxAge": 1, "period": "+1y", "endDate": null, "growth": {}, "earningsEstimate": {"avg": 0.0, "low": 0.0, "high": 0.0, "yearAgoEps": {}, "numberOfAnalysts": 0, "growth": {}}, "revenueEstimate": {"avg": 0, "low": 0, "high": 0, "numberOfAnalysts": 0, "yearAgoRevenue": {}, "growth": {}}, "epsTrend": {"current": 0.0, "7daysAgo": 0.0, "30daysAgo": 0.0, "60daysAgo": 0.0, "90daysAgo": 0.0}, "epsRevisions": {"upLast7days": 0, "upLast30days": 0, "downLast30days": 0, "downLast90days": {}}}, {"maxAge": 1, "period": "+5y", "endDate": null, "growth": {}, "earningsEstimate": {"avg": {}, "low": {}, "high": {}, "yearAgoEps": {}, "numberOfAnalysts": {}, "growth": {}}, "revenueEstimate": {"avg": {}, "low": {}, "high": {}, "numberOfAnalysts": {}, "yearAgoRevenue": {}, "growth": {}}, "epsTrend": {"current": {}, "7daysAgo": {}, "30daysAgo": {}, "60daysAgo": {}, "90daysAgo": {}}, "epsRevisions": {"upLast7days": {}, "upLast30days": {}, "downLast30days": {}, "downLast90days": {}}}, {"maxAge": 1, "period": "-5y", "endDate": null, "growth": {}, "earningsEstimate": {"avg": {}, "low": {}, "high": {}, "yearAgoEps": {}, "numberOfAnalysts": {}, "growth": {}}, "revenueEstimate": {"avg": {}, "low": {}, "high": {}, "numberOfAnalysts": {}, "yearAgoRevenue": {}, "growth": {}}, "epsTrend": {"current": {}, "7daysAgo": {}, "30daysAgo": {}, "60daysAgo": {}, "90daysAgo": {}}, "epsRevisions": {"upLast7days": {}, "upLast30days": {}, "downLast30days": {}, "downLast90days": {}}}], "maxAge": 1}, "institutionOwnership": {"ownershipList": [], "maxAge": 1}, "majorHoldersBreakdown": {"maxAge": 1, "insidersPercentHeld": 0.57854, "institutionsPercentHeld": 0.0, "institutionsFloatPercentHeld": 0.0, "institutionsCount": 0}, "balanceSheetHistoryQuarterly": {"balanceSheetStatements": [{"maxAge": 1, "endDate": "2020-12-31", "cash": 87900000, "netReceivables": 667600000, "inventory": 183800000, "otherCurrentAssets": 8600000, "totalCurrentAssets": 947900000, "propertyPlantEquipment": 2081400000, "intangibleAssets": 700000, "otherAssets": 19200000, "totalAssets": 3049200000, "accountsPayable": 359300000, "otherCurrentLiab": 93900000, "longTermDebt": 2834200000, "otherLiab": 172500000, "totalCurrentLiabilities": 453200000, "totalLiab": 3459900000, "commonStock": 376018840, "treasuryStock": -786718840, "otherStockholderEquity": -786718840, "totalStockholderEquity": -410700000, "netTangibleAssets": -411400000}, {"maxAge": 1, "endDate": "2020-09-30", "cash": 85800000, "netReceivables": 576100000, "inventory": 178900000, "otherCurrentAssets": 7300000, "totalCurrentAssets": 848100000, "propertyPlantEquipment": 2090300000, "intangibleAssets": 800000, "otherAssets": 18800000, "totalAssets": 2958000000, "accountsPayable": 222600000, "otherCurrentLiab": 128700000, "longTermDebt": 2849000000, "otherLiab": 173700000, "totalCurrentLiabilities": 351300000, "totalLiab": 3374000000, "commonStock": 376000000, "treasuryStock": -792000000, "otherStockholderEquity": -792000000, "totalStockholderEquity": -416000000, "netTangibleAssets": -416800000}, {"maxAge": 1, "endDate": "2020-06-30", "cash": 124600000, "netReceivables": 473200000, "inventory": 243400000, "otherCurrentAssets": 7700000, "totalCurrentAssets": 848900000, "propertyPlantEquipment": 2029900000, "intangibleAssets": 800000, "otherAssets": 22900000, "totalAssets": 2902500000, "accountsPayable": 270300000, "otherCurrentLiab": 53400000, "longTermDebt": 2882000000, "otherLiab": 96900000, "totalCurrentLiabilities": 323700000, "totalLiab": 3302600000, "commonStock": 376018840, "treasuryStock": -776118840, "otherStockholderEquity": -776118840, "totalStockholderEquity": -400100000, "netTangibleAssets": -400900000}, {"maxAge": 1, "endDate": "2020-03-31", "cash": 80562121, "netReceivables": 517172728, "inventory": 167080413, "otherCurrentAssets": 86406975, "totalCurrentAssets": 852793381, "propertyPlantEquipment": 2040888185, "intangibleAssets": 891019, "otherAssets": 16453742, "totalAssets": 2911026327, "accountsPayable": 214461590, "otherCurrentLiab": 110588366, "longTermDebt": 2796924629, "otherLiab": 96938518, "totalCurrentLiabilities": 346236615, "totalLiab": 3240099762, "commonStock": 376018840, "retainedEarnings": -1340346070, "capitalSurplus": 385253799, "totalStockholderEquity": -579073431, "netTangibleAssets": -579964450}], "maxAge": 86400}, "earningsHistory": {"history": [{"maxAge": 1, "epsActual": {}, "epsEstimate": {}, "epsDifference": {}, "surprisePercent": {}, "quarter": {}, "period": "-4q"}, {"maxAge": 1, "epsActual": {}, "epsEstimate": {}, "epsDifference": {}, "surprisePercent": {}, "quarter": {}, "period": "-3q"}, {"maxAge": 1, "epsActual": {}, "epsEstimate": {}, "epsDifference": {}, "surprisePercent": {}, "quarter": {}, "period": "-2q"}, {"maxAge": 1, "epsActual": {}, "epsEstimate": {}, "epsDifference": {}, "surprisePercent": {}, "quarter": {}, "period": "-1q"}], "maxAge": 86400}, "summaryProfile": {"address1": "Plot No. 18/31, Industrial Area", "address2": "Site-IV Sahibabad", "city": "Ghaziabad", "zip": "201010", "country": "India", "phone": "91 12 0419 9200", "fax": "91 12 0419 9234", "website": "http://www.magnumventures.in", "industry": "Paper & Paper Products", "sector": "Basic Materials", "longBusinessSummary": "Magnum Ventures Limited manufactures and sells paper products in India. The company operates through two segments, Paper Division and Hotel Division. It offers newsprint, printing, writing, Xerox, wrapping, and packing papers, as well as duplex boards. The company's products are primarily used in newspapers, fine arts, and packaging applications, as well as graphic printing applications, such as book and magazine covers, or postcards. It also operates a five-star hotel with 216 rooms, 11 banquet halls, and approximately 60,000 square feet of meeting space under the Country Inn & Suites by Radisson name in Sahibabad, Delhi. The company was formerly known as Magnum Papers Limited. Magnum Ventures Limited was founded in 1980 and is based in Ghaziabad, India.", "fullTimeEmployees": 1238, "companyOfficers": [], "maxAge": 86400}, "netSharePurchaseActivity": {"maxAge": 1, "period": "6m", "buyInfoCount": 0, "buyInfoShares": 0, "sellInfoCount": 0, "netInfoCount": 0, "netInfoShares": 0, "netPercentInsiderShares": 0.0, "totalInsiderShares": 21075388}, "insiderTransactions": {"transactions": [{"maxAge": 1, "shares": 14148510, "filerUrl": "", "transactionText": "", "filerName": "Jain (Praveen Kumar)", "filerRelation": "Executive Chairman", "moneyText": "", "startDate": "2013-04-04", "ownership": "D"}], "maxAge": 1}, "sectorTrend": {"maxAge": 1, "symbol": null, "estimates": []}, "incomeStatementHistoryQuarterly": {"incomeStatementHistory": [{"maxAge": 1, "endDate": "2020-12-31", "totalRevenue": 620200000, "costOfRevenue": 428500000, "grossProfit": 191700000, "researchDevelopment": {}, "sellingGeneralAdministrative": 62700000, "nonRecurring": {}, "otherOperatingExpenses": 80800000, "totalOperatingExpenses": 614800000, "operatingIncome": 5400000, "totalOtherIncomeExpenseNet": -300000, "ebit": 5400000, "interestExpense": -300000, "incomeBeforeTax": 5100000, "incomeTaxExpense": 0, "minorityInterest": {}, "netIncomeFromContinuingOps": 5100000, "discontinuedOperations": {}, "extraordinaryItems": {}, "effectOfAccountingCharges": {}, "otherItems": {}, "netIncome": 5100000, "netIncomeApplicableToCommonShares": 5100000}, {"maxAge": 1, "endDate": "2020-09-30", "totalRevenue": 406300000, "costOfRevenue": 294500000, "grossProfit": 111800000, "researchDevelopment": {}, "sellingGeneralAdministrative": 36000000, "nonRecurring": {}, "otherOperatingExpenses": 47700000, "totalOperatingExpenses": 420400000, "operatingIncome": -14100000, "totalOtherIncomeExpenseNet": -100000, "ebit": -14100000, "interestExpense": -100000, "incomeBeforeTax": -14200000, "incomeTaxExpense": 0, "minorityInterest": {}, "netIncomeFromContinuingOps": -14200000, "discontinuedOperations": {}, "extraordinaryItems": {}, "effectOfAccountingCharges": {}, "otherItems": {}, "netIncome": -14200000, "netIncomeApplicableToCommonShares": -14200000}, {"maxAge": 1, "endDate": "2020-06-30", "totalRevenue": 24600000, "costOfRevenue": 32800000, "grossProfit": -8200000, "researchDevelopment": {}, "sellingGeneralAdministrative": 10000000, "nonRecurring": {}, "otherOperatingExpenses": 13500000, "totalOperatingExpenses": 95600000, "operatingIncome": -71000000, "totalOtherIncomeExpenseNet": -100000, "ebit": -71000000, "interestExpense": -100000, "incomeBeforeTax": -71100000, "incomeTaxExpense": 0, "minorityInterest": {}, "netIncomeFromContinuingOps": -71100000, "discontinuedOperations": {}, "extraordinaryItems": {}, "effectOfAccountingCharges": {}, "otherItems": {}, "netIncome": -71100000, "netIncomeApplicableToCommonShares": -71100000}, {"maxAge": 1, "endDate": "2020-03-31", "totalRevenue": 529855419, "costOfRevenue": 437017059, "grossProfit": 92838360, "researchDevelopment": {}, "sellingGeneralAdministrative": 95221684, "nonRecurring": {}, "otherOperatingExpenses": 40174052, "totalOperatingExpenses": 611359140, "operatingIncome": -81503721, "totalOtherIncomeExpenseNet": -2142281, "ebit": -81503721, "interestExpense": -100000, "incomeBeforeTax": -83646002, "incomeTaxExpense": 27429428, "minorityInterest": {}, "netIncomeFromContinuingOps": -111075430, "discontinuedOperations": {}, "extraordinaryItems": {}, "effectOfAccountingCharges": {}, "otherItems": {}, "netIncome": -111075430, "netIncomeApplicableToCommonShares": -111075430}], "maxAge": 86400}, "cashflowStatementHistoryQuarterly": {"cashflowStatements": [{"maxAge": 1, "endDate": "2020-12-31", "netIncome": 5100000, "changeToLiabilities": 0}, {"maxAge": 1, "endDate": "2020-09-30", "netIncome": -14200000, "changeToLiabilities": 0}, {"maxAge": 1, "endDate": "2020-06-30", "netIncome": -71100000, "changeToLiabilities": 0}, {"maxAge": 1, "endDate": "2020-03-31", "netIncome": -111075430, "changeToLiabilities": 0}], "maxAge": 86400}, "earnings": {"maxAge": 86400, "earningsChart": {"quarterly": [], "earningsDate": []}, "financialsChart": {"yearly": [{"date": 2017, "revenue": 2147737399, "earnings": 1031588780}, {"date": 2018, "revenue": 2566207743, "earnings": 7665838}, {"date": 2019, "revenue": 2778732697, "earnings": -644746}, {"date": 2020, "revenue": 2421455419, "earnings": -121775430}], "quarterly": [{"date": "1Q2020", "revenue": 529855419, "earnings": -111075430}, {"date": "2Q2020", "revenue": 24600000, "earnings": -71100000}, {"date": "3Q2020", "revenue": 406300000, "earnings": -14200000}, {"date": "4Q2020", "revenue": 620200000, "earnings": 5100000}]}, "financialCurrency": "INR"}, "financialData": {"maxAge": 86400, "currentPrice": 4.35, "recommendationKey": "none", "totalCash": 87900000, "totalCashPerShare": 2.413, "ebitda": -2919087, "totalDebt": 2834200064, "quickRatio": 1.514, "currentRatio": 2.092, "totalRevenue": 1580955392, "revenuePerShare": 42.54, "returnOnAssets": -0.03331, "grossProfits": 700638360, "earningsGrowth": -0.3, "revenueGrowth": -0.044, "grossMargins": 0.24551001, "ebitdaMargins": -0.00185, "operatingMargins": -0.101969995, "profitMargins": -0.12099, "financialCurrency": "INR"}}}