{"MAGNUM.BO": {"recommendationTrend": {"trend": [{"period": "0m", "strongBuy": 0, "buy": 0, "hold": 0, "sell": 0, "strongSell": 0}, {"period": "-1m", "strongBuy": 0, "buy": 0, "hold": 0, "sell": 0, "strongSell": 0}, {"period": "-2m", "strongBuy": 0, "buy": 0, "hold": 0, "sell": 0, "strongSell": 0}, {"period": "-3m", "strongBuy": 0, "buy": 0, "hold": 0, "sell": 0, "strongSell": 0}], "maxAge": 86400}, "cashflowStatementHistory": {"cashflowStatements": [{"maxAge": 1, "endDate": "2020-03-31", "netIncome": -121700000, "depreciation": 155346346, "changeToNetincome": 37352258, "changeToAccountReceivables": 49646168, "changeToLiabilities": -24629851, "changeToInventory": 152184857, "changeToOperatingActivities": -73666882, "totalCashFromOperatingActivities": 174532896, "capitalExpenditures": -115844830, "otherCashflowsFromInvestingActivities": 1510019, "totalCashflowsFromInvestingActivities": -114334811, "netBorrowings": -67065206, "otherCashflowsFromFinancingActivities": -1870930, "totalCashFromFinancingActivities": -68936136, "changeInCash": -8738052}, {"maxAge": 1, "endDate": "2019-03-31", "netIncome": -644747, "depreciation": 151428629, "changeToNetincome": 38558346, "changeToAccountReceivables": 76967661, "changeToLiabilities": -27682926, "changeToInventory": -64403596, "changeToOperatingActivities": -68610629, "totalCashFromOperatingActivities": 105656161, "capitalExpenditures": -168734658, "otherCashflowsFromInvestingActivities": 900224, "totalCashflowsFromInvestingActivities": -167834434, "netBorrowings": 88483147, "otherCashflowsFromFinancingActivities": -3235862, "totalCashFromFinancingActivities": 85247285, "changeInCash": 23069012}, {"maxAge": 1, "endDate": "2018-03-31", "netIncome": 7665838, "depreciation": 142911137, "changeToNetincome": 4614732, "changeToAccountReceivables": 25676979, "changeToLiabilities": -35004920, "changeToInventory": -153185664, "changeToOperatingActivities": 236279867, "totalCashFromOperatingActivities": 229025949, "capitalExpenditures": -110505393, "otherCashflowsFromInvestingActivities": 52516, "totalCashflowsFromInvestingActivities": -110452877, "netBorrowings": -128167207, "otherCashflowsFromFinancingActivities": -3113690, "totalCashFromFinancingActivities": -131280897, "changeInCash": -12707825}, {"maxAge": 1, "endDate": "2017-03-31", "netIncome": 1031588780, "depreciation": 238263973, "changeToNetincome": 16531815, "changeToAccountReceivables": -76863226, "changeToLiabilities": 66998027, "changeToInventory": -17862164, "changeToOperatingActivities": -1242955879, "totalCashFromOperatingActivities": 16108815, "capitalExpenditures": -67909092, "otherCashflowsFromInvestingActivities": 3612624, "totalCashflowsFromInvestingActivities": -64296468, "netBorrowings": -5349634, "otherCashflowsFromFinancingActivities": -2517492, "totalCashFromFinancingActivities": -7867126, "changeInCash": -56054779}], "maxAge": 86400}, "institutionOwnership": {"ownershipList": [], "maxAge": 1}, "balanceSheetHistoryQuarterly": {"balanceSheetStatements": [{"maxAge": 1, "endDate": "2020-06-30", "cash": 124600000, "netReceivables": 473200000, "inventory": 243400000, "otherCurrentAssets": -200000, "totalCurrentAssets": 848900000, "propertyPlantEquipment": 2029900000, "intangibleAssets": 800000, "otherAssets": 22900000, "totalAssets": 2902500000, "accountsPayable": 270300000, "otherCurrentLiab": 53400000, "longTermDebt": 2882000000, "otherLiab": 96900000, "totalCurrentLiabilities": 323700000, "totalLiab": 3302600000, "commonStock": 376018840, "treasuryStock": -776118840, "otherStockholderEquity": -776118840, "totalStockholderEquity": -400100000, "netTangibleAssets": -400900000}, {"maxAge": 1, "endDate": "2020-03-31", "cash": 80600000, "netReceivables": 597000000, "inventory": 167100000, "totalCurrentAssets": 852800000, "propertyPlantEquipment": 2040900000, "intangibleAssets": 900000, "otherAssets": 16400000, "totalAssets": 2911000000, "accountsPayable": 214500000, "otherCurrentLiab": 131700000, "longTermDebt": 2796900000, "otherLiab": 97000000, "totalCurrentLiabilities": 346200000, "totalLiab": 3240100000, "commonStock": 376000000, "treasuryStock": -705100000, "otherStockholderEquity": -705100000, "totalStockholderEquity": -329100000, "netTangibleAssets": -330000000}, {"maxAge": 1, "endDate": "2019-12-31", "cash": 126300000, "netReceivables": 623600000, "inventory": 199000000, "totalCurrentAssets": 954000000, "propertyPlantEquipment": 2031100000, "intangibleAssets": 900000, "otherAssets": 13900000, "totalAssets": 2999900000, "accountsPayable": 210400000, "otherCurrentLiab": 139500000, "longTermDebt": 2826700000, "otherLiab": 46800000, "totalCurrentLiabilities": 349900000, "totalLiab": 3223400000, "commonStock": 376018840, "treasuryStock": -599518840, "otherStockholderEquity": -599518840, "totalStockholderEquity": -223500000, "netTangibleAssets": -224400000}, {"maxAge": 1, "endDate": "2019-09-30", "cash": 89400000, "netReceivables": 687100000, "inventory": 266000000, "totalCurrentAssets": 1043800000, "propertyPlantEquipment": 2037500000, "intangibleAssets": 1000000, "otherAssets": 16600000, "totalAssets": 3098900000, "accountsPayable": 226100000, "otherCurrentLiab": 159000000, "longTermDebt": 2877300000, "otherLiab": 62300000, "totalCurrentLiabilities": 385100000, "totalLiab": 3324700000, "commonStock": 376000000, "treasuryStock": -601800000, "otherStockholderEquity": -601800000, "totalStockholderEquity": -225800000, "netTangibleAssets": -226800000}], "maxAge": 86400}, "earningsHistory": {"history": [{"maxAge": 1, "epsActual": {}, "epsEstimate": {}, "epsDifference": {}, "surprisePercent": {}, "quarter": {}, "period": "-4q"}, {"maxAge": 1, "epsActual": {}, "epsEstimate": {}, "epsDifference": {}, "surprisePercent": {}, "quarter": {}, "period": "-3q"}, {"maxAge": 1, "epsActual": {}, "epsEstimate": {}, "epsDifference": {}, "surprisePercent": {}, "quarter": {}, "period": "-2q"}, {"maxAge": 1, "epsActual": {}, "epsEstimate": {}, "epsDifference": {}, "surprisePercent": {}, "quarter": {}, "period": "-1q"}], "maxAge": 86400}, "indexTrend": {"maxAge": 1, "symbol": "SP5", "peRatio": 19.7411, "pegRatio": 1.34172, "estimates": [{"period": "0q", "growth": 0.549}, {"period": "+1q", "growth": 0.431}, {"period": "0y", "growth": 0.305}, {"period": "+1y", "growth": 0.109}, {"period": "+5y", "growth": 0.120865}, {"period": "-5y"}]}, "industryTrend": {"maxAge": 1, "symbol": null, "estimates": []}, "insiderTransactions": {"transactions": [{"maxAge": 1, "shares": 14148510, "filerUrl": "", "transactionText": "", "filerName": "Jain (Praveen Kumar)", "filerRelation": "Executive Chairman", "moneyText": "", "startDate": "2013-04-04", "ownership": "D"}], "maxAge": 1}, "quoteType": {"exchange": "BSE", "quoteType": "EQUITY", "symbol": "MAGNUM.BO", "underlyingSymbol": "MAGNUM.BO", "shortName": "MAGNUM VENTURES LTD.", "longName": "Magnum Ventures Limited", "firstTradeDateEpochUtc": "2007-09-20 09:15:00", "timeZoneFullName": "Asia/Kolkata", "timeZoneShortName": "IST", "uuid": "a2d24063-3033-3bac-a1aa-c4c523a41477", "gmtOffSetMilliseconds": 19800000, "maxAge": 1}, "incomeStatementHistory": {"incomeStatementHistory": [{"maxAge": 1, "endDate": "2020-03-31", "totalRevenue": 2410600000, "costOfRevenue": 1691300000, "grossProfit": 719300000, "researchDevelopment": {}, "sellingGeneralAdministrative": 336900000, "nonRecurring": {}, "otherOperatingExpenses": 327400000, "totalOperatingExpenses": 2510900000, "operatingIncome": -100300000, "totalOtherIncomeExpenseNet": 6000000, "ebit": -100300000, "interestExpense": -4900000, "incomeBeforeTax": -94300000, "incomeTaxExpense": 27400000, "minorityInterest": {}, "netIncomeFromContinuingOps": -121700000, "discontinuedOperations": {}, "extraordinaryItems": {}, "effectOfAccountingCharges": {}, "otherItems": {}, "netIncome": -121700000, "netIncomeApplicableToCommonShares": -121700000}, {"maxAge": 1, "endDate": "2019-03-31", "totalRevenue": 2778736130, "costOfRevenue": 1949262266, "grossProfit": 829473864, "researchDevelopment": {}, "sellingGeneralAdministrative": 317917594, "nonRecurring": {}, "otherOperatingExpenses": 335918220, "totalOperatingExpenses": 2754570133, "operatingIncome": 24165997, "totalOtherIncomeExpenseNet": 4983557, "ebit": 24165997, "interestExpense": -353688, "incomeBeforeTax": 29149554, "incomeTaxExpense": 29794301, "minorityInterest": {}, "netIncomeFromContinuingOps": -644747, "discontinuedOperations": {}, "extraordinaryItems": {}, "effectOfAccountingCharges": {}, "otherItems": {}, "netIncome": -644747, "netIncomeApplicableToCommonShares": -644747}, {"maxAge": 1, "endDate": "2018-03-31", "totalRevenue": 2566207743, "costOfRevenue": 1788743392, "grossProfit": 777464351, "researchDevelopment": {}, "sellingGeneralAdministrative": 317635518, "nonRecurring": {}, "otherOperatingExpenses": 306830308, "totalOperatingExpenses": 2556188333, "operatingIncome": 10019410, "totalOtherIncomeExpenseNet": -548981, "ebit": 10019410, "interestExpense": -737707, "incomeBeforeTax": 9470429, "incomeTaxExpense": 1804591, "minorityInterest": {}, "netIncomeFromContinuingOps": 7665838, "discontinuedOperations": {}, "extraordinaryItems": {}, "effectOfAccountingCharges": {}, "otherItems": {}, "netIncome": 7665838, "netIncomeApplicableToCommonShares": 7665838}, {"maxAge": 1, "endDate": "2017-03-31", "totalRevenue": 2147737399, "costOfRevenue": 1640531645, "grossProfit": 507205754, "researchDevelopment": {}, "sellingGeneralAdministrative": 265560787, "nonRecurring": {}, "otherOperatingExpenses": 271155945, "totalOperatingExpenses": 2236267531, "operatingIncome": -88530132, "totalOtherIncomeExpenseNet": 1120118912, "ebit": -88530132, "interestExpense": -577748, "incomeBeforeTax": 1031588780, "incomeTaxExpense": 0, "minorityInterest": {}, "netIncomeFromContinuingOps": 1031588780, "discontinuedOperations": {}, "extraordinaryItems": {}, "effectOfAccountingCharges": {}, "otherItems": {}, "netIncome": 1031588780, "netIncomeApplicableToCommonShares": 1031588780}], "maxAge": 86400}, "fundOwnership": {"ownershipList": [], "maxAge": 1}, "summaryDetail": {"maxAge": 1, "priceHint": 4, "previousClose": 4.47, "open": 4.25, "dayLow": 4.25, "dayHigh": 4.65, "regularMarketPreviousClose": 4.47, "regularMarketOpen": 4.25, "regularMarketDayLow": 4.25, "regularMarketDayHigh": 4.65, "volume": 8640, "regularMarketVolume": 8640, "averageVolume": 5287, "averageVolume10days": 1583, "averageDailyVolume10Day": 1583, "bid": 4.27, "ask": 4.65, "bidSize": 0, "askSize": 0, "marketCap": 174472816, "fiftyTwoWeekLow": 2.0, "fiftyTwoWeekHigh": 7.12, "fiftyDayAverage": 4.8139396, "twoHundredDayAverage": 5.0751824, "currency": "INR", "fromCurrency": null, "lastMarket": null, "algorithm": null, "tradeable": false}, "sectorTrend": {"maxAge": 1, "symbol": null, "estimates": []}, "incomeStatementHistoryQuarterly": {"incomeStatementHistory": [{"maxAge": 1, "endDate": "2020-06-30", "totalRevenue": 23600000, "costOfRevenue": 32800000, "grossProfit": -9200000, "researchDevelopment": {}, "sellingGeneralAdministrative": 10000000, "nonRecurring": {}, "otherOperatingExpenses": 13500000, "totalOperatingExpenses": 95600000, "operatingIncome": -72000000, "totalOtherIncomeExpenseNet": 900000, "ebit": -72000000, "interestExpense": -100000, "incomeBeforeTax": -71100000, "incomeTaxExpense": 0, "minorityInterest": {}, "netIncomeFromContinuingOps": -71100000, "discontinuedOperations": {}, "extraordinaryItems": {}, "effectOfAccountingCharges": {}, "otherItems": {}, "netIncome": -71100000, "netIncomeApplicableToCommonShares": -71100000}, {"maxAge": 1, "endDate": "2020-03-31", "totalRevenue": 528800000, "costOfRevenue": 407500000, "grossProfit": 121300000, "researchDevelopment": {}, "sellingGeneralAdministrative": 89900000, "nonRecurring": {}, "otherOperatingExpenses": 75700000, "totalOperatingExpenses": 612000000, "operatingIncome": -83200000, "totalOtherIncomeExpenseNet": -400000, "ebit": -83200000, "interestExpense": -1600000, "incomeBeforeTax": -83600000, "incomeTaxExpense": 0, "minorityInterest": {}, "netIncomeFromContinuingOps": -83600000, "discontinuedOperations": {}, "extraordinaryItems": {}, "effectOfAccountingCharges": {}, "otherItems": {}, "netIncome": -83600000, "netIncomeApplicableToCommonShares": -83600000}, {"maxAge": 1, "endDate": "2019-12-31", "totalRevenue": 641000000, "costOfRevenue": 432200000, "grossProfit": 208800000, "researchDevelopment": {}, "sellingGeneralAdministrative": 81100000, "nonRecurring": {}, "otherOperatingExpenses": 87100000, "totalOperatingExpenses": 639200000, "operatingIncome": 1800000, "totalOtherIncomeExpenseNet": 5900000, "ebit": 1800000, "interestExpense": -1600000, "incomeBeforeTax": 7700000, "incomeTaxExpense": 0, "minorityInterest": {}, "netIncomeFromContinuingOps": 7700000, "discontinuedOperations": {}, "extraordinaryItems": {}, "effectOfAccountingCharges": {}, "otherItems": {}, "netIncome": 7700000, "netIncomeApplicableToCommonShares": 7700000}, {"maxAge": 1, "endDate": "2019-09-30", "totalRevenue": 605600000, "costOfRevenue": 403200000, "grossProfit": 202400000, "researchDevelopment": {}, "sellingGeneralAdministrative": 81600000, "nonRecurring": {}, "otherOperatingExpenses": 80800000, "totalOperatingExpenses": 604800000, "operatingIncome": 800000, "totalOtherIncomeExpenseNet": 200000, "ebit": 800000, "interestExpense": -900000, "incomeBeforeTax": 1000000, "incomeTaxExpense": 0, "minorityInterest": {}, "netIncomeFromContinuingOps": 1000000, "discontinuedOperations": {}, "extraordinaryItems": {}, "effectOfAccountingCharges": {}, "otherItems": {}, "netIncome": 1000000, "netIncomeApplicableToCommonShares": 1000000}], "maxAge": 86400}, "cashflowStatementHistoryQuarterly": {"cashflowStatements": [{"maxAge": 1, "endDate": "2020-06-30", "netIncome": -71100000, "changeToLiabilities": 0}, {"maxAge": 1, "endDate": "2020-03-31", "netIncome": -83600000, "changeToLiabilities": 0}, {"maxAge": 1, "endDate": "2019-12-31", "netIncome": 7700000, "changeToLiabilities": 0}, {"maxAge": 1, "endDate": "2019-09-30", "netIncome": 1000000, "changeToLiabilities": 0}], "maxAge": 86400}, "insiderHolders": {"holders": [{"maxAge": 1, "name": "Jain (Praveen Kumar)", "relation": "Executive Chairman", "url": "", "transactionDescription": "Acquisition", "latestTransDate": "2013-04-04", "positionDirect": 2500000, "positionDirectDate": "2013-04-04"}], "maxAge": 1}, "earnings": {"maxAge": 86400, "earningsChart": {"quarterly": [], "earningsDate": ["2020-08-28 05:30:S"]}, "financialsChart": {"yearly": [{"date": 2017, "revenue": 2147737399, "earnings": 1031588780}, {"date": 2018, "revenue": 2566207743, "earnings": 7665838}, {"date": 2019, "revenue": 2778736130, "earnings": -644747}, {"date": 2020, "revenue": 2410600000, "earnings": -121700000}], "quarterly": [{"date": "3Q2019", "revenue": 605600000, "earnings": 1000000}, {"date": "4Q2019", "revenue": 641000000, "earnings": 7700000}, {"date": "1Q2020", "revenue": 528800000, "earnings": -83600000}, {"date": "2Q2020", "revenue": 23600000, "earnings": -71100000}]}, "financialCurrency": "INR"}, "calendarEvents": {"maxAge": 1, "earnings": {"earningsDate": ["2020-08-28 05:30:S"]}}, "upgradeDowngradeHistory": {"history": [], "maxAge": 86400}, "price": {"maxAge": 1, "regularMarketChangePercent": 0.03803134, "regularMarketChange": 0.17000008, "regularMarketTime": "2021-04-30 15:26:08", "priceHint": 4, "regularMarketPrice": 4.64, "regularMarketDayHigh": 4.65, "regularMarketDayLow": 4.25, "regularMarketVolume": 8640, "averageDailyVolume10Day": 1583, "averageDailyVolume3Month": 5287, "regularMarketPreviousClose": 4.47, "regularMarketSource": "FREE_REALTIME", "regularMarketOpen": 4.25, "exchange": "BSE", "exchangeName": "BSE", "exchangeDataDelayedBy": 0, "marketState": "CLOSED", "quoteType": "EQUITY", "symbol": "MAGNUM.BO", "underlyingSymbol": null, "shortName": "MAGNUM VENTURES LTD.", "longName": "Magnum Ventures Limited", "currency": "INR", "quoteSourceName": "Delayed Quote", "currencySymbol": "\u20b9", "fromCurrency": null, "lastMarket": null, "marketCap": 174472816}, "balanceSheetHistory": {"balanceSheetStatements": [{"maxAge": 1, "endDate": "2020-03-31", "cash": 80600000, "netReceivables": 597000000, "inventory": 167100000, "totalCurrentAssets": 852800000, "propertyPlantEquipment": 2040900000, "intangibleAssets": 900000, "otherAssets": 16400000, "totalAssets": 2911000000, "accountsPayable": 214500000, "otherCurrentLiab": 131700000, "longTermDebt": 2796900000, "otherLiab": 97000000, "totalCurrentLiabilities": 346200000, "totalLiab": 3240100000, "commonStock": 376000000, "treasuryStock": -705100000, "otherStockholderEquity": -705100000, "totalStockholderEquity": -329100000, "netTangibleAssets": -330000000}, {"maxAge": 1, "endDate": "2019-03-31", "cash": 89300173, "netReceivables": 565459953, "inventory": 355956931, "otherCurrentAssets": 50058360, "totalCurrentAssets": 1062482426, "propertyPlantEquipment": 2081390463, "otherAssets": 20942275, "totalAssets": 3164815164, "accountsPayable": 239091441, "otherCurrentLiab": 166592658, "longTermDebt": 2863989835, "otherLiab": 62285879, "totalCurrentLiabilities": 445837449, "totalLiab": 3372113163, "commonStock": 376018840, "retainedEarnings": -1218570635, "capitalSurplus": 385253799, "totalStockholderEquity": -457297996, "netTangibleAssets": -457297996}, {"maxAge": 1, "endDate": "2018-03-31", "cash": 66231160, "netReceivables": 644113443, "inventory": 284726782, "otherCurrentAssets": 26747110, "totalCurrentAssets": 1023487601, "propertyPlantEquipment": 2063744065, "intangibleAssets": 43424, "otherAssets": 13030975, "totalAssets": 3100306065, "accountsPayable": 266774366, "shortLongTermDebt": 66760000, "otherCurrentLiab": 143022032, "longTermDebt": 2775172566, "otherLiab": 34198854, "totalCurrentLiabilities": 497253773, "totalLiab": 3306959315, "commonStock": 376018840, "retainedEarnings": -1217925887, "capitalSurplus": 385253799, "totalStockholderEquity": -456653248, "netTangibleAssets": -456696672}, {"maxAge": 1, "endDate": "2017-03-31", "cash": 78938985, "netReceivables": 671903862, "inventory": 182703559, "otherCurrentAssets": 60458834, "totalCurrentAssets": 997362305, "propertyPlantEquipment": 2095851217, "intangibleAssets": 100690, "otherAssets": 12468867, "totalAssets": 3105783079, "accountsPayable": 301779287, "otherCurrentLiab": 72815982, "longTermDebt": 2902264178, "otherLiab": 30512752, "totalCurrentLiabilities": 385915524, "totalLiab": 3320102171, "commonStock": 376018840, "retainedEarnings": -1225591727, "capitalSurplus": 385253799, "totalStockholderEquity": -464319088, "netTangibleAssets": -464419778}], "maxAge": 86400}, "earningsTrend": {"trend": [{"maxAge": 1, "period": "0q", "endDate": null, "growth": {}, "earningsEstimate": {"avg": 0.0, "low": 0.0, "high": 0.0, "yearAgoEps": {}, "numberOfAnalysts": 0, "growth": {}}, "revenueEstimate": {"avg": 0, "low": 0, "high": 0, "numberOfAnalysts": 0, "yearAgoRevenue": {}, "growth": {}}, "epsTrend": {"current": 0.0, "7daysAgo": 0.0, "30daysAgo": 0.0, "60daysAgo": 0.0, "90daysAgo": 0.0}, "epsRevisions": {"upLast7days": 0, "upLast30days": 0, "downLast30days": 0, "downLast90days": {}}}, {"maxAge": 1, "period": "+1q", "endDate": null, "growth": {}, "earningsEstimate": {"avg": 0.0, "low": 0.0, "high": 0.0, "yearAgoEps": {}, "numberOfAnalysts": 0, "growth": {}}, "revenueEstimate": {"avg": 0, "low": 0, "high": 0, "numberOfAnalysts": 0, "yearAgoRevenue": {}, "growth": {}}, "epsTrend": {"current": 0.0, "7daysAgo": 0.0, "30daysAgo": 0.0, "60daysAgo": 0.0, "90daysAgo": 0.0}, "epsRevisions": {"upLast7days": 0, "upLast30days": 0, "downLast30days": 0, "downLast90days": {}}}, {"maxAge": 1, "period": "0y", "endDate": null, "growth": {}, "earningsEstimate": {"avg": 0.0, "low": 0.0, "high": 0.0, "yearAgoEps": {}, "numberOfAnalysts": 0, "growth": {}}, "revenueEstimate": {"avg": 0, "low": 0, "high": 0, "numberOfAnalysts": 0, "yearAgoRevenue": {}, "growth": {}}, "epsTrend": {"current": 0.0, "7daysAgo": 0.0, "30daysAgo": 0.0, "60daysAgo": 0.0, "90daysAgo": 0.0}, "epsRevisions": {"upLast7days": 0, "upLast30days": 0, "downLast30days": 0, "downLast90days": {}}}, {"maxAge": 1, "period": "+1y", "endDate": null, "growth": {}, "earningsEstimate": {"avg": 0.0, "low": 0.0, "high": 0.0, "yearAgoEps": {}, "numberOfAnalysts": 0, "growth": {}}, "revenueEstimate": {"avg": 0, "low": 0, "high": 0, "numberOfAnalysts": 0, "yearAgoRevenue": {}, "growth": {}}, "epsTrend": {"current": 0.0, "7daysAgo": 0.0, "30daysAgo": 0.0, "60daysAgo": 0.0, "90daysAgo": 0.0}, "epsRevisions": {"upLast7days": 0, "upLast30days": 0, "downLast30days": 0, "downLast90days": {}}}, {"maxAge": 1, "period": "+5y", "endDate": null, "growth": {}, "earningsEstimate": {"avg": {}, "low": {}, "high": {}, "yearAgoEps": {}, "numberOfAnalysts": {}, "growth": {}}, "revenueEstimate": {"avg": {}, "low": {}, "high": {}, "numberOfAnalysts": {}, "yearAgoRevenue": {}, "growth": {}}, "epsTrend": {"current": {}, "7daysAgo": {}, "30daysAgo": {}, "60daysAgo": {}, "90daysAgo": {}}, "epsRevisions": {"upLast7days": {}, "upLast30days": {}, "downLast30days": {}, "downLast90days": {}}}, {"maxAge": 1, "period": "-5y", "endDate": null, "growth": {}, "earningsEstimate": {"avg": {}, "low": {}, "high": {}, "yearAgoEps": {}, "numberOfAnalysts": {}, "growth": {}}, "revenueEstimate": {"avg": {}, "low": {}, "high": {}, "numberOfAnalysts": {}, "yearAgoRevenue": {}, "growth": {}}, "epsTrend": {"current": {}, "7daysAgo": {}, "30daysAgo": {}, "60daysAgo": {}, "90daysAgo": {}}, "epsRevisions": {"upLast7days": {}, "upLast30days": {}, "downLast30days": {}, "downLast90days": {}}}], "maxAge": 1}, "financialData": {"maxAge": 86400, "currentPrice": 4.64, "recommendationKey": "none", "grossProfits": 719300000, "financialCurrency": "INR"}}}