{"MAHANIN.BO": {"cashflowStatementHistory": {"cashflowStatements": [{"maxAge": 1, "endDate": "2020-03-31", "netIncome": -8948720, "depreciation": 14748, "changeToNetincome": 6989114, "changeToAccountReceivables": -457540, "changeToLiabilities": -241979, "changeToInventory": 2893688, "changeToOperatingActivities": 600971, "totalCashFromOperatingActivities": 854307, "investments": 1280065, "totalCashflowsFromInvestingActivities": 5098709, "netBorrowings": -6002907, "totalCashFromFinancingActivities": -6002907, "changeInCash": -49891}, {"maxAge": 1, "endDate": "2019-03-31", "netIncome": -36274106, "depreciation": 14748, "changeToNetincome": 31396325, "changeToAccountReceivables": -1282625, "changeToLiabilities": -3995564, "changeToInventory": 2255913, "changeToOperatingActivities": -635437, "totalCashFromOperatingActivities": -8516721, "investments": 5379592, "totalCashflowsFromInvestingActivities": 6892635, "netBorrowings": 1750052, "totalCashFromFinancingActivities": 1750052, "changeInCash": 125966}, {"maxAge": 1, "endDate": "2018-03-31", "netIncome": -3304000, "depreciation": 19000, "changeToNetincome": 403000, "changeToAccountReceivables": 231000, "changeToLiabilities": 61000, "changeToInventory": 1526000, "changeToOperatingActivities": -230000, "totalCashFromOperatingActivities": -1294000, "capitalExpenditures": -232000, "investments": 5379592, "totalCashflowsFromInvestingActivities": -232000, "netBorrowings": 1468000, "totalCashFromFinancingActivities": 1468000, "changeInCash": -59000}, {"maxAge": 1, "endDate": "2017-03-31", "netIncome": -11831960, "depreciation": 18650, "changeToNetincome": 5064440, "changeToAccountReceivables": 453100, "changeToLiabilities": -230, "changeToInventory": -2255020, "changeToOperatingActivities": 410950, "totalCashFromOperatingActivities": -8140070, "capitalExpenditures": -232000, "investments": 16525600, "totalCashflowsFromInvestingActivities": 20961100, "netBorrowings": -12797520, "totalCashFromFinancingActivities": -12797520, "changeInCash": 23510}], "maxAge": 86400}, "institutionOwnership": {"maxAge": 1, "ownershipList": []}, "balanceSheetHistoryQuarterly": {"balanceSheetStatements": [{"maxAge": 1, "endDate": "2020-03-31", "cash": 171716, "shortTermInvestments": 32773291, "netReceivables": 58616035, "totalCurrentAssets": 91912536, "propertyPlantEquipment": 667108, "otherAssets": 694270, "totalAssets": 93273914, "accountsPayable": 57372, "otherLiab": 377780, "totalCurrentLiabilities": 27899018, "totalLiab": 28276798, "commonStock": 360000000, "retainedEarnings": -304002884, "treasuryStock": 9000000, "otherStockholderEquity": 9000000, "totalStockholderEquity": 64997116, "netTangibleAssets": 64997116}, {"maxAge": 1, "endDate": "2019-12-31", "totalStockholderEquity": 71926000, "netTangibleAssets": 71926000}, {"maxAge": 1, "endDate": "2019-09-30", "cash": 441000, "netReceivables": 60086000, "inventory": 3383000, "totalCurrentAssets": 63910000, "longTermInvestments": 41042000, "propertyPlantEquipment": 676000, "otherAssets": 1168000, "totalAssets": 106796000, "accountsPayable": 271000, "longTermDebt": 34313000, "otherLiab": 231000, "totalCurrentLiabilities": 326000, "totalLiab": 34870000, "commonStock": 360000000, "treasuryStock": -288074000, "otherStockholderEquity": -288074000, "totalStockholderEquity": 71926000, "netTangibleAssets": 71926000}, {"maxAge": 1, "endDate": "2019-06-30", "totalStockholderEquity": 73946000, "netTangibleAssets": 73946000}], "maxAge": 86400}, "indexTrend": {"maxAge": 1, "symbol": "SP5", "peRatio": 19.7411, "pegRatio": 1.34172, "estimates": [{"period": "0q", "growth": 0.549}, {"period": "+1q", "growth": 0.431}, {"period": "0y", "growth": 0.305}, {"period": "+1y", "growth": 0.109}, {"period": "+5y", "growth": 0.120859005}, {"period": "-5y"}]}, "insiderTransactions": {"transactions": [{"maxAge": 1, "shares": 6354, "filerUrl": "", "transactionText": "", "filerName": "Gupta (Yogendra Kumar)", "filerRelation": "Managing Director", "moneyText": "", "startDate": "2017-03-30", "ownership": "D"}, {"maxAge": 1, "shares": 5950800, "filerUrl": "", "transactionText": "", "filerName": "Gupta (Pranav Yogendra Kumar)", "filerRelation": "Managing Director", "moneyText": "", "startDate": "2017-03-30", "ownership": "D"}, {"maxAge": 1, "shares": 100000, "filerUrl": "", "transactionText": "", "filerName": "Gupta (Yogendra Kumar)", "filerRelation": "Managing Director", "moneyText": "", "startDate": "2017-03-29", "ownership": "D"}, {"maxAge": 1, "shares": 100000, "filerUrl": "", "transactionText": "", "filerName": "Gupta (Ratankumar Prabhudayal)", "filerRelation": "Promoter", "moneyText": "", "startDate": "2017-03-29", "ownership": "D"}, {"maxAge": 1, "shares": 17000, "filerUrl": "", "transactionText": "", "filerName": "Gupta (Manju Yogendra Kumar)", "filerRelation": "Promoter", "moneyText": "", "startDate": "2017-03-28", "ownership": "D"}, {"maxAge": 1, "shares": 107000, "filerUrl": "", "transactionText": "", "filerName": "Gupta (Yogendra Kumar)", "filerRelation": "Managing Director", "moneyText": "", "startDate": "2017-03-28", "ownership": "D"}, {"maxAge": 1, "shares": 90000, "filerUrl": "", "transactionText": "", "filerName": "Gupta (Prashant Prabhudayal)", "filerRelation": "Promoter", "moneyText": "", "startDate": "2017-03-28", "ownership": "D"}, {"maxAge": 1, "shares": 100000, "filerUrl": "", "transactionText": "", "filerName": "Gupta (Prashant Prabhudayal)", "filerRelation": "UNREPORTED", "moneyText": "", "startDate": "2011-05-29", "ownership": "D"}, {"maxAge": 1, "shares": 600000, "filerUrl": "", "transactionText": "", "filerName": "Gupta (Pranav Yogendra Kumar)", "filerRelation": "Managing Director", "moneyText": "", "startDate": "2010-09-05", "ownership": "D"}, {"maxAge": 1, "shares": 5587456, "filerUrl": "", "transactionText": "", "filerName": "Gupta (Pranav Yogendra Kumar)", "filerRelation": "Managing Director", "moneyText": "", "startDate": "2010-09-01", "ownership": "D"}, {"maxAge": 1, "shares": 5787456, "filerUrl": "", "transactionText": "", "filerName": "Gupta (Pranav Yogendra Kumar)", "filerRelation": "UNREPORTED", "moneyText": "", "startDate": "2010-06-23", "ownership": "D"}, {"maxAge": 1, "shares": 4287456, "filerUrl": "", "transactionText": "", "filerName": "Gupta (Pranav Yogendra Kumar)", "filerRelation": "Managing Director", "moneyText": "", "startDate": "2010-04-30", "ownership": "D"}, {"maxAge": 1, "shares": 848286, "filerUrl": "", "transactionText": "", "filerName": "Gupta (Pranav Yogendra Kumar)", "filerRelation": "UNREPORTED", "moneyText": "", "startDate": "2010-03-15", "ownership": "D"}, {"maxAge": 1, "shares": 560830, "filerUrl": "", "transactionText": "", "filerName": "Gupta (Pranav Yogendra Kumar)", "filerRelation": "UNREPORTED", "moneyText": "", "startDate": "2010-03-04", "ownership": "D"}, {"maxAge": 1, "shares": 500000, "filerUrl": "", "transactionText": "", "filerName": "Gupta (Manju Yogendra Kumar)", "filerRelation": "UNREPORTED", "moneyText": "", "startDate": "2010-03-02", "ownership": "D"}, {"maxAge": 1, "shares": 23750, "filerUrl": "", "transactionText": "", "filerName": "Gupta (Pranav Yogendra Kumar)", "filerRelation": "Managing Director", "moneyText": "", "startDate": "2010-03-02", "ownership": "D"}, {"maxAge": 1, "shares": 500000, "filerUrl": "", "transactionText": "", "filerName": "Gupta (Pranav Yogendra Kumar)", "filerRelation": "Managing Director", "moneyText": "", "startDate": "2010-02-21", "ownership": "D"}, {"maxAge": 1, "shares": 17125000, "filerUrl": "", "transactionText": "", "filerName": "Lakeside Properties Pvt Ltd", "filerRelation": "Institution- Corporation", "moneyText": "", "startDate": "2010-02-20", "ownership": "D"}, {"maxAge": 1, "shares": 16675000, "filerUrl": "", "transactionText": "", "filerName": "Narois Impex Pvt Ltd", "filerRelation": "Institution- Corporation", "moneyText": "", "startDate": "2010-02-20", "ownership": "D"}, {"maxAge": 1, "shares": 16750000, "filerUrl": "", "transactionText": "", "filerName": "Grantview Properties Pvt Ltd", "filerRelation": "Institution- Corporation", "moneyText": "", "startDate": "2010-02-20", "ownership": "D"}, {"maxAge": 1, "shares": 2800000, "filerUrl": "", "transactionText": "", "filerName": "Gupta (Pranav Yogendra Kumar)", "filerRelation": "Managing Director", "moneyText": "", "startDate": "2010-02-18", "ownership": "D"}, {"maxAge": 1, "shares": 1500000, "filerUrl": "", "transactionText": "", "filerName": "Gupta (Pranav Yogendra Kumar)", "filerRelation": "Managing Director", "moneyText": "", "startDate": "2010-02-16", "ownership": "D"}, {"maxAge": 1, "shares": 6667275, "filerUrl": "", "transactionText": "", "filerName": "Gupta (Pranav Yogendra Kumar)", "filerRelation": "Managing Director", "moneyText": "", "startDate": "2010-02-15", "ownership": "D"}, {"maxAge": 1, "shares": 182000, "filerUrl": "", "transactionText": "", "filerName": "Gupta (Pranav Yogendra Kumar)", "filerRelation": "Managing Director", "moneyText": "", "startDate": "2010-01-12", "ownership": "D"}, {"maxAge": 1, "shares": 296800, "filerUrl": "", "transactionText": "", "filerName": "Gupta (Pranav Yogendra Kumar)", "filerRelation": "Managing Director", "moneyText": "", "startDate": "2010-01-11", "ownership": "D"}, {"maxAge": 1, "shares": 175000, "filerUrl": "", "transactionText": "", "filerName": "Gupta (Pranav Yogendra Kumar)", "filerRelation": "Managing Director", "moneyText": "", "startDate": "2010-01-10", "ownership": "D"}, {"maxAge": 1, "shares": 150000, "filerUrl": "", "transactionText": "", "filerName": "Gupta (Pranav Yogendra Kumar)", "filerRelation": "Managing Director", "moneyText": "", "startDate": "2010-01-06", "ownership": "D"}, {"maxAge": 1, "shares": 200000, "filerUrl": "", "transactionText": "", "filerName": "Gupta (Pranav Yogendra Kumar)", "filerRelation": "Managing Director", "moneyText": "", "startDate": "2010-01-05", "ownership": "D"}, {"maxAge": 1, "shares": 0, "filerUrl": "", "transactionText": "", "filerName": "Gupta (Pranav Yogendra Kumar)", "filerRelation": "Managing Director", "moneyText": "", "startDate": "2010-01-03", "ownership": "I"}, {"maxAge": 1, "shares": 100000, "filerUrl": "", "transactionText": "", "filerName": "Gupta (Pranav Yogendra Kumar)", "filerRelation": "Managing Director", "moneyText": "", "startDate": "2010-01-03", "ownership": "D"}, {"maxAge": 1, "shares": 300000, "filerUrl": "", "transactionText": "", "filerName": "Gupta (Pranav Yogendra Kumar)", "filerRelation": "Managing Director", "moneyText": "", "startDate": "2009-12-21", "ownership": "D"}, {"maxAge": 1, "shares": 300000, "filerUrl": "", "transactionText": "", "filerName": "Doshi (Aruna)", "filerRelation": "UNREPORTED", "moneyText": "", "startDate": "2009-12-21", "ownership": "D"}, {"maxAge": 1, "shares": 63000, "filerUrl": "", "transactionText": "", "filerName": "Gupta (Pranav Yogendra Kumar)", "filerRelation": "Managing Director", "moneyText": "", "startDate": "2009-12-17", "ownership": "D"}, {"maxAge": 1, "shares": 352985, "filerUrl": "", "transactionText": "", "filerName": "Religare Securities Ltd", "filerRelation": "Institution- Corporation", "moneyText": "", "startDate": "2009-12-16", "ownership": "D"}], "maxAge": 1}, "quoteType": {"exchange": "BSE", "quoteType": "EQUITY", "symbol": "MAHANIN.BO", "underlyingSymbol": "MAHANIN.BO", "shortName": "MAHAN INDUSTRIES LTD.", "longName": "Mahan Industries Limited", "firstTradeDateEpochUtc": "2002-07-01 09:15:00", "timeZoneFullName": "Asia/Kolkata", "timeZoneShortName": "IST", "uuid": "668e5ff0-a37a-306e-a1a5-60a737671d76", "messageBoardId": null, "gmtOffSetMilliseconds": 19800000, "maxAge": 1}, "incomeStatementHistory": {"incomeStatementHistory": [{"maxAge": 1, "endDate": "2020-03-31", "totalRevenue": 6878782, "costOfRevenue": 6007288, "grossProfit": 871494, "researchDevelopment": {}, "sellingGeneralAdministrative": 1370990, "nonRecurring": {}, "otherOperatingExpenses": 837427, "totalOperatingExpenses": 8826978, "operatingIncome": -1948196, "totalOtherIncomeExpenseNet": -7000524, "ebit": -1948196, "interestExpense": -16539, "incomeBeforeTax": -8948720, "incomeTaxExpense": 0, "minorityInterest": {}, "netIncomeFromContinuingOps": -8948720, "discontinuedOperations": {}, "extraordinaryItems": {}, "effectOfAccountingCharges": {}, "otherItems": {}, "netIncome": -8948720, "netIncomeApplicableToCommonShares": -8948720}, {"maxAge": 1, "endDate": "2019-03-31", "totalRevenue": 4562118, "costOfRevenue": 7249156, "grossProfit": -2687038, "researchDevelopment": {}, "sellingGeneralAdministrative": 1022908, "nonRecurring": {}, "otherOperatingExpenses": 4725048, "totalOperatingExpenses": 13015885, "operatingIncome": -8453767, "totalOtherIncomeExpenseNet": -27820339, "ebit": -8453767, "interestExpense": -20324, "incomeBeforeTax": -36274106, "incomeTaxExpense": 3596000, "minorityInterest": {}, "netIncomeFromContinuingOps": -36274106, "discontinuedOperations": {}, "extraordinaryItems": {}, "effectOfAccountingCharges": {}, "otherItems": {}, "netIncome": -36274106, "netIncomeApplicableToCommonShares": -36274106}, {"maxAge": 1, "endDate": "2018-03-31", "totalRevenue": 180000, "costOfRevenue": 1552000, "grossProfit": -1372000, "researchDevelopment": {}, "sellingGeneralAdministrative": 565000, "nonRecurring": {}, "otherOperatingExpenses": 941000, "totalOperatingExpenses": 3077000, "operatingIncome": -2897000, "totalOtherIncomeExpenseNet": -407010, "ebit": -2897000, "interestExpense": -4000, "incomeBeforeTax": -3304000, "incomeTaxExpense": 0, "minorityInterest": {}, "netIncomeFromContinuingOps": -3304000, "discontinuedOperations": {}, "extraordinaryItems": {}, "effectOfAccountingCharges": {}, "otherItems": {}, "netIncome": -3304000, "netIncomeApplicableToCommonShares": -3304000}, {"maxAge": 1, "endDate": "2017-03-31", "totalRevenue": 1574090, "costOfRevenue": -2226710, "grossProfit": 3800800, "researchDevelopment": {}, "sellingGeneralAdministrative": 532450, "nonRecurring": {}, "otherOperatingExpenses": 5293620, "totalOperatingExpenses": 3618010, "operatingIncome": -2043920, "totalOtherIncomeExpenseNet": -9788040, "ebit": -2043920, "interestExpense": -4723610, "incomeBeforeTax": -11831960, "incomeTaxExpense": 0, "minorityInterest": {}, "netIncomeFromContinuingOps": -11831960, "discontinuedOperations": {}, "extraordinaryItems": {}, "effectOfAccountingCharges": {}, "otherItems": {}, "netIncome": -11831960, "netIncomeApplicableToCommonShares": -11831960}], "maxAge": 86400}, "fundOwnership": {"maxAge": 1, "ownershipList": []}, "summaryDetail": {"maxAge": 1, "priceHint": 4, "previousClose": 0.29, "open": 0.28, "dayLow": 0.28, "dayHigh": 0.3, "regularMarketPreviousClose": 0.29, "regularMarketOpen": 0.28, "regularMarketDayLow": 0.28, "regularMarketDayHigh": 0.3, "volume": 34367, "regularMarketVolume": 34367, "averageVolume": 32679, "averageVolume10days": 3691, "averageDailyVolume10Day": 3691, "bid": 0.28, "ask": 0.29, "bidSize": 0, "askSize": 0, "marketCap": 10440000, "fiftyTwoWeekLow": 0.19, "fiftyTwoWeekHigh": 0.32, "fiftyDayAverage": 0.2657143, "twoHundredDayAverage": 0.2461151, "currency": "INR", "fromCurrency": null, "toCurrency": null, "lastMarket": null, "algorithm": null, "tradeable": false}, "incomeStatementHistoryQuarterly": {"incomeStatementHistory": [{"maxAge": 1, "endDate": "2020-03-31", "totalRevenue": 3132782, "costOfRevenue": 4272288, "grossProfit": -1139506, "researchDevelopment": {}, "sellingGeneralAdministrative": 352990, "nonRecurring": {}, "otherOperatingExpenses": -6986573, "totalOperatingExpenses": -1764022, "operatingIncome": 4896804, "totalOtherIncomeExpenseNet": -4047524, "ebit": 4896804, "interestExpense": -8539, "incomeBeforeTax": 849280, "incomeTaxExpense": 0, "minorityInterest": {}, "netIncomeFromContinuingOps": 849280, "discontinuedOperations": {}, "extraordinaryItems": {}, "effectOfAccountingCharges": {}, "otherItems": {}, "netIncome": 849280, "netIncomeApplicableToCommonShares": 849280}, {"maxAge": 1, "endDate": "2019-12-31", "totalRevenue": 2964000, "costOfRevenue": 1873000, "grossProfit": 1091000, "researchDevelopment": {}, "sellingGeneralAdministrative": 341000, "nonRecurring": {}, "otherOperatingExpenses": 7133000, "totalOperatingExpenses": 9352000, "operatingIncome": -6388000, "totalOtherIncomeExpenseNet": -1390000, "ebit": -6388000, "interestExpense": -4000, "incomeBeforeTax": -7778000, "incomeTaxExpense": 0, "minorityInterest": {}, "netIncomeFromContinuingOps": -7778000, "discontinuedOperations": {}, "extraordinaryItems": {}, "effectOfAccountingCharges": {}, "otherItems": {}, "netIncome": -7778000, "netIncomeApplicableToCommonShares": -7778000}, {"maxAge": 1, "endDate": "2019-09-30", "totalRevenue": 341000, "costOfRevenue": -136000, "grossProfit": 477000, "researchDevelopment": {}, "sellingGeneralAdministrative": 327000, "nonRecurring": {}, "otherOperatingExpenses": 171000, "totalOperatingExpenses": 366000, "operatingIncome": -25000, "totalOtherIncomeExpenseNet": -586000, "ebit": -25000, "interestExpense": -1000, "incomeBeforeTax": -611000, "incomeTaxExpense": 0, "minorityInterest": {}, "netIncomeFromContinuingOps": -611000, "discontinuedOperations": {}, "extraordinaryItems": {}, "effectOfAccountingCharges": {}, "otherItems": {}, "netIncome": -611000, "netIncomeApplicableToCommonShares": -611000}, {"maxAge": 1, "endDate": "2019-06-30", "totalRevenue": 440000, "costOfRevenue": 381000, "grossProfit": 59000, "researchDevelopment": {}, "sellingGeneralAdministrative": 350000, "nonRecurring": {}, "otherOperatingExpenses": 1110000, "totalOperatingExpenses": 1846000, "operatingIncome": -1406000, "totalOtherIncomeExpenseNet": -2000, "ebit": -1406000, "interestExpense": -2000, "incomeBeforeTax": -1408000, "incomeTaxExpense": 0, "minorityInterest": {}, "netIncomeFromContinuingOps": -1408000, "discontinuedOperations": {}, "extraordinaryItems": {}, "effectOfAccountingCharges": {}, "otherItems": {}, "netIncome": -1408000, "netIncomeApplicableToCommonShares": -1408000}], "maxAge": 86400}, "cashflowStatementHistoryQuarterly": {"cashflowStatements": [{"maxAge": 1, "endDate": "2020-03-31", "netIncome": 849280, "changeToLiabilities": 0}, {"maxAge": 1, "endDate": "2019-12-31", "netIncome": -7778000, "changeToLiabilities": 0}, {"maxAge": 1, "endDate": "2019-09-30", "netIncome": -611000, "changeToLiabilities": 0}, {"maxAge": 1, "endDate": "2019-06-30", "netIncome": -1408000, "changeToLiabilities": 0}], "maxAge": 86400}, "insiderHolders": {"holders": [{"maxAge": 1, "name": "Doshi (Aruna)", "relation": "UNREPORTED", "url": "", "transactionDescription": "Sale", "latestTransDate": "2009-12-21", "positionDirect": 2011275, "positionDirectDate": "2009-12-21"}, {"maxAge": 1, "name": "Grantview Properties Pvt Ltd", "relation": "Institution- Corporation", "url": "", "transactionDescription": "Other", "latestTransDate": "2010-02-20", "positionDirect": 16750000, "positionDirectDate": "2010-02-20"}, {"maxAge": 1, "name": "Gupta (Manju Yogendra Kumar)", "relation": "Promoter", "url": "", "transactionDescription": "Sale", "latestTransDate": "2017-03-28", "positionDirect": 0, "positionDirectDate": "2017-03-28"}, {"maxAge": 1, "name": "Gupta (Pranav Yogendra Kumar)", "relation": "Managing Director", "url": "", "transactionDescription": "Sale", "latestTransDate": "2017-03-30", "positionDirect": 200, "positionDirectDate": "2017-03-30"}, {"maxAge": 1, "name": "Gupta (Prashant Prabhudayal)", "relation": "Promoter", "url": "", "transactionDescription": "Sale", "latestTransDate": "2017-03-28", "positionDirect": 0, "positionDirectDate": "2017-03-28"}, {"maxAge": 1, "name": "Gupta (Ratankumar Prabhudayal)", "relation": "Promoter", "url": "", "transactionDescription": "Sale", "latestTransDate": "2017-03-29", "positionDirect": 0, "positionDirectDate": "2017-03-29"}, {"maxAge": 1, "name": "Gupta (Yogendra Kumar)", "relation": "Managing Director", "url": "", "transactionDescription": "Purchase", "latestTransDate": "2017-03-30", "positionDirect": 533454, "positionDirectDate": "2017-03-30"}, {"maxAge": 1, "name": "Lakeside Properties Pvt Ltd", "relation": "Institution- Corporation", "url": "", "transactionDescription": "Other", "latestTransDate": "2010-02-20", "positionDirect": 17125000, "positionDirectDate": "2010-02-20"}, {"maxAge": 1, "name": "Narois Impex Pvt Ltd", "relation": "Institution- Corporation", "url": "", "transactionDescription": "Exercise", "latestTransDate": "2010-02-20", "positionDirect": 16675000, "positionDirectDate": "2010-02-20"}, {"maxAge": 1, "name": "Religare Securities Ltd", "relation": "Institution- Corporation", "url": "", "transactionDescription": "Acquisition", "latestTransDate": "2009-12-16", "positionDirect": 393795, "positionDirectDate": "2009-12-16"}], "maxAge": 1}, "calendarEvents": {"maxAge": 1, "earnings": {"earningsDate": ["2020-08-13 05:30:S"]}}, "price": {"maxAge": 1, "regularMarketChangePercent": 0.0, "regularMarketChange": 0.0, "regularMarketTime": "2021-04-30 15:04:37", "priceHint": 4, "regularMarketPrice": 0.29, "regularMarketDayHigh": 0.3, "regularMarketDayLow": 0.28, "regularMarketVolume": 34367, "averageDailyVolume10Day": 3691, "averageDailyVolume3Month": 32679, "regularMarketPreviousClose": 0.29, "regularMarketSource": "FREE_REALTIME", "regularMarketOpen": 0.28, "exchange": "BSE", "exchangeName": "BSE", "exchangeDataDelayedBy": 0, "marketState": "CLOSED", "quoteType": "EQUITY", "symbol": "MAHANIN.BO", "underlyingSymbol": null, "shortName": "MAHAN INDUSTRIES LTD.", "longName": "Mahan Industries Limited", "currency": "INR", "quoteSourceName": "Delayed Quote", "currencySymbol": "\u20b9", "fromCurrency": null, "toCurrency": null, "lastMarket": null, "marketCap": 10440000}, "balanceSheetHistory": {"balanceSheetStatements": [{"maxAge": 1, "endDate": "2020-03-31", "cash": 171716, "shortTermInvestments": 32773291, "netReceivables": 58616035, "totalCurrentAssets": 91912536, "propertyPlantEquipment": 667108, "otherAssets": 694270, "totalAssets": 93273914, "accountsPayable": 57372, "otherLiab": 377780, "totalCurrentLiabilities": 27899018, "totalLiab": 28276798, "commonStock": 360000000, "retainedEarnings": -304002884, "treasuryStock": 9000000, "otherStockholderEquity": 9000000, "totalStockholderEquity": 64997116, "netTangibleAssets": 64997116}, {"maxAge": 1, "endDate": "2019-03-31", "cash": 221607, "shortTermInvestments": 41042472, "netReceivables": 61977139, "inventory": 3245000, "totalCurrentAssets": 106486400, "propertyPlantEquipment": 685880, "otherAssets": 1158491, "totalAssets": 108330771, "accountsPayable": 299352, "otherLiab": 241029, "totalCurrentLiabilities": 34143905, "totalLiab": 34384934, "commonStock": 360000000, "retainedEarnings": -295054163, "treasuryStock": 9000000, "otherStockholderEquity": 9000000, "totalStockholderEquity": 73945837, "netTangibleAssets": 73945837}, {"maxAge": 1, "endDate": "2018-03-31", "cash": 96000, "shortTermInvestments": 73833000, "netReceivables": 10894000, "otherCurrentAssets": 1039000, "totalCurrentAssets": 91363000, "longTermInvestments": 389000, "propertyPlantEquipment": 705000, "otherAssets": 54910000, "totalAssets": 147367000, "accountsPayable": 4295000, "otherCurrentLiab": 757000, "otherLiab": -10, "totalCurrentLiabilities": 37147000, "totalLiab": 37147000, "commonStock": 360000000, "retainedEarnings": -258780000, "treasuryStock": 9000000, "otherStockholderEquity": 9000000, "totalStockholderEquity": 110220000, "netTangibleAssets": 110220000}, {"maxAge": 1, "endDate": "2017-03-31", "cash": 154560, "shortTermInvestments": 73832980, "netReceivables": 11125260, "otherCurrentAssets": 1004420, "totalCurrentAssets": 93143910, "longTermInvestments": 792310, "propertyPlantEquipment": 707200, "otherAssets": 54693610, "totalAssets": 149337030, "accountsPayable": 4233640, "otherCurrentLiab": 911630, "totalCurrentLiabilities": 35812700, "totalLiab": 35812700, "commonStock": 360000000, "retainedEarnings": -255475670, "treasuryStock": 9000000, "otherStockholderEquity": 9000000, "totalStockholderEquity": 113524330, "netTangibleAssets": 113524330}], "maxAge": 86400}, "financialData": {"maxAge": 86400, "currentPrice": 0.29, "recommendationKey": "none", "grossProfits": 871494, "financialCurrency": "INR"}}}