{"MAHABANK.BO": {"recommendationTrend": {"trend": [{"period": "0m", "strongBuy": 0, "buy": 0, "hold": 0, "sell": 0, "strongSell": 0}, {"period": "-1m", "strongBuy": 0, "buy": 0, "hold": 0, "sell": 0, "strongSell": 0}, {"period": "-2m", "strongBuy": 0, "buy": 0, "hold": 0, "sell": 0, "strongSell": 0}, {"period": "-3m", "strongBuy": 0, "buy": 0, "hold": 0, "sell": 0, "strongSell": 0}], "maxAge": 86400}, "cashflowStatementHistory": {"cashflowStatements": [{"maxAge": 1, "endDate": "2020-03-31", "netIncome": 3988390000, "depreciation": 2109481000, "changeToNetincome": 27085103000, "changeToLiabilities": 0, "changeToOperatingActivities": -120387247000, "totalCashFromOperatingActivities": -87204273000, "capitalExpenditures": -1235795000, "investments": 95172000, "otherCashflowsFromInvestingActivities": -1000, "totalCashflowsFromInvestingActivities": -997256000, "otherCashflowsFromFinancingActivities": 91495186000, "totalCashFromFinancingActivities": 101122186000, "changeInCash": 12920657000, "issuanceOfStock": 9627000000}, {"maxAge": 1, "endDate": "2019-03-31", "netIncome": -47632474000, "depreciation": 2413733000, "changeToNetincome": 72453517000, "changeToLiabilities": 0, "changeToOperatingActivities": -152355817000, "totalCashFromOperatingActivities": -125121041000, "capitalExpenditures": -1327390000, "investments": 198014000, "otherCashflowsFromInvestingActivities": -1000, "totalCashflowsFromInvestingActivities": -1061325000, "netBorrowings": -2000000000, "otherCashflowsFromFinancingActivities": 13861773000, "totalCashFromFinancingActivities": 58891773000, "changeInCash": -67290593000, "issuanceOfStock": 47030000000}, {"maxAge": 1, "endDate": "2018-03-31", "netIncome": -11120280000, "depreciation": 1285971000, "changeToNetincome": 35397859000, "changeToLiabilities": 0, "changeToOperatingActivities": -42061909000, "totalCashFromOperatingActivities": -16498359000, "capitalExpenditures": -1397096000, "investments": 198014000, "otherCashflowsFromInvestingActivities": -1000, "totalCashflowsFromInvestingActivities": -1344416000, "netBorrowings": -19250000000, "otherCashflowsFromFinancingActivities": -5353738000, "totalCashFromFinancingActivities": 10262105000, "changeInCash": -7580670000, "issuanceOfStock": 34865843000}, {"maxAge": 1, "endDate": "2017-03-31", "netIncome": -13560912000, "depreciation": 1178966000, "changeToNetincome": 32323086000, "changeToLiabilities": 0, "changeToOperatingActivities": 54439774000, "totalCashFromOperatingActivities": 74380914000, "capitalExpenditures": -1029454000, "investments": 198014000, "otherCashflowsFromInvestingActivities": -1000, "totalCashflowsFromInvestingActivities": -989374000, "netBorrowings": 1250000000, "otherCashflowsFromFinancingActivities": -4422815000, "totalCashFromFinancingActivities": -172815000, "changeInCash": 73218725000, "issuanceOfStock": 3000000000}], "maxAge": 86400}, "institutionOwnership": {"ownershipList": [], "maxAge": 1}, "balanceSheetHistoryQuarterly": {"balanceSheetStatements": [{"maxAge": 1, "endDate": "2020-09-30", "cash": 55182600000, "totalCurrentAssets": 55182600000, "longTermInvestments": 632048800000, "propertyPlantEquipment": 16914600000, "otherAssets": 1094612000000, "totalAssets": 1798758000000, "accountsPayable": 1586093400000, "longTermDebt": 52877300000, "otherLiab": 39918100000, "totalCurrentLiabilities": 1586093400000, "totalLiab": 1678888800000, "commonStock": 65601600000, "treasuryStock": 54267600000, "otherStockholderEquity": 54267600000, "totalStockholderEquity": 119869200000, "netTangibleAssets": 119869200000}, {"maxAge": 1, "endDate": "2020-06-30", "cash": 169561200000, "netReceivables": 1187500000, "totalCurrentAssets": 170748700000, "longTermInvestments": 608821800000, "propertyPlantEquipment": 16959900000, "otherAssets": 1021725000000, "totalAssets": 1818255400000, "accountsPayable": 1529710200000, "longTermDebt": 127683300000, "otherLiab": 50719400000, "totalCurrentLiabilities": 1529710200000, "totalLiab": 1708112900000, "commonStock": 58241100000, "treasuryStock": 51901400000, "otherStockholderEquity": 51901400000, "totalStockholderEquity": 110142500000, "netTangibleAssets": 110142500000}, {"maxAge": 1, "endDate": "2020-03-31", "cash": 9054478000, "shortTermInvestments": 88195938000, "otherCurrentAssets": 109216683000, "totalCurrentAssets": 206467099000, "longTermInvestments": 490709976000, "propertyPlantEquipment": 16761916000, "otherAssets": 976236327000, "totalAssets": 1690175318000, "accountsPayable": 1500500188000, "otherCurrentLiab": 4869201000, "longTermDebt": 36700318000, "otherLiab": 35918594000, "totalCurrentLiabilities": 1508464627000, "totalLiab": 1581083539000, "commonStock": 58241093000, "retainedEarnings": -34992557000, "treasuryStock": 16815633000, "capitalSurplus": 69027610000, "otherStockholderEquity": 16815633000, "totalStockholderEquity": 109091779000, "netTangibleAssets": 109091779000}, {"maxAge": 1, "endDate": "2019-12-31", "cash": 75265400000, "netReceivables": 795800000, "totalCurrentAssets": 76061200000, "longTermInvestments": 602696400000, "propertyPlantEquipment": 17105100000, "otherAssets": 940102300000, "totalAssets": 1635965000000, "accountsPayable": 1419699700000, "longTermDebt": 78202200000, "otherLiab": 29496000000, "totalCurrentLiabilities": 1419699700000, "totalLiab": 1527397900000, "commonStock": 58241100000, "treasuryStock": 50326000000, "otherStockholderEquity": 50326000000, "totalStockholderEquity": 108567100000, "netTangibleAssets": 108567100000}], "maxAge": 86400}, "earningsHistory": {"history": [{"maxAge": 1, "epsActual": {}, "epsEstimate": {}, "epsDifference": {}, "surprisePercent": {}, "quarter": {}, "period": "-4q"}, {"maxAge": 1, "epsActual": {}, "epsEstimate": {}, "epsDifference": {}, "surprisePercent": {}, "quarter": {}, "period": "-3q"}, {"maxAge": 1, "epsActual": {}, "epsEstimate": {}, "epsDifference": {}, "surprisePercent": {}, "quarter": {}, "period": "-2q"}, {"maxAge": 1, "epsActual": {}, "epsEstimate": {}, "epsDifference": {}, "surprisePercent": {}, "quarter": {}, "period": "-1q"}], "maxAge": 86400}, "indexTrend": {"maxAge": 1, "symbol": "SP5", "peRatio": 19.7411, "pegRatio": 1.34172, "estimates": [{"period": "0q", "growth": 0.549}, {"period": "+1q", "growth": 0.431}, {"period": "0y", "growth": 0.305}, {"period": "+1y", "growth": 0.109}, {"period": "+5y", "growth": 0.120865}, {"period": "-5y"}]}, "industryTrend": {"maxAge": 1, "symbol": null, "estimates": []}, "insiderTransactions": {"transactions": [{"maxAge": 1, "shares": 1373226965, "filerUrl": "", "transactionText": "", "filerName": "President of India", "filerRelation": "Promoter", "moneyText": "", "startDate": "2019-03-30", "ownership": "D"}, {"maxAge": 1, "shares": 88888888, "filerUrl": "", "transactionText": "", "filerName": "President of India", "filerRelation": "Promoter", "moneyText": "", "startDate": "2017-08-11", "ownership": "D"}, {"maxAge": 1, "shares": 105150787, "filerUrl": "", "transactionText": "", "filerName": "President of India", "filerRelation": "Promoter", "moneyText": "", "startDate": "2015-10-15", "ownership": "D"}, {"maxAge": 1, "shares": 90723520, "filerUrl": "", "transactionText": "", "filerName": "Life Insurance Corporation of India", "filerRelation": "Institution- Corporation", "moneyText": "", "startDate": "2014-08-07", "ownership": "D"}, {"maxAge": 1, "shares": 4014405, "filerUrl": "", "transactionText": "", "filerName": "Life Insurance Corporation of India", "filerRelation": "Institution- Corporation", "moneyText": "", "startDate": "2014-08-07", "ownership": "D"}, {"maxAge": 1, "shares": 133363574, "filerUrl": "", "transactionText": "", "filerName": "President of India", "filerRelation": "Promoter", "moneyText": "", "startDate": "2014-07-12", "ownership": "D"}, {"maxAge": 1, "shares": 177619893, "filerUrl": "", "transactionText": "", "filerName": "President of India", "filerRelation": "Promoter", "moneyText": "", "startDate": "2013-12-20", "ownership": "D"}, {"maxAge": 1, "shares": 27615896, "filerUrl": "", "transactionText": "", "filerName": "Life Insurance Corporation of India", "filerRelation": "Institution- Corporation", "moneyText": "", "startDate": "2012-05-08", "ownership": "D"}, {"maxAge": 1, "shares": 8980398, "filerUrl": "", "transactionText": "", "filerName": "Life Insurance Corporation of India", "filerRelation": "Institution- Corporation", "moneyText": "", "startDate": "2009-11-19", "ownership": "D"}], "maxAge": 1}, "quoteType": {"exchange": "BSE", "quoteType": "EQUITY", "symbol": "MAHABANK.BO", "underlyingSymbol": "MAHABANK.BO", "shortName": "BANK OF MAHARASHTRA", "longName": "Bank of Maharashtra", "firstTradeDateEpochUtc": "2004-04-12 09:15:00", "timeZoneFullName": "Asia/Kolkata", "timeZoneShortName": "IST", "uuid": "58feb6ae-a3c3-3395-9e16-a3c32f7a9b7e", "gmtOffSetMilliseconds": 19800000, "maxAge": 1}, "incomeStatementHistory": {"incomeStatementHistory": [{"maxAge": 1, "endDate": "2020-03-31", "totalRevenue": 34807989000, "costOfRevenue": 0, "grossProfit": 34807989000, "researchDevelopment": {}, "sellingGeneralAdministrative": 26417458000, "nonRecurring": {}, "otherOperatingExpenses": 4402141000, "totalOperatingExpenses": 30819599000, "operatingIncome": 3988390000, "totalOtherIncomeExpenseNet": 0, "ebit": 0, "interestExpense": {}, "incomeBeforeTax": 3988390000, "incomeTaxExpense": 0, "minorityInterest": {}, "netIncomeFromContinuingOps": 3988390000, "discontinuedOperations": {}, "extraordinaryItems": {}, "effectOfAccountingCharges": {}, "otherItems": {}, "netIncome": 3988390000, "netIncomeApplicableToCommonShares": 3988390000}, {"maxAge": 1, "endDate": "2019-03-31", "totalRevenue": -16790680000, "costOfRevenue": 0, "grossProfit": -16790680000, "researchDevelopment": {}, "sellingGeneralAdministrative": 26332038000, "nonRecurring": {}, "otherOperatingExpenses": 4509756000, "totalOperatingExpenses": 30841794000, "operatingIncome": -47632474000, "totalOtherIncomeExpenseNet": 0, "ebit": 0, "interestExpense": {}, "incomeBeforeTax": -47632474000, "incomeTaxExpense": 0, "minorityInterest": {}, "netIncomeFromContinuingOps": -47632474000, "discontinuedOperations": {}, "extraordinaryItems": {}, "effectOfAccountingCharges": {}, "otherItems": {}, "netIncome": -47632474000, "netIncomeApplicableToCommonShares": -47632474000}, {"maxAge": 1, "endDate": "2018-03-31", "totalRevenue": 15930838000, "costOfRevenue": 0, "grossProfit": 15930838000, "researchDevelopment": {}, "sellingGeneralAdministrative": 22967371000, "nonRecurring": {}, "otherOperatingExpenses": 4083747000, "totalOperatingExpenses": 27051118000, "operatingIncome": -11120280000, "totalOtherIncomeExpenseNet": 0, "ebit": 0, "interestExpense": {}, "incomeBeforeTax": -11120280000, "incomeTaxExpense": 0, "minorityInterest": {}, "netIncomeFromContinuingOps": -11120280000, "discontinuedOperations": {}, "extraordinaryItems": {}, "effectOfAccountingCharges": {}, "otherItems": {}, "netIncome": -11120280000, "netIncomeApplicableToCommonShares": -11120280000}, {"maxAge": 1, "endDate": "2017-03-31", "totalRevenue": 15006879000, "costOfRevenue": 0, "grossProfit": 15006879000, "researchDevelopment": {}, "sellingGeneralAdministrative": 24572061000, "nonRecurring": {}, "otherOperatingExpenses": 3995730000, "totalOperatingExpenses": 28567791000, "operatingIncome": -13560912000, "totalOtherIncomeExpenseNet": 0, "ebit": 0, "interestExpense": {}, "incomeBeforeTax": -13560912000, "incomeTaxExpense": 0, "minorityInterest": {}, "netIncomeFromContinuingOps": -13560912000, "discontinuedOperations": {}, "extraordinaryItems": {}, "effectOfAccountingCharges": {}, "otherItems": {}, "netIncome": -13560912000, "netIncomeApplicableToCommonShares": -13560912000}], "maxAge": 86400}, "fundOwnership": {"ownershipList": [{"maxAge": 1, "reportDate": "2020-07-31", "organization": "DFA Emerging Markets Small Cap Series", "pctHeld": 0.0002, "position": 986206, "value": 11972540}, {"maxAge": 1, "reportDate": "2020-07-31", "organization": "DFA Emerging Markets Core Equity Portfolio", "pctHeld": 0.0001, "position": 862898, "value": 10475581}, {"maxAge": 1, "reportDate": "2020-07-31", "organization": "DFA Investment Dimensions-World Ex U.S. Core Equity Port", "pctHeld": 0.0001, "position": 643173, "value": 7808120}, {"maxAge": 1, "reportDate": "2020-07-31", "organization": "DFA Investment Dimensions-DFA Emerging Mkts Value", "pctHeld": 0.0001, "position": 578945, "value": 7028392}], "maxAge": 1}, "summaryDetail": {"maxAge": 1, "priceHint": 2, "previousClose": 24.75, "open": 24.4, "dayLow": 24.0, "dayHigh": 24.85, "regularMarketPreviousClose": 24.75, "regularMarketOpen": 24.4, "regularMarketDayLow": 24.0, "regularMarketDayHigh": 24.85, "trailingPE": 31.710527, "volume": 687105, "regularMarketVolume": 687105, "averageVolume": 600159, "averageVolume10days": 808977, "averageDailyVolume10Day": 808977, "bid": 24.05, "ask": 24.2, "bidSize": 0, "askSize": 0, "marketCap": 140361056256, "fiftyTwoWeekLow": 8.15, "fiftyTwoWeekHigh": 24.85, "fiftyDayAverage": 13.988788, "twoHundredDayAverage": 12.584853, "trailingAnnualDividendRate": 0.8, "trailingAnnualDividendYield": 0.032323234, "currency": "INR", "fromCurrency": null, "lastMarket": null, "algorithm": null, "tradeable": false}, "sectorTrend": {"maxAge": 1, "symbol": null, "estimates": []}, "incomeStatementHistoryQuarterly": {"incomeStatementHistory": [{"maxAge": 1, "endDate": "2020-09-30", "totalRevenue": 11512400000, "costOfRevenue": 0, "grossProfit": 11512400000, "researchDevelopment": {}, "sellingGeneralAdministrative": 4510600000, "nonRecurring": {}, "otherOperatingExpenses": 3150000000, "totalOperatingExpenses": 7660600000, "operatingIncome": 3851800000, "totalOtherIncomeExpenseNet": 112300000, "ebit": 0, "interestExpense": {}, "incomeBeforeTax": 3964100000, "incomeTaxExpense": 2547400000, "minorityInterest": {}, "netIncomeFromContinuingOps": 1416700000, "discontinuedOperations": {}, "extraordinaryItems": {}, "effectOfAccountingCharges": {}, "otherItems": {}, "netIncome": 1416700000, "netIncomeApplicableToCommonShares": 1416700000}, {"maxAge": 1, "endDate": "2020-06-30", "totalRevenue": 8480700000, "costOfRevenue": 0, "grossProfit": 8480700000, "researchDevelopment": {}, "sellingGeneralAdministrative": 4861600000, "nonRecurring": {}, "otherOperatingExpenses": 2604900000, "totalOperatingExpenses": 7466500000, "operatingIncome": 1014200000, "totalOtherIncomeExpenseNet": 38100000, "ebit": 0, "interestExpense": {}, "incomeBeforeTax": 1052300000, "incomeTaxExpense": 1600000, "minorityInterest": {}, "netIncomeFromContinuingOps": 1050700000, "discontinuedOperations": {}, "extraordinaryItems": {}, "effectOfAccountingCharges": {}, "otherItems": {}, "netIncome": 1050700000, "netIncomeApplicableToCommonShares": 1050700000}, {"maxAge": 1, "endDate": "2020-03-31", "totalRevenue": 11497789000, "costOfRevenue": 0, "grossProfit": 11497789000, "researchDevelopment": {}, "sellingGeneralAdministrative": 13781058000, "nonRecurring": {}, "otherOperatingExpenses": -5582959000, "totalOperatingExpenses": 8198099000, "operatingIncome": 3299690000, "totalOtherIncomeExpenseNet": 0, "ebit": 0, "interestExpense": {}, "incomeBeforeTax": 3299690000, "incomeTaxExpense": 2761900000, "minorityInterest": {}, "netIncomeFromContinuingOps": 537790000, "discontinuedOperations": {}, "extraordinaryItems": {}, "effectOfAccountingCharges": {}, "otherItems": {}, "netIncome": 537790000, "netIncomeApplicableToCommonShares": 537790000}, {"maxAge": 1, "endDate": "2019-12-31", "totalRevenue": 6423500000, "costOfRevenue": 0, "grossProfit": 6423500000, "researchDevelopment": {}, "sellingGeneralAdministrative": 4365700000, "nonRecurring": {}, "otherOperatingExpenses": 3502800000, "totalOperatingExpenses": 7868500000, "operatingIncome": -1445000000, "totalOtherIncomeExpenseNet": 0, "ebit": 0, "interestExpense": {}, "incomeBeforeTax": -1445000000, "incomeTaxExpense": -2764000000, "minorityInterest": {}, "netIncomeFromContinuingOps": 1319000000, "discontinuedOperations": {}, "extraordinaryItems": {}, "effectOfAccountingCharges": {}, "otherItems": {}, "netIncome": 1319000000, "netIncomeApplicableToCommonShares": 1319000000}], "maxAge": 86400}, "cashflowStatementHistoryQuarterly": {"cashflowStatements": [{"maxAge": 1, "endDate": "2020-09-30", "netIncome": 1416700000, "changeToLiabilities": 0}, {"maxAge": 1, "endDate": "2020-06-30", "netIncome": 1050700000, "changeToLiabilities": 0}, {"maxAge": 1, "endDate": "2020-03-31", "netIncome": 537790000, "changeToLiabilities": 0}, {"maxAge": 1, "endDate": "2019-12-31", "netIncome": 1319000000, "changeToLiabilities": 0}], "maxAge": 86400}, "insiderHolders": {"holders": [{"maxAge": 1, "name": "Life Insurance Corporation of India", "relation": "Institution- Corporation", "url": "", "transactionDescription": "Other", "latestTransDate": "2014-08-07", "positionDirect": 145658978, "positionDirectDate": "2014-08-07"}, {"maxAge": 1, "name": "President of India", "relation": "Promoter", "url": "", "transactionDescription": "Other", "latestTransDate": "2019-03-30", "positionDirect": 2415640414, "positionDirectDate": "2019-03-30"}], "maxAge": 1}, "earnings": {"maxAge": 86400, "earningsChart": {"quarterly": [], "earningsDate": []}, "financialsChart": {"yearly": [{"date": 2017, "revenue": 15006879000, "earnings": -13560912000}, {"date": 2018, "revenue": 15930838000, "earnings": -11120280000}, {"date": 2019, "revenue": -16790680000, "earnings": -47632474000}, {"date": 2020, "revenue": 34807989000, "earnings": 3988390000}], "quarterly": [{"date": "4Q2019", "revenue": 6423500000, "earnings": 1319000000}, {"date": "1Q2020", "revenue": 11497789000, "earnings": 537790000}, {"date": "2Q2020", "revenue": 8480700000, "earnings": 1050700000}, {"date": "3Q2020", "revenue": 11512400000, "earnings": 1416700000}]}, "financialCurrency": "INR"}, "calendarEvents": {"maxAge": 1, "earnings": {"earningsDate": []}}, "upgradeDowngradeHistory": {"history": [], "maxAge": 86400}, "price": {"maxAge": 1, "regularMarketChangePercent": -0.026262613, "regularMarketChange": -0.6499996, "regularMarketTime": "2021-04-30 15:51:11", "priceHint": 2, "regularMarketPrice": 24.1, "regularMarketDayHigh": 24.85, "regularMarketDayLow": 24.0, "regularMarketVolume": 687105, "averageDailyVolume10Day": 808977, "averageDailyVolume3Month": 600159, "regularMarketPreviousClose": 24.75, "regularMarketSource": "FREE_REALTIME", "regularMarketOpen": 24.4, "exchange": "BSE", "exchangeName": "BSE", "exchangeDataDelayedBy": 0, "marketState": "CLOSED", "quoteType": "EQUITY", "symbol": "MAHABANK.BO", "underlyingSymbol": null, "shortName": "BANK OF MAHARASHTRA", "longName": "Bank of Maharashtra", "currency": "INR", "quoteSourceName": "Delayed Quote", "currencySymbol": "\u20b9", "fromCurrency": null, "lastMarket": null, "marketCap": 140361056256}, "balanceSheetHistory": {"balanceSheetStatements": [{"maxAge": 1, "endDate": "2020-03-31", "cash": 9054478000, "shortTermInvestments": 88195938000, "otherCurrentAssets": 109216683000, "totalCurrentAssets": 206467099000, "longTermInvestments": 490709976000, "propertyPlantEquipment": 16761916000, "otherAssets": 976236327000, "totalAssets": 1690175318000, "accountsPayable": 1500500188000, "otherCurrentLiab": 4869201000, "longTermDebt": 36700318000, "otherLiab": 35918594000, "totalCurrentLiabilities": 1508464627000, "totalLiab": 1581083539000, "commonStock": 58241093000, "retainedEarnings": -34992557000, "treasuryStock": 16815633000, "capitalSurplus": 69027610000, "otherStockholderEquity": 16815633000, "totalStockholderEquity": 109091779000, "netTangibleAssets": 109091779000}, {"maxAge": 1, "endDate": "2019-03-31", "cash": 19341113000, "shortTermInvestments": 140732360000, "netReceivables": 12349200000, "otherCurrentAssets": 95010000000, "totalCurrentAssets": 255083473000, "longTermInvestments": 457640385000, "propertyPlantEquipment": 17755301000, "otherAssets": 916285549000, "totalAssets": 1646764708000, "accountsPayable": 1406362285000, "otherCurrentLiab": 8494749000, "longTermDebt": 101491714000, "otherLiab": 68509112000, "totalCurrentLiabilities": 1417933068000, "totalLiab": 1587933894000, "commonStock": 27531714000, "retainedEarnings": -39505900000, "treasuryStock": 17365011000, "capitalSurplus": 53439989000, "otherStockholderEquity": 17365011000, "totalStockholderEquity": 58830814000, "netTangibleAssets": 58830814000}, {"maxAge": 1, "endDate": "2018-03-31", "cash": 8393482000, "shortTermInvestments": 26114861000, "otherCurrentAssets": 175003066000, "totalCurrentAssets": 209511409000, "longTermInvestments": 411309888000, "propertyPlantEquipment": 15166842000, "otherAssets": 928497512000, "totalAssets": 1564485651000, "accountsPayable": 1389666084000, "otherCurrentLiab": 4989027000, "longTermDebt": 40637148000, "otherLiab": 26635950000, "totalCurrentLiabilities": 1396542813000, "totalLiab": 1463815911000, "commonStock": 25984544000, "retainedEarnings": 7141724000, "treasuryStock": 14606312000, "capitalSurplus": 52937160000, "otherStockholderEquity": 14606312000, "totalStockholderEquity": 100669740000, "netTangibleAssets": 100669740000}, {"maxAge": 1, "endDate": "2017-03-31", "cash": 20266228000, "shortTermInvestments": 31256138000, "otherCurrentAssets": 169242967000, "totalCurrentAssets": 220765333000, "longTermInvestments": 355513928000, "propertyPlantEquipment": 15860896000, "otherAssets": 1001970488000, "totalAssets": 1594110645000, "accountsPayable": 1390401993000, "otherCurrentLiab": 9595349000, "longTermDebt": 81366521000, "otherLiab": 36082854000, "totalCurrentLiabilities": 1401972114000, "totalLiab": 1519421489000, "commonStock": 11683337000, "retainedEarnings": 18526941000, "treasuryStock": 15106054000, "capitalSurplus": 29372824000, "otherStockholderEquity": 15106054000, "totalStockholderEquity": 74689156000, "netTangibleAssets": 74689156000}], "maxAge": 86400}, "earningsTrend": {"trend": [{"maxAge": 1, "period": "0q", "endDate": null, "growth": {}, "earningsEstimate": {"avg": 0.0, "low": 0.0, "high": 0.0, "yearAgoEps": {}, "numberOfAnalysts": 0, "growth": {}}, "revenueEstimate": {"avg": 0, "low": 0, "high": 0, "numberOfAnalysts": 0, "yearAgoRevenue": {}, "growth": {}}, "epsTrend": {"current": 0.0, "7daysAgo": 0.0, "30daysAgo": 0.0, "60daysAgo": 0.0, "90daysAgo": 0.0}, "epsRevisions": {"upLast7days": 0, "upLast30days": 0, "downLast30days": 0, "downLast90days": {}}}, {"maxAge": 1, "period": "+1q", "endDate": null, "growth": {}, "earningsEstimate": {"avg": 0.0, "low": 0.0, "high": 0.0, "yearAgoEps": {}, "numberOfAnalysts": 0, "growth": {}}, "revenueEstimate": {"avg": 0, "low": 0, "high": 0, "numberOfAnalysts": 0, "yearAgoRevenue": {}, "growth": {}}, "epsTrend": {"current": 0.0, "7daysAgo": 0.0, "30daysAgo": 0.0, "60daysAgo": 0.0, "90daysAgo": 0.0}, "epsRevisions": {"upLast7days": 0, "upLast30days": 0, "downLast30days": 0, "downLast90days": {}}}, {"maxAge": 1, "period": "0y", "endDate": null, "growth": {}, "earningsEstimate": {"avg": 0.0, "low": 0.0, "high": 0.0, "yearAgoEps": {}, "numberOfAnalysts": 0, "growth": {}}, "revenueEstimate": {"avg": 0, "low": 0, "high": 0, "numberOfAnalysts": 0, "yearAgoRevenue": {}, "growth": {}}, "epsTrend": {"current": 0.0, "7daysAgo": 0.0, "30daysAgo": 0.0, "60daysAgo": 0.0, "90daysAgo": 0.0}, "epsRevisions": {"upLast7days": 0, "upLast30days": 0, "downLast30days": 0, "downLast90days": {}}}, {"maxAge": 1, "period": "+1y", "endDate": null, "growth": {}, "earningsEstimate": {"avg": 0.0, "low": 0.0, "high": 0.0, "yearAgoEps": {}, "numberOfAnalysts": 0, "growth": {}}, "revenueEstimate": {"avg": 0, "low": 0, "high": 0, "numberOfAnalysts": 0, "yearAgoRevenue": {}, "growth": {}}, "epsTrend": {"current": 0.0, "7daysAgo": 0.0, "30daysAgo": 0.0, "60daysAgo": 0.0, "90daysAgo": 0.0}, "epsRevisions": {"upLast7days": 0, "upLast30days": 0, "downLast30days": 0, "downLast90days": {}}}, {"maxAge": 1, "period": "+5y", "endDate": null, "growth": 0.35599998, "earningsEstimate": {"avg": {}, "low": {}, "high": {}, "yearAgoEps": {}, "numberOfAnalysts": {}, "growth": {}}, "revenueEstimate": {"avg": {}, "low": {}, "high": {}, "numberOfAnalysts": {}, "yearAgoRevenue": {}, "growth": {}}, "epsTrend": {"current": {}, "7daysAgo": {}, "30daysAgo": {}, "60daysAgo": {}, "90daysAgo": {}}, "epsRevisions": {"upLast7days": {}, "upLast30days": {}, "downLast30days": {}, "downLast90days": {}}}, {"maxAge": 1, "period": "-5y", "endDate": null, "growth": {}, "earningsEstimate": {"avg": {}, "low": {}, "high": {}, "yearAgoEps": {}, "numberOfAnalysts": {}, "growth": {}}, "revenueEstimate": {"avg": {}, "low": {}, "high": {}, "numberOfAnalysts": {}, "yearAgoRevenue": {}, "growth": {}}, "epsTrend": {"current": {}, "7daysAgo": {}, "30daysAgo": {}, "60daysAgo": {}, "90daysAgo": {}}, "epsRevisions": {"upLast7days": {}, "upLast30days": {}, "downLast30days": {}, "downLast90days": {}}}], "maxAge": 1}, "financialData": {"maxAge": 86400, "currentPrice": 24.1, "targetHighPrice": 38.0, "targetLowPrice": 38.0, "targetMeanPrice": 38.0, "targetMedianPrice": 38.0, "recommendationKey": "none", "numberOfAnalystOpinions": 1, "grossProfits": 34807989000, "financialCurrency": "INR"}}}