{"MAHAPEXLTD.BO": {"cashflowStatementHistory": {"cashflowStatements": [{"maxAge": 1, "endDate": "2020-03-31", "netIncome": 137010000, "depreciation": 295000, "changeToNetincome": -11822000, "changeToLiabilities": -789000, "changeToOperatingActivities": 44259000, "totalCashFromOperatingActivities": 168953000, "capitalExpenditures": -969000, "investments": -131989000, "otherCashflowsFromInvestingActivities": 2225000, "totalCashflowsFromInvestingActivities": -119321000, "otherCashflowsFromFinancingActivities": -60013000, "totalCashFromFinancingActivities": -60013000, "changeInCash": -10381000}, {"maxAge": 1, "endDate": "2019-03-31", "netIncome": 100244000, "depreciation": 450000, "changeToNetincome": -57642000, "changeToLiabilities": 240000, "changeToOperatingActivities": -65298000, "totalCashFromOperatingActivities": -22006000, "capitalExpenditures": -26000, "investments": -27086000, "otherCashflowsFromInvestingActivities": 1679000, "totalCashflowsFromInvestingActivities": 62523000, "otherCashflowsFromFinancingActivities": -9556000, "totalCashFromFinancingActivities": -9556000, "changeInCash": 30961000}, {"maxAge": 1, "endDate": "2018-03-31", "netIncome": 539511000, "depreciation": 281000, "changeToNetincome": -545696000, "changeToLiabilities": 2547000, "changeToOperatingActivities": 4616000, "totalCashFromOperatingActivities": 1259000, "capitalExpenditures": -328000, "investments": -3534000, "otherCashflowsFromInvestingActivities": 1585000, "totalCashflowsFromInvestingActivities": -2109000, "otherCashflowsFromFinancingActivities": -13612000, "totalCashFromFinancingActivities": -13612000, "changeInCash": -14462000}, {"maxAge": 1, "endDate": "2017-03-31", "netIncome": 290616000, "depreciation": 289000, "changeToNetincome": -263616000, "changeToLiabilities": -176000, "changeToOperatingActivities": -27483000, "totalCashFromOperatingActivities": -370000, "capitalExpenditures": -328000, "investments": 5009000, "otherCashflowsFromInvestingActivities": 3029000, "totalCashflowsFromInvestingActivities": -2835000, "otherCashflowsFromFinancingActivities": -1340000, "totalCashFromFinancingActivities": -1340000, "changeInCash": -4545000}], "maxAge": 86400}, "institutionOwnership": {"maxAge": 1, "ownershipList": []}, "balanceSheetHistoryQuarterly": {"balanceSheetStatements": [{"maxAge": 1, "endDate": "2020-06-30", "totalStockholderEquity": 1151316000, "netTangibleAssets": 1151315000}, {"maxAge": 1, "endDate": "2020-03-31", "cash": 40235000, "netReceivables": 2656000, "inventory": 1331000, "otherCurrentAssets": 3320000, "totalCurrentAssets": 60606000, "longTermInvestments": 2139396000, "propertyPlantEquipment": 1607000, "intangibleAssets": 1000, "otherAssets": 80103000, "totalAssets": 2281713000, "accountsPayable": 66056000, "shortLongTermDebt": 305303000, "otherCurrentLiab": 749559000, "minorityInterest": 101000, "totalCurrentLiabilities": 1127114000, "totalLiab": 1127114000, "commonStock": 141178000, "retainedEarnings": -66111000, "treasuryStock": 976435000, "capitalSurplus": 99814000, "otherStockholderEquity": 976435000, "totalStockholderEquity": 1151316000, "netTangibleAssets": 1151315000}, {"maxAge": 1, "endDate": "2019-12-31", "totalStockholderEquity": 1324189000, "netTangibleAssets": 1324189000}, {"maxAge": 1, "endDate": "2019-09-30", "cash": 39252000, "netReceivables": 6665000, "inventory": 1331000, "otherCurrentAssets": 3240000, "totalCurrentAssets": 50488000, "longTermInvestments": 2275789000, "propertyPlantEquipment": 1538000, "otherAssets": 74080000, "totalAssets": 2401895000, "accountsPayable": 5480000, "otherCurrentLiab": 1068963000, "minorityInterest": 101000, "totalCurrentLiabilities": 1074443000, "totalLiab": 1074443000, "commonStock": 141178000, "treasuryStock": 1183011000, "otherStockholderEquity": 1183011000, "totalStockholderEquity": 1324189000, "netTangibleAssets": 1324189000}], "maxAge": 86400}, "indexTrend": {"maxAge": 1, "symbol": "SP5", "peRatio": 19.7411, "pegRatio": 1.34172, "estimates": [{"period": "0q", "growth": 0.549}, {"period": "+1q", "growth": 0.431}, {"period": "0y", "growth": 0.305}, {"period": "+1y", "growth": 0.109}, {"period": "+5y", "growth": 0.120859005}, {"period": "-5y"}]}, "insiderTransactions": {"transactions": [{"maxAge": 1, "shares": 500000, "filerUrl": "", "transactionText": "", "filerName": "Metropolis Builders Pvt Ltd", "filerRelation": "Promoter", "moneyText": "", "startDate": "2017-03-31", "ownership": "D"}, {"maxAge": 1, "shares": 500000, "filerUrl": "", "transactionText": "", "filerName": "Pai (Paya)", "filerRelation": "UNREPORTED", "moneyText": "", "startDate": "2017-03-31", "ownership": "D"}, {"maxAge": 1, "shares": 364631, "filerUrl": "", "transactionText": "", "filerName": "Anil Sunil Trade & Investment Pvt. Ltd.", "filerRelation": "Promoter", "moneyText": "", "startDate": "2013-03-26", "ownership": "D"}, {"maxAge": 1, "shares": 250429, "filerUrl": "", "transactionText": "", "filerName": "Rajmahal Trade & Investments Pvt. Ltd.", "filerRelation": "Institution- Corporation", "moneyText": "", "startDate": "2012-11-19", "ownership": "D"}, {"maxAge": 1, "shares": 500408, "filerUrl": "", "transactionText": "", "filerName": "Searock Investments, Ltd.", "filerRelation": "Institution- Corporation", "moneyText": "", "startDate": "2012-11-19", "ownership": "D"}], "maxAge": 1}, "quoteType": {"exchange": "BSE", "quoteType": "EQUITY", "symbol": "MAHAPEXLTD.BO", "underlyingSymbol": "MAHAPEXLTD.BO", "shortName": "MAHA RASHTRA APEX CORPORATION", "longName": "Maha Rashtra Apex Corporation Limited", "firstTradeDateEpochUtc": "1998-12-30 09:15:00", "timeZoneFullName": "Asia/Kolkata", "timeZoneShortName": "IST", "uuid": "0f2112f1-cd5c-3e28-8017-eceb770fd73c", "messageBoardId": null, "gmtOffSetMilliseconds": 19800000, "maxAge": 1}, "incomeStatementHistory": {"incomeStatementHistory": [{"maxAge": 1, "endDate": "2020-03-31", "totalRevenue": 50589000, "costOfRevenue": 2727000, "grossProfit": 47862000, "researchDevelopment": {}, "sellingGeneralAdministrative": 35011000, "nonRecurring": {}, "otherOperatingExpenses": 25245000, "totalOperatingExpenses": 63278000, "operatingIncome": -12689000, "totalOtherIncomeExpenseNet": 149820000, "ebit": 0, "interestExpense": {}, "incomeBeforeTax": 137131000, "incomeTaxExpense": 121000, "minorityInterest": 101000, "netIncomeFromContinuingOps": 137010000, "discontinuedOperations": {}, "extraordinaryItems": {}, "effectOfAccountingCharges": {}, "otherItems": {}, "netIncome": 137010000, "netIncomeApplicableToCommonShares": 137010000}, {"maxAge": 1, "endDate": "2019-03-31", "totalRevenue": 85608000, "costOfRevenue": 1869000, "grossProfit": 83739000, "researchDevelopment": {}, "sellingGeneralAdministrative": 35094000, "nonRecurring": {}, "otherOperatingExpenses": 12771000, "totalOperatingExpenses": 50184000, "operatingIncome": 35424000, "totalOtherIncomeExpenseNet": 64475000, "ebit": 0, "interestExpense": {}, "incomeBeforeTax": 99899000, "incomeTaxExpense": -345000, "minorityInterest": 101000, "netIncomeFromContinuingOps": 100244000, "discontinuedOperations": {}, "extraordinaryItems": {}, "effectOfAccountingCharges": {}, "otherItems": {}, "netIncome": 100244000, "netIncomeApplicableToCommonShares": 100244000}, {"maxAge": 1, "endDate": "2018-03-31", "totalRevenue": 85375000, "costOfRevenue": 1529000, "grossProfit": 83846000, "researchDevelopment": {}, "sellingGeneralAdministrative": 37187000, "nonRecurring": {}, "otherOperatingExpenses": 9174000, "totalOperatingExpenses": 48171000, "operatingIncome": 37204000, "totalOtherIncomeExpenseNet": 510055000, "ebit": 0, "interestExpense": {}, "incomeBeforeTax": 547259000, "incomeTaxExpense": 7748000, "minorityInterest": 100000, "netIncomeFromContinuingOps": 539511000, "discontinuedOperations": {}, "extraordinaryItems": {}, "effectOfAccountingCharges": {}, "otherItems": {}, "netIncome": 539511000, "netIncomeApplicableToCommonShares": 539511000}, {"maxAge": 1, "endDate": "2017-03-31", "totalRevenue": 72946000, "costOfRevenue": 1924000, "grossProfit": 71022000, "researchDevelopment": {}, "sellingGeneralAdministrative": 24415000, "nonRecurring": {}, "otherOperatingExpenses": 8086000, "totalOperatingExpenses": 39934000, "operatingIncome": 33012000, "totalOtherIncomeExpenseNet": 258443000, "ebit": 0, "interestExpense": {}, "incomeBeforeTax": 291455000, "incomeTaxExpense": 839000, "minorityInterest": 100000, "netIncomeFromContinuingOps": 290616000, "discontinuedOperations": {}, "extraordinaryItems": {}, "effectOfAccountingCharges": {}, "otherItems": {}, "netIncome": 290616000, "netIncomeApplicableToCommonShares": 290616000}], "maxAge": 86400}, "fundOwnership": {"maxAge": 1, "ownershipList": []}, "summaryDetail": {"maxAge": 1, "priceHint": 2, "previousClose": 66.0, "open": 67.0, "dayLow": 65.4, "dayHigh": 68.85, "regularMarketPreviousClose": 66.0, "regularMarketOpen": 67.0, "regularMarketDayLow": 65.4, "regularMarketDayHigh": 68.85, "trailingPE": 8.880053, "volume": 865, "regularMarketVolume": 865, "averageVolume": 2017, "averageVolume10days": 2729, "averageDailyVolume10Day": 2729, "bid": 65.6, "ask": 67.9, "bidSize": 0, "askSize": 0, "marketCap": 944157312, "fiftyTwoWeekLow": 48.45, "fiftyTwoWeekHigh": 108.95, "fiftyDayAverage": 86.28382, "twoHundredDayAverage": 74.89154, "currency": "INR", "fromCurrency": null, "toCurrency": null, "lastMarket": null, "algorithm": null, "tradeable": false}, "incomeStatementHistoryQuarterly": {"incomeStatementHistory": [{"maxAge": 1, "endDate": "2020-06-30", "totalRevenue": 12923000, "costOfRevenue": 0, "grossProfit": 12923000, "researchDevelopment": {}, "sellingGeneralAdministrative": 4620000, "nonRecurring": {}, "otherOperatingExpenses": 1859000, "totalOperatingExpenses": 6557000, "operatingIncome": 6366000, "totalOtherIncomeExpenseNet": 2120000, "ebit": 0, "interestExpense": {}, "incomeBeforeTax": 8486000, "incomeTaxExpense": -2612000, "minorityInterest": {}, "netIncomeFromContinuingOps": 11098000, "discontinuedOperations": {}, "extraordinaryItems": {}, "effectOfAccountingCharges": {}, "otherItems": {}, "netIncome": 11098000, "netIncomeApplicableToCommonShares": 11098000}, {"maxAge": 1, "endDate": "2020-03-31", "totalRevenue": 5763000, "costOfRevenue": 2727000, "grossProfit": 3036000, "researchDevelopment": {}, "sellingGeneralAdministrative": 9771000, "nonRecurring": {}, "otherOperatingExpenses": 13594000, "totalOperatingExpenses": 26169000, "operatingIncome": -20406000, "totalOtherIncomeExpenseNet": 24000, "ebit": 0, "interestExpense": {}, "incomeBeforeTax": -20382000, "incomeTaxExpense": 139000, "minorityInterest": 101000, "netIncomeFromContinuingOps": -20521000, "discontinuedOperations": {}, "extraordinaryItems": {}, "effectOfAccountingCharges": {}, "otherItems": {}, "netIncome": -20521000, "netIncomeApplicableToCommonShares": -20521000}, {"maxAge": 1, "endDate": "2019-12-31", "totalRevenue": 23902000, "costOfRevenue": 0, "grossProfit": 23902000, "researchDevelopment": {}, "sellingGeneralAdministrative": 10384000, "nonRecurring": {}, "otherOperatingExpenses": 4318000, "totalOperatingExpenses": 14780000, "operatingIncome": 9122000, "totalOtherIncomeExpenseNet": -161344000, "ebit": 0, "interestExpense": {}, "incomeBeforeTax": -152222000, "incomeTaxExpense": 131000, "minorityInterest": 101000, "netIncomeFromContinuingOps": -152353000, "discontinuedOperations": {}, "extraordinaryItems": {}, "effectOfAccountingCharges": {}, "otherItems": {}, "netIncome": -152353000, "netIncomeApplicableToCommonShares": -152353000}, {"maxAge": 1, "endDate": "2019-09-30", "totalRevenue": 9057000, "costOfRevenue": 0, "grossProfit": 9057000, "researchDevelopment": {}, "sellingGeneralAdministrative": 6676000, "nonRecurring": {}, "otherOperatingExpenses": 3082000, "totalOperatingExpenses": 9833000, "operatingIncome": -776000, "totalOtherIncomeExpenseNet": 268532000, "ebit": 0, "interestExpense": {}, "incomeBeforeTax": 267756000, "incomeTaxExpense": -232000, "minorityInterest": 101000, "netIncomeFromContinuingOps": 267988000, "discontinuedOperations": {}, "extraordinaryItems": {}, "effectOfAccountingCharges": {}, "otherItems": {}, "netIncome": 267988000, "netIncomeApplicableToCommonShares": 267988000}], "maxAge": 86400}, "cashflowStatementHistoryQuarterly": {"cashflowStatements": [{"maxAge": 1, "endDate": "2020-06-30", "netIncome": 11098000, "changeToLiabilities": 0}, {"maxAge": 1, "endDate": "2020-03-31", "netIncome": -20521000, "changeToLiabilities": 0}, {"maxAge": 1, "endDate": "2019-12-31", "netIncome": -152353000, "changeToLiabilities": 0}, {"maxAge": 1, "endDate": "2019-09-30", "netIncome": 267988000, "changeToLiabilities": 0}], "maxAge": 86400}, "insiderHolders": {"holders": [{"maxAge": 1, "name": "Anil Sunil Trade & Investment Pvt. Ltd.", "relation": "Promoter", "url": "", "transactionDescription": "Sale", "latestTransDate": "2013-03-26", "positionDirect": 0, "positionDirectDate": "2013-03-26"}, {"maxAge": 1, "name": "Metropolis Builders Pvt Ltd", "relation": "Promoter", "url": "", "transactionDescription": "Other", "latestTransDate": "2017-03-31", "positionDirect": 1888364, "positionDirectDate": "2017-03-31"}, {"maxAge": 1, "name": "Pai (Paya)", "relation": "UNREPORTED", "url": "", "transactionDescription": "Other", "latestTransDate": "2017-03-31", "positionDirect": 1627365, "positionDirectDate": "2017-03-31"}, {"maxAge": 1, "name": "Rajmahal Trade & Investments Pvt. Ltd.", "relation": "Institution- Corporation", "url": "", "transactionDescription": "Sale", "latestTransDate": "2012-11-19", "positionDirect": 0, "positionDirectDate": "2012-11-19"}, {"maxAge": 1, "name": "Searock Investments, Ltd.", "relation": "Institution- Corporation", "url": "", "transactionDescription": "Sale", "latestTransDate": "2012-11-19", "positionDirect": 0, "positionDirectDate": "2012-11-19"}], "maxAge": 1}, "calendarEvents": {"maxAge": 1, "earnings": {"earningsDate": []}}, "price": {"maxAge": 1, "regularMarketChangePercent": 0.015151515, "regularMarketChange": 1.0, "regularMarketTime": "2021-04-30 15:17:49", "priceHint": 2, "regularMarketPrice": 67.0, "regularMarketDayHigh": 68.85, "regularMarketDayLow": 65.4, "regularMarketVolume": 865, "averageDailyVolume10Day": 2729, "averageDailyVolume3Month": 2017, "regularMarketPreviousClose": 66.0, "regularMarketSource": "FREE_REALTIME", "regularMarketOpen": 67.0, "exchange": "BSE", "exchangeName": "BSE", "exchangeDataDelayedBy": 0, "marketState": "CLOSED", "quoteType": "EQUITY", "symbol": "MAHAPEXLTD.BO", "underlyingSymbol": null, "shortName": "MAHA RASHTRA APEX CORPORATION", "longName": "Maha Rashtra Apex Corporation Limited", "currency": "INR", "quoteSourceName": "Delayed Quote", "currencySymbol": "\u20b9", "fromCurrency": null, "toCurrency": null, "lastMarket": null, "marketCap": 944157312}, "balanceSheetHistory": {"balanceSheetStatements": [{"maxAge": 1, "endDate": "2020-03-31", "cash": 40235000, "netReceivables": 2656000, "inventory": 1331000, "otherCurrentAssets": 3320000, "totalCurrentAssets": 60606000, "longTermInvestments": 2139396000, "propertyPlantEquipment": 1607000, "intangibleAssets": 1000, "otherAssets": 80103000, "totalAssets": 2281713000, "accountsPayable": 66056000, "shortLongTermDebt": 305303000, "otherCurrentLiab": 749559000, "minorityInterest": 101000, "totalCurrentLiabilities": 1127114000, "totalLiab": 1127114000, "commonStock": 141178000, "retainedEarnings": -66111000, "treasuryStock": 976435000, "capitalSurplus": 99814000, "otherStockholderEquity": 976435000, "totalStockholderEquity": 1151316000, "netTangibleAssets": 1151315000}, {"maxAge": 1, "endDate": "2019-03-31", "cash": 50616000, "netReceivables": 6924000, "inventory": 1331000, "otherCurrentAssets": 3240000, "totalCurrentAssets": 78617000, "longTermInvestments": 1946997000, "propertyPlantEquipment": 934000, "intangibleAssets": 1000, "otherAssets": 78756000, "totalAssets": 2105305000, "accountsPayable": 67119000, "shortLongTermDebt": 324558000, "otherCurrentLiab": 687397000, "minorityInterest": 101000, "totalCurrentLiabilities": 1087950000, "totalLiab": 1087950000, "commonStock": 141178000, "retainedEarnings": -209231000, "treasuryStock": 982311000, "capitalSurplus": 99814000, "otherStockholderEquity": 982311000, "totalStockholderEquity": 1014072000, "netTangibleAssets": 1014071000}, {"maxAge": 1, "endDate": "2018-03-31", "cash": 19655000, "netReceivables": 4478000, "inventory": 1331000, "otherCurrentAssets": 3240000, "totalCurrentAssets": 37133000, "longTermInvestments": 1901804000, "propertyPlantEquipment": 1007000, "intangibleAssets": 1000, "otherAssets": 71467000, "totalAssets": 2011412000, "accountsPayable": 66908000, "shortLongTermDebt": 404361000, "otherCurrentLiab": 621862000, "minorityInterest": 100000, "totalCurrentLiabilities": 1098609000, "totalLiab": 1098609000, "commonStock": 141178000, "retainedEarnings": -309475000, "treasuryStock": 978004000, "capitalSurplus": 99814000, "otherStockholderEquity": 978004000, "totalStockholderEquity": 909521000, "netTangibleAssets": 909520000}, {"maxAge": 1, "endDate": "2017-03-31", "cash": 34117000, "netReceivables": 3712000, "inventory": 1331000, "otherCurrentAssets": 3262000, "totalCurrentAssets": 50348000, "longTermInvestments": 1391141000, "propertyPlantEquipment": 1020000, "intangibleAssets": 1000, "otherAssets": 77833000, "totalAssets": 1520343000, "accountsPayable": 64971000, "shortLongTermDebt": 465553000, "otherCurrentLiab": 613650000, "minorityInterest": 100000, "totalCurrentLiabilities": 1146174000, "totalLiab": 1146174000, "commonStock": 141116000, "retainedEarnings": -839198000, "treasuryStock": 969216000, "capitalSurplus": 99753000, "otherStockholderEquity": 969216000, "totalStockholderEquity": 370887000, "netTangibleAssets": 370886000}], "maxAge": 86400}, "financialData": {"maxAge": 86400, "currentPrice": 67.0, "recommendationKey": "none", "grossProfits": 47862000, "financialCurrency": "INR"}}}