{"MAHESHWARI.NS": {"assetProfile": {"address1": "MLL House,  Shed No. A2-3/2, Opp. UPL", "address2": "Phase 1 GIDC Vapi", "city": "Valsad", "zip": "396195", "country": "India", "phone": "91 26 0243 1024", "fax": "91 26 0242 7024", "website": "http://www.mlpl.biz", "industry": "Integrated Freight & Logistics", "sector": "Industrials", "longBusinessSummary": "Maheshwari Logistics Limited provides logistics services in India. The company operates through three segments: Trading, Transportation & Port Service, and Manufacturing Kraft Paper. It offers bulk cargo transportation services for a range of sectors, including cement, paper, textiles, fertilizers, and other industries. The company also deals in coal, lignite, pet coke, diesel, waste paper, writing paper, kraft paper, and other papers; and manufactures recycled kraft papers. As of March 31, 2020, it had a fleet of approximately 100 trucks and trailers, and affiliation with approximately 10,000 third party truck owners. Maheshwari Logistics Limited was incorporated in 2006 and is based in Valsad, India.", "fullTimeEmployees": 473, "companyOfficers": [{"maxAge": 1, "name": "Mr. Vinay Premnarayan Maheshwari", "age": 42, "title": "Exec. Chairman", "yearBorn": 1978, "exercisedValue": 0, "unexercisedValue": 0}, {"maxAge": 1, "name": "Mr. Neerajkumar Premnarayan Maheshwari", "age": 47, "title": "Chief Exec. Officer", "yearBorn": 1973, "exercisedValue": 0, "unexercisedValue": 0}, {"maxAge": 1, "name": "Mr. Varun Krishnaawtar Kabra", "age": 34, "title": "MD & Whole Time Director", "yearBorn": 1986, "exercisedValue": 0, "unexercisedValue": 0}, {"maxAge": 1, "name": "Mr. Pradeep Kumar Dad", "age": 32, "title": "Chief Financial Officer", "yearBorn": 1988, "exercisedValue": 0, "unexercisedValue": 0}, {"maxAge": 1, "name": "Mr. Amit Kailash Narayan Maheshwari", "age": 44, "title": "Director of Marketing - Paper & Whole Time Director", "yearBorn": 1976, "exercisedValue": 0, "unexercisedValue": 0}, {"maxAge": 1, "name": "Mr. Vipul Rameshbhai Vashi", "age": 50, "title": "Technical Director of Paper & Exec. Director", "yearBorn": 1970, "exercisedValue": 0, "unexercisedValue": 0}, {"maxAge": 1, "name": "Prakash Lalji Shah", "title": "Exec.", "exercisedValue": 0, "unexercisedValue": 0}, {"maxAge": 1, "name": "Darshani  Vashi", "title": "Exec.", "exercisedValue": 0, "unexercisedValue": 0}, {"maxAge": 1, "name": "Sanjeevkumar  Sharma", "title": "Exec.", "exercisedValue": 0, "unexercisedValue": 0}, {"maxAge": 1, "name": "Jagdish  Patel", "title": "Head of Accounts", "exercisedValue": 0, "unexercisedValue": 0}], "maxAge": 86400}, "cashflowStatementHistory": {"cashflowStatements": [{"maxAge": 1, "endDate": "2020-03-31", "netIncome": 147004000, "depreciation": 117876000, "changeToNetincome": 412976000, "changeToAccountReceivables": 78912000, "changeToLiabilities": -219340000, "changeToInventory": -147514000, "changeToOperatingActivities": -76703000, "totalCashFromOperatingActivities": 313479000, "capitalExpenditures": -199464000, "totalCashflowsFromInvestingActivities": -196418000, "dividendsPaid": -17758000, "netBorrowings": 100551000, "otherCashflowsFromFinancingActivities": -217382000, "totalCashFromFinancingActivities": -134589000, "changeInCash": -17528000}, {"maxAge": 1, "endDate": "2019-03-31", "netIncome": 150762000, "depreciation": 80408000, "changeToNetincome": -984000, "changeToAccountReceivables": 365169000, "changeToLiabilities": 24235000, "changeToInventory": 113966000, "changeToOperatingActivities": -105487000, "totalCashFromOperatingActivities": 628406000, "capitalExpenditures": -503187000, "otherCashflowsFromInvestingActivities": 27009000, "totalCashflowsFromInvestingActivities": -492084000, "dividendsPaid": -7399000, "netBorrowings": 90863000, "otherCashflowsFromFinancingActivities": -184874000, "totalCashFromFinancingActivities": -101410000, "changeInCash": 34912000}, {"maxAge": 1, "endDate": "2018-03-31", "netIncome": 116472995, "depreciation": 73886890, "changeToNetincome": 71277792, "changeToAccountReceivables": 589321130, "changeToLiabilities": -721846450, "changeToInventory": -244616478, "changeToOperatingActivities": 137516114, "totalCashFromOperatingActivities": 22213708, "capitalExpenditures": -428994235, "otherCashflowsFromInvestingActivities": 21716760, "totalCashflowsFromInvestingActivities": -407277475, "dividendsPaid": -7399300, "netBorrowings": 560682665, "otherCashflowsFromFinancingActivities": -105121117, "totalCashFromFinancingActivities": 448162248, "changeInCash": 63098481}, {"maxAge": 1, "endDate": "2017-03-31", "netIncome": 97199332, "depreciation": 48744682, "changeToNetincome": 18026272, "changeToAccountReceivables": -825842145, "changeToLiabilities": 647738729, "changeToInventory": -214474946, "changeToOperatingActivities": -63229027, "totalCashFromOperatingActivities": -291718321, "capitalExpenditures": -211718039, "otherCashflowsFromInvestingActivities": 8105682, "totalCashflowsFromInvestingActivities": -180230470, "dividendsPaid": -7399300, "netBorrowings": 202272871, "otherCashflowsFromFinancingActivities": -62019806, "totalCashFromFinancingActivities": 394867968, "changeInCash": -77080823, "issuanceOfStock": 254614903}], "maxAge": 86400}, "institutionOwnership": {"ownershipList": [], "maxAge": 1}, "majorHoldersBreakdown": {"maxAge": 1}, "balanceSheetHistoryQuarterly": {"balanceSheetStatements": [{"maxAge": 1, "endDate": "2020-09-30", "cash": 114143000, "netReceivables": 1472667000, "inventory": 670592000, "otherCurrentAssets": 5890000, "totalCurrentAssets": 2263292000, "propertyPlantEquipment": 1152341000, "intangibleAssets": 3753000, "otherAssets": 118662000, "totalAssets": 3538048000, "accountsPayable": 531163000, "otherCurrentLiab": 334021000, "longTermDebt": 697848000, "otherLiab": 60275000, "minorityInterest": 131000, "totalCurrentLiabilities": 1442566000, "totalLiab": 2244435000, "commonStock": 147986000, "treasuryStock": 1145496000, "otherStockholderEquity": 1145496000, "totalStockholderEquity": 1293482000, "netTangibleAssets": 1289729000}, {"maxAge": 1, "endDate": "2020-06-30", "totalStockholderEquity": 1294333000, "netTangibleAssets": 1290029000}, {"maxAge": 1, "endDate": "2020-03-31", "cash": 55508000, "shortTermInvestments": 89589000, "netReceivables": 1182994000, "inventory": 627064000, "otherCurrentAssets": 261869000, "totalCurrentAssets": 2225210000, "propertyPlantEquipment": 1176577000, "goodWill": 3431000, "intangibleAssets": 873000, "otherAssets": 205521000, "totalAssets": 3611612000, "accountsPayable": 659050000, "shortLongTermDebt": 153908000, "otherCurrentLiab": 70673000, "longTermDebt": 746979000, "otherLiab": 56925000, "minorityInterest": 113000, "totalCurrentLiabilities": 1474589000, "totalLiab": 2317166000, "commonStock": 147986000, "retainedEarnings": 732926000, "capitalSurplus": 413421000, "totalStockholderEquity": 1294333000, "netTangibleAssets": 1290029000}, {"maxAge": 1, "endDate": "2019-12-31", "totalStockholderEquity": 1260600000, "netTangibleAssets": 1256900000}], "maxAge": 86400}, "indexTrend": {"maxAge": 1, "symbol": "SP5", "peRatio": 19.7411, "pegRatio": 1.34172, "estimates": [{"period": "0q", "growth": 0.549}, {"period": "+1q", "growth": 0.431}, {"period": "0y", "growth": 0.305}, {"period": "+1y", "growth": 0.109}, {"period": "+5y", "growth": 0.120865}, {"period": "-5y"}]}, "defaultKeyStatistics": {"maxAge": 1, "priceHint": 2, "enterpriseValue": 4265083648, "profitMargins": 0.00457, "floatShares": 11193369, "sharesOutstanding": 29597200, "beta": 0.444171, "category": null, "bookValue": 43.643, "priceToBook": 2.3657858, "fundFamily": null, "legalType": null, "lastFiscalYearEnd": "2020-03-31 05:30:00", "nextFiscalYearEnd": "2022-03-31 05:30:00", "mostRecentQuarter": "2020-09-30 05:30:00", "earningsQuarterlyGrowth": -0.53, "netIncomeToCommon": 27353000, "trailingEps": 0.939, "lastSplitFactor": "2:1", "lastSplitDate": "2020-10-13 05:30:00", "enterpriseToRevenue": 0.713, "enterpriseToEbitda": 11.495}, "summaryProfile": {"address1": "MLL House,  Shed No. A2-3/2, Opp. UPL", "address2": "Phase 1 GIDC Vapi", "city": "Valsad", "zip": "396195", "country": "India", "phone": "91 26 0243 1024", "fax": "91 26 0242 7024", "website": "http://www.mlpl.biz", "industry": "Integrated Freight & Logistics", "sector": "Industrials", "longBusinessSummary": "Maheshwari Logistics Limited provides logistics services in India. The company operates through three segments: Trading, Transportation & Port Service, and Manufacturing Kraft Paper. It offers bulk cargo transportation services for a range of sectors, including cement, paper, textiles, fertilizers, and other industries. The company also deals in coal, lignite, pet coke, diesel, waste paper, writing paper, kraft paper, and other papers; and manufactures recycled kraft papers. As of March 31, 2020, it had a fleet of approximately 100 trucks and trailers, and affiliation with approximately 10,000 third party truck owners. Maheshwari Logistics Limited was incorporated in 2006 and is based in Valsad, India.", "fullTimeEmployees": 473, "companyOfficers": [], "maxAge": 86400}, "netSharePurchaseActivity": {"maxAge": 1, "period": "6m", "buyInfoCount": 0, "buyInfoShares": 0, "sellInfoCount": 0, "netInfoCount": 0, "netInfoShares": 0, "totalInsiderShares": 0}, "quoteType": {"exchange": "NSI", "quoteType": "EQUITY", "symbol": "MAHESHWARI.NS", "underlyingSymbol": "MAHESHWARI.NS", "shortName": "MAHESHWARI LOGISTI", "longName": "Maheshwari Logistics Limited", "firstTradeDateEpochUtc": "2017-03-15 09:15:00", "timeZoneFullName": "Asia/Kolkata", "timeZoneShortName": "IST", "uuid": "5e36de5f-c0ae-3bda-b85b-28f7e15c14b3", "gmtOffSetMilliseconds": 19800000, "maxAge": 1}, "incomeStatementHistory": {"incomeStatementHistory": [{"maxAge": 1, "endDate": "2020-03-31", "totalRevenue": 7599983000, "costOfRevenue": 5175090000, "grossProfit": 2424893000, "researchDevelopment": {}, "sellingGeneralAdministrative": 193520000, "nonRecurring": {}, "otherOperatingExpenses": 1716884000, "totalOperatingExpenses": 7204262000, "operatingIncome": 395721000, "totalOtherIncomeExpenseNet": -194087000, "ebit": 395721000, "interestExpense": -160975000, "incomeBeforeTax": 201634000, "incomeTaxExpense": 54630000, "minorityInterest": 113000, "netIncomeFromContinuingOps": 147004000, "discontinuedOperations": {}, "extraordinaryItems": {}, "effectOfAccountingCharges": {}, "otherItems": {}, "netIncome": 147004000, "netIncomeApplicableToCommonShares": 147004000}, {"maxAge": 1, "endDate": "2019-03-31", "totalRevenue": 10372263000, "costOfRevenue": 5630019000, "grossProfit": 4742244000, "researchDevelopment": {}, "sellingGeneralAdministrative": 157777000, "nonRecurring": {}, "otherOperatingExpenses": 4084882000, "totalOperatingExpenses": 9954047000, "operatingIncome": 418216000, "totalOtherIncomeExpenseNet": -186003000, "ebit": 418216000, "interestExpense": -142251000, "incomeBeforeTax": 232213000, "incomeTaxExpense": 81451000, "minorityInterest": 102000, "netIncomeFromContinuingOps": 150762000, "discontinuedOperations": {}, "extraordinaryItems": {}, "effectOfAccountingCharges": {}, "otherItems": {}, "netIncome": 150762000, "netIncomeApplicableToCommonShares": 150762000}, {"maxAge": 1, "endDate": "2018-03-31", "totalRevenue": 8701077377, "costOfRevenue": 6005353481, "grossProfit": 2695723896, "researchDevelopment": {}, "sellingGeneralAdministrative": 145228318, "nonRecurring": {}, "otherOperatingExpenses": 2193778778, "totalOperatingExpenses": 8419898520, "operatingIncome": 281178857, "totalOtherIncomeExpenseNet": -102253712, "ebit": 281178857, "interestExpense": -103860369, "incomeBeforeTax": 178925145, "incomeTaxExpense": 62452150, "minorityInterest": 102000, "netIncomeFromContinuingOps": 116472995, "discontinuedOperations": {}, "extraordinaryItems": {}, "effectOfAccountingCharges": {}, "otherItems": {}, "netIncome": 116472995, "netIncomeApplicableToCommonShares": 116472995}, {"maxAge": 1, "endDate": "2017-03-31", "totalRevenue": 7380054251, "costOfRevenue": 4385826738, "grossProfit": 2994227513, "researchDevelopment": {}, "sellingGeneralAdministrative": 117119274, "nonRecurring": {}, "otherOperatingExpenses": 2596811969, "totalOperatingExpenses": 7148589563, "operatingIncome": 231464688, "totalOtherIncomeExpenseNet": -74284524, "ebit": 231464688, "interestExpense": -62581488, "incomeBeforeTax": 157180164, "incomeTaxExpense": 59980832, "minorityInterest": 102000, "netIncomeFromContinuingOps": 97199332, "discontinuedOperations": {}, "extraordinaryItems": {}, "effectOfAccountingCharges": {}, "otherItems": {}, "netIncome": 97199332, "netIncomeApplicableToCommonShares": 97199332}], "maxAge": 86400}, "fundOwnership": {"ownershipList": [], "maxAge": 1}, "summaryDetail": {"maxAge": 1, "priceHint": 2, "previousClose": 106.55, "open": 105.05, "dayLow": 102.05, "dayHigh": 106.0, "regularMarketPreviousClose": 106.55, "regularMarketOpen": 105.05, "regularMarketDayLow": 102.05, "regularMarketDayHigh": 106.0, "exDividendDate": "2019-09-05 05:30:00", "payoutRatio": 0.0, "beta": 0.444171, "trailingPE": 109.9574, "volume": 45081, "regularMarketVolume": 45081, "averageVolume": 63193, "averageVolume10days": 13705, "averageDailyVolume10Day": 13705, "bid": 0.0, "ask": 0.0, "marketCap": 3055910912, "fiftyTwoWeekLow": 70.0, "fiftyTwoWeekHigh": 141.95, "priceToSalesTrailing12Months": 0.5105275, "fiftyDayAverage": 82.95588, "twoHundredDayAverage": 87.072876, "trailingAnnualDividendRate": 1.2, "trailingAnnualDividendYield": 0.011262318, "currency": "INR", "fromCurrency": null, "lastMarket": null, "algorithm": null, "tradeable": false}, "incomeStatementHistoryQuarterly": {"incomeStatementHistory": [{"maxAge": 1, "endDate": "2020-09-30", "totalRevenue": 1397371000, "costOfRevenue": 1224862000, "grossProfit": 172509000, "researchDevelopment": {}, "sellingGeneralAdministrative": 37742000, "nonRecurring": {}, "otherOperatingExpenses": 31898000, "totalOperatingExpenses": 1326924000, "operatingIncome": 70447000, "totalOtherIncomeExpenseNet": -36858000, "ebit": 70447000, "interestExpense": -43938000, "incomeBeforeTax": 33589000, "incomeTaxExpense": 1580000, "minorityInterest": 131000, "netIncomeFromContinuingOps": 32009000, "discontinuedOperations": {}, "extraordinaryItems": {}, "effectOfAccountingCharges": {}, "otherItems": {}, "netIncome": 32009000, "netIncomeApplicableToCommonShares": 32009000}, {"maxAge": 1, "endDate": "2020-06-30", "totalRevenue": 973102000, "costOfRevenue": 872928000, "grossProfit": 100174000, "researchDevelopment": {}, "sellingGeneralAdministrative": 38259000, "nonRecurring": {}, "otherOperatingExpenses": 18351000, "totalOperatingExpenses": 962030000, "operatingIncome": 11072000, "totalOtherIncomeExpenseNet": -40732000, "ebit": 11072000, "interestExpense": -48899000, "incomeBeforeTax": -29660000, "incomeTaxExpense": 3348000, "minorityInterest": 131000, "netIncomeFromContinuingOps": -33008000, "discontinuedOperations": {}, "extraordinaryItems": {}, "effectOfAccountingCharges": {}, "otherItems": {}, "netIncome": -33008000, "netIncomeApplicableToCommonShares": -33008000}, {"maxAge": 1, "endDate": "2020-03-31", "totalRevenue": 1758883000, "costOfRevenue": -25910000, "grossProfit": 1784793000, "researchDevelopment": {}, "sellingGeneralAdministrative": 68620000, "nonRecurring": {}, "otherOperatingExpenses": 1610284000, "totalOperatingExpenses": 1689862000, "operatingIncome": 69021000, "totalOtherIncomeExpenseNet": -66987000, "ebit": 69021000, "interestExpense": -18775000, "incomeBeforeTax": 2034000, "incomeTaxExpense": 5030000, "minorityInterest": 113000, "netIncomeFromContinuingOps": -2996000, "discontinuedOperations": {}, "extraordinaryItems": {}, "effectOfAccountingCharges": {}, "otherItems": {}, "netIncome": -2996000, "netIncomeApplicableToCommonShares": -2996000}, {"maxAge": 1, "endDate": "2019-12-31", "totalRevenue": 1856300000, "costOfRevenue": 1645100000, "grossProfit": 211200000, "researchDevelopment": {}, "sellingGeneralAdministrative": 45600000, "nonRecurring": {}, "otherOperatingExpenses": 28400000, "totalOperatingExpenses": 1752600000, "operatingIncome": 103700000, "totalOtherIncomeExpenseNet": -49300000, "ebit": 103700000, "interestExpense": -55700000, "incomeBeforeTax": 54400000, "incomeTaxExpense": 23100000, "minorityInterest": 113000, "netIncomeFromContinuingOps": 31300000, "discontinuedOperations": {}, "extraordinaryItems": {}, "effectOfAccountingCharges": {}, "otherItems": {}, "netIncome": 31300000, "netIncomeApplicableToCommonShares": 31300000}], "maxAge": 86400}, "cashflowStatementHistoryQuarterly": {"cashflowStatements": [{"maxAge": 1, "endDate": "2020-09-30", "netIncome": 32009000, "changeToLiabilities": 0}, {"maxAge": 1, "endDate": "2020-06-30", "netIncome": -33008000, "changeToLiabilities": 0}, {"maxAge": 1, "endDate": "2020-03-31", "netIncome": -2996000, "changeToLiabilities": 0}, {"maxAge": 1, "endDate": "2019-12-31", "netIncome": 31300000, "changeToLiabilities": 0}], "maxAge": 86400}, "insiderHolders": {"holders": [], "maxAge": 1}, "calendarEvents": {"maxAge": 1, "earnings": {"earningsDate": []}, "exDividendDate": "2019-09-05 05:30:00"}, "upgradeDowngradeHistory": {"history": [], "maxAge": 86400}, "price": {"maxAge": 1, "regularMarketChangePercent": -0.030971402, "regularMarketChange": -3.300003, "regularMarketTime": "2021-04-30 15:30:01", "priceHint": 2, "regularMarketPrice": 103.25, "regularMarketDayHigh": 106.0, "regularMarketDayLow": 102.05, "regularMarketVolume": 45081, "averageDailyVolume10Day": 13705, "averageDailyVolume3Month": 63193, "regularMarketPreviousClose": 106.55, "regularMarketSource": "FREE_REALTIME", "regularMarketOpen": 105.05, "exchange": "NSI", "exchangeName": "NSE", "exchangeDataDelayedBy": 15, "marketState": "CLOSED", "quoteType": "EQUITY", "symbol": "MAHESHWARI.NS", "underlyingSymbol": null, "shortName": "MAHESHWARI LOGISTI", "longName": "Maheshwari Logistics Limited", "currency": "INR", "quoteSourceName": "Delayed Quote", "currencySymbol": "\u20b9", "fromCurrency": null, "lastMarket": null, "marketCap": 3055910912}, "balanceSheetHistory": {"balanceSheetStatements": [{"maxAge": 1, "endDate": "2020-03-31", "cash": 55508000, "shortTermInvestments": 89589000, "netReceivables": 1182994000, "inventory": 627064000, "otherCurrentAssets": 261869000, "totalCurrentAssets": 2225210000, "propertyPlantEquipment": 1176577000, "goodWill": 3431000, "intangibleAssets": 873000, "otherAssets": 205521000, "totalAssets": 3611612000, "accountsPayable": 659050000, "shortLongTermDebt": 153908000, "otherCurrentLiab": 70673000, "longTermDebt": 746979000, "otherLiab": 56925000, "minorityInterest": 113000, "totalCurrentLiabilities": 1474589000, "totalLiab": 2317166000, "commonStock": 147986000, "retainedEarnings": 732926000, "capitalSurplus": 413421000, "totalStockholderEquity": 1294333000, "netTangibleAssets": 1290029000}, {"maxAge": 1, "endDate": "2019-03-31", "cash": 69252000, "shortTermInvestments": 93374000, "netReceivables": 1274430000, "inventory": 479550000, "otherCurrentAssets": 237884000, "totalCurrentAssets": 2161947000, "propertyPlantEquipment": 1095504000, "goodWill": 4055000, "intangibleAssets": 1042000, "otherAssets": 466047000, "totalAssets": 3728595000, "accountsPayable": 878390000, "shortLongTermDebt": 195441000, "otherCurrentLiab": 179532000, "longTermDebt": 728550000, "otherLiab": 40555000, "minorityInterest": 102000, "totalCurrentLiabilities": 1790795000, "totalLiab": 2559900000, "commonStock": 147986000, "retainedEarnings": 607186000, "capitalSurplus": 413421000, "totalStockholderEquity": 1168593000, "netTangibleAssets": 1163496000}, {"maxAge": 1, "endDate": "2018-03-31", "cash": 127670505, "netReceivables": 1648085776, "inventory": 593515630, "otherCurrentAssets": 191546229, "totalCurrentAssets": 2568151822, "propertyPlantEquipment": 682004957, "goodWill": 4678461, "intangibleAssets": 1178213, "otherAssets": 144404799, "totalAssets": 3400418252, "accountsPayable": 854415834, "shortLongTermDebt": 168716477, "otherCurrentLiab": 77020000, "longTermDebt": 582843710, "otherLiab": 105942689, "totalCurrentLiabilities": 1682853219, "totalLiab": 2371639618, "commonStock": 147986000, "retainedEarnings": 467371731, "capitalSurplus": 413420903, "totalStockholderEquity": 1028778634, "netTangibleAssets": 1022921960}, {"maxAge": 1, "endDate": "2017-03-31", "cash": 64572025, "netReceivables": 2228498032, "inventory": 348899152, "otherCurrentAssets": 299065761, "totalCurrentAssets": 2947104349, "propertyPlantEquipment": 327073819, "goodWill": 5302256, "intangibleAssets": 579928, "otherAssets": 139632849, "totalAssets": 3419693201, "accountsPayable": 1576262284, "shortLongTermDebt": 74917615, "otherCurrentLiab": 51510879, "longTermDebt": 158253091, "otherLiab": 91174720, "totalCurrentLiabilities": 2249054130, "totalLiab": 2498481941, "commonStock": 147986000, "retainedEarnings": 359804357, "capitalSurplus": 413420903, "totalStockholderEquity": 921211260, "netTangibleAssets": 915329076}], "maxAge": 86400}, "financialData": {"maxAge": 86400, "currentPrice": 103.25, "recommendationKey": "none", "totalCash": 114143000, "totalCashPerShare": 3.851, "ebitda": 371028992, "totalDebt": 1318976000, "quickRatio": 0.867, "currentRatio": 1.569, "totalRevenue": 5985790976, "debtToEquity": 101.961, "revenuePerShare": 205.875, "returnOnAssets": 0.04397, "returnOnEquity": 0.02142, "grossProfits": 2424893000, "freeCashflow": -302005248, "operatingCashflow": 250648000, "earningsGrowth": -0.53, "revenueGrowth": -0.195, "grossMargins": 0.37905, "ebitdaMargins": 0.061979998, "operatingMargins": 0.042519998, "profitMargins": 0.00457, "financialCurrency": "INR"}}}