{"MAHEPC.NS": {"assetProfile": {"address1": "Plot No. H-109, MIDC", "address2": "Ambad", "city": "Nashik", "zip": "422010", "country": "India", "phone": "91 25 3238 1081", "fax": "91 25 3238 2975", "website": "http://www.epcmahindra.com", "industry": "Farm & Heavy Construction Machinery", "sector": "Industrials", "longBusinessSummary": "Mahindra EPC Irrigation Limited manufactures and sells micro irrigation systems in India. The company's drip irrigation products include online drip irrigation products, such as drippers and plain lateral products; inline drip irrigation products comprising non PC cylindrical inline, PC cylindrical inline, flat inline, PC flat inline, and thin wall flat inline products; and drip irrigation components consisting of hydrocylone, sand, screen, and disc filters, as well as header assemblies. Its sprinkler irrigation products comprise sprinkler heads, quick pipe coupling pipes, and rain guns; and pumps consist of bore well, monoblock, and open well submersible pumps. The company also offers HDPE pipes and pipe coils; and landscape and turf irrigation products comprising valves, nozzles, rotors, and spray bodies. In addition, it provides agronomy support, and crop and farm advisory services. Further, it offers automation products under Smartflo brand name and various pumps for agriculture and domestic use, as well as manufactures specialized pipes for water and gas distribution. The company was formerly known as EPC Industrie Limited and changed its name to Mahindra EPC Irrigation Limited in February 2019. Mahindra EPC Irrigation Limited was founded in 1981 and is based in Nashik, India. Mahindra EPC Irrigation Limited is a subsidiary of Mahindra and Mahindra Limited.", "fullTimeEmployees": 347, "companyOfficers": [{"maxAge": 1, "name": "Mr. Ashok Hiralal Sharma", "age": 55, "title": "MD & Exec. Director", "yearBorn": 1965, "fiscalYear": 2020, "totalPay": 2400000, "exercisedValue": 0, "unexercisedValue": 0}, {"maxAge": 1, "name": "Mrs. Sunetra  Ganesan", "title": "Chief Financial Officer", "fiscalYear": 2020, "totalPay": 6422000, "exercisedValue": 0, "unexercisedValue": 0}, {"maxAge": 1, "name": "Mr. Ratnakar V. Nawghare", "age": 54, "title": "Head of Legal, Compliance Officer & Company Sec.", "yearBorn": 1966, "fiscalYear": 2020, "totalPay": 3091000, "exercisedValue": 0, "unexercisedValue": 0}, {"maxAge": 1, "name": "Mr. Abhijit  Page", "title": "Chief Exec. Officer", "exercisedValue": 0, "unexercisedValue": 0}, {"maxAge": 1, "name": "Mr. Subhash  Modak", "age": 66, "title": "Chief Operating Officer", "yearBorn": 1954, "exercisedValue": 0, "unexercisedValue": 0}, {"maxAge": 1, "name": "Mr. Terrence  Vaz", "age": 40, "title": "Head of HR", "yearBorn": 1980, "exercisedValue": 0, "unexercisedValue": 0}, {"maxAge": 1, "name": "Dr. Pawan Kumar Goenka", "age": 66, "title": "Pres of Automotive & Farm Equipment Sectors", "yearBorn": 1954, "exercisedValue": 0, "unexercisedValue": 0}, {"maxAge": 1, "name": "Mr. Kiran G. Soman", "title": "Exec.", "exercisedValue": 0, "unexercisedValue": 0}, {"maxAge": 1, "name": "Mr. Kedarnath  Keskar", "title": "Exec.", "exercisedValue": 0, "unexercisedValue": 0}, {"maxAge": 1, "name": "Mr. Makarand  Mallikar", "title": "Exec.", "exercisedValue": 0, "unexercisedValue": 0}], "compensationAsOfEpochDate": "2020-12-31 05:30:00", "maxAge": 86400}, "cashflowStatementHistory": {"cashflowStatements": [{"maxAge": 1, "endDate": "2020-03-31", "netIncome": 230398000, "depreciation": 36183000, "changeToNetincome": 51513000, "changeToAccountReceivables": -224267000, "changeToLiabilities": 135098000, "changeToInventory": -97381000, "changeToOperatingActivities": -36993000, "totalCashFromOperatingActivities": 96379000, "capitalExpenditures": -31047000, "investments": 594000, "otherCashflowsFromInvestingActivities": 9369000, "totalCashflowsFromInvestingActivities": -21047000, "dividendsPaid": -32913000, "netBorrowings": 91130000, "otherCashflowsFromFinancingActivities": -27041000, "totalCashFromFinancingActivities": 31695000, "changeInCash": 107027000, "issuanceOfStock": 519000}, {"maxAge": 1, "endDate": "2019-03-31", "netIncome": 112943000, "depreciation": 25781000, "changeToNetincome": 43904000, "changeToAccountReceivables": -334574000, "changeToLiabilities": 146337000, "changeToInventory": 85589000, "changeToOperatingActivities": -36738000, "totalCashFromOperatingActivities": 48154000, "capitalExpenditures": -22404000, "investments": -17213000, "otherCashflowsFromInvestingActivities": 14273000, "totalCashflowsFromInvestingActivities": -25052000, "dividendsPaid": -16392000, "netBorrowings": -2531000, "otherCashflowsFromFinancingActivities": -8756000, "totalCashFromFinancingActivities": -27320000, "changeInCash": -4218000, "issuanceOfStock": 359000}, {"maxAge": 1, "endDate": "2018-03-31", "netIncome": 49386000, "depreciation": 26435000, "changeToNetincome": 58702000, "changeToAccountReceivables": -280622000, "changeToLiabilities": 47527000, "changeToInventory": -22006000, "changeToOperatingActivities": -31291000, "totalCashFromOperatingActivities": -146910000, "capitalExpenditures": -22404000, "investments": 37695000, "otherCashflowsFromInvestingActivities": 18065000, "totalCashflowsFromInvestingActivities": 55760000, "dividendsPaid": -16392000, "netBorrowings": 34021000, "otherCashflowsFromFinancingActivities": -3888000, "totalCashFromFinancingActivities": 30507000, "changeInCash": -60643000, "issuanceOfStock": 374000}, {"maxAge": 1, "endDate": "2017-03-31", "netIncome": 99047000, "depreciation": 26996000, "changeToNetincome": 13644000, "changeToAccountReceivables": -189907000, "changeToLiabilities": 79431000, "changeToInventory": -46673000, "changeToOperatingActivities": -36147000, "totalCashFromOperatingActivities": -50127000, "capitalExpenditures": -22404000, "investments": -72595000, "otherCashflowsFromInvestingActivities": 36553000, "totalCashflowsFromInvestingActivities": -36042000, "dividendsPaid": -16392000, "netBorrowings": -1741000, "otherCashflowsFromFinancingActivities": -4900000, "totalCashFromFinancingActivities": -6500000, "changeInCash": -92669000, "issuanceOfStock": 141000}], "maxAge": 86400}, "institutionOwnership": {"ownershipList": [], "maxAge": 1}, "majorHoldersBreakdown": {"maxAge": 1, "insidersPercentHeld": 0.55562997, "institutionsPercentHeld": 0.0, "institutionsFloatPercentHeld": 0.0, "institutionsCount": 0}, "balanceSheetHistoryQuarterly": {"balanceSheetStatements": [{"maxAge": 1, "endDate": "2020-12-31", "totalStockholderEquity": 1742824000, "netTangibleAssets": 1741942000}, {"maxAge": 1, "endDate": "2020-09-30", "cash": 20636000, "shortTermInvestments": 10712000, "netReceivables": 1544377000, "inventory": 298959000, "otherCurrentAssets": 112890000, "totalCurrentAssets": 1987574000, "longTermInvestments": 10884000, "propertyPlantEquipment": 262643000, "intangibleAssets": 882000, "otherAssets": 343849000, "deferredLongTermAssetCharges": 54730000, "totalAssets": 2605832000, "accountsPayable": 724513000, "otherCurrentLiab": 128276000, "otherLiab": 7423000, "totalCurrentLiabilities": 855585000, "totalLiab": 863008000, "commonStock": 277837000, "treasuryStock": 1464987000, "otherStockholderEquity": 1464987000, "totalStockholderEquity": 1742824000, "netTangibleAssets": 1741942000}, {"maxAge": 1, "endDate": "2020-06-30", "totalStockholderEquity": 1702714000, "netTangibleAssets": 1701587000}, {"maxAge": 1, "endDate": "2020-03-31", "cash": 111080000, "netReceivables": 1296821000, "inventory": 358763000, "otherCurrentAssets": 134692000, "totalCurrentAssets": 1904683000, "longTermInvestments": 14037000, "propertyPlantEquipment": 275629000, "intangibleAssets": 1127000, "otherAssets": 439861000, "deferredLongTermAssetCharges": 53110000, "totalAssets": 2635337000, "accountsPayable": 655450000, "otherCurrentLiab": 100418000, "otherLiab": 3699000, "totalCurrentLiabilities": 928625000, "totalLiab": 932623000, "commonStock": 277818000, "retainedEarnings": 474756000, "treasuryStock": 13434000, "capitalSurplus": 936706000, "otherStockholderEquity": 13434000, "totalStockholderEquity": 1702714000, "netTangibleAssets": 1701587000}], "maxAge": 86400}, "indexTrend": {"maxAge": 1, "symbol": "SP5", "peRatio": 19.7411, "pegRatio": 1.34172, "estimates": [{"period": "0q", "growth": 0.549}, {"period": "+1q", "growth": 0.431}, {"period": "0y", "growth": 0.305}, {"period": "+1y", "growth": 0.109}, {"period": "+5y", "growth": 0.120865}, {"period": "-5y"}]}, "defaultKeyStatistics": {"maxAge": 1, "priceHint": 2, "enterpriseValue": 4086861568, "profitMargins": 0.09219, "floatShares": 11752642, "sharesOutstanding": 27839500, "heldPercentInsiders": 0.55562997, "heldPercentInstitutions": 0.0, "beta": 1.148469, "category": null, "bookValue": 62.546, "priceToBook": 2.3542671, "fundFamily": null, "legalType": null, "lastFiscalYearEnd": "2020-03-31 05:30:00", "nextFiscalYearEnd": "2022-03-31 05:30:00", "mostRecentQuarter": "2020-12-31 05:30:00", "earningsQuarterlyGrowth": 0.008, "netIncomeToCommon": 244630000, "trailingEps": 8.77, "lastSplitFactor": null, "enterpriseToRevenue": 1.54, "enterpriseToEbitda": 11.916}, "summaryProfile": {"address1": "Plot No. H-109, MIDC", "address2": "Ambad", "city": "Nashik", "zip": "422010", "country": "India", "phone": "91 25 3238 1081", "fax": "91 25 3238 2975", "website": "http://www.epcmahindra.com", "industry": "Farm & Heavy Construction Machinery", "sector": "Industrials", "longBusinessSummary": "Mahindra EPC Irrigation Limited manufactures and sells micro irrigation systems in India. The company's drip irrigation products include online drip irrigation products, such as drippers and plain lateral products; inline drip irrigation products comprising non PC cylindrical inline, PC cylindrical inline, flat inline, PC flat inline, and thin wall flat inline products; and drip irrigation components consisting of hydrocylone, sand, screen, and disc filters, as well as header assemblies. Its sprinkler irrigation products comprise sprinkler heads, quick pipe coupling pipes, and rain guns; and pumps consist of bore well, monoblock, and open well submersible pumps. The company also offers HDPE pipes and pipe coils; and landscape and turf irrigation products comprising valves, nozzles, rotors, and spray bodies. In addition, it provides agronomy support, and crop and farm advisory services. Further, it offers automation products under Smartflo brand name and various pumps for agriculture and domestic use, as well as manufactures specialized pipes for water and gas distribution. The company was formerly known as EPC Industrie Limited and changed its name to Mahindra EPC Irrigation Limited in February 2019. Mahindra EPC Irrigation Limited was founded in 1981 and is based in Nashik, India. Mahindra EPC Irrigation Limited is a subsidiary of Mahindra and Mahindra Limited.", "fullTimeEmployees": 347, "companyOfficers": [], "maxAge": 86400}, "netSharePurchaseActivity": {"maxAge": 1, "period": "6m", "buyInfoCount": 0, "buyInfoShares": 0, "sellInfoCount": 0, "netInfoCount": 0, "netInfoShares": 0, "netPercentInsiderShares": 0.0, "totalInsiderShares": 15455539}, "insiderTransactions": {"transactions": [{"maxAge": 1, "shares": 1000000, "filerUrl": "", "transactionText": "", "filerName": "Trenton Investment Co Pvt Ltd", "filerRelation": "Institution- Corporation", "moneyText": "", "startDate": "2012-08-11", "ownership": "D"}, {"maxAge": 1, "shares": 8586368, "filerUrl": "", "transactionText": "", "filerName": "Mahindra & Mahindra Ltd", "filerRelation": "Promoter", "moneyText": "", "startDate": "2012-06-09", "ownership": "D"}, {"maxAge": 1, "shares": 999700, "filerUrl": "", "transactionText": "", "filerName": "Trenton Investment Co Pvt Ltd", "filerRelation": "Institution- Corporation", "moneyText": "", "startDate": "2011-05-17", "ownership": "D"}, {"maxAge": 1, "shares": 6558065, "filerUrl": "", "transactionText": "", "filerName": "Mahindra & Mahindra Ltd", "filerRelation": "Institution- Corporation", "moneyText": "", "startDate": "2011-03-17", "ownership": "D"}], "maxAge": 1}, "quoteType": {"exchange": "NSI", "quoteType": "EQUITY", "symbol": "MAHEPC.NS", "underlyingSymbol": "MAHEPC.NS", "shortName": "Mahindra EPC Irrig Ltd", "longName": "Mahindra EPC Irrigation Limited", "firstTradeDateEpochUtc": "2020-02-14 09:15:00", "timeZoneFullName": "Asia/Kolkata", "timeZoneShortName": "IST", "uuid": "622f5499-eff1-39f7-9dab-228b126b1763", "gmtOffSetMilliseconds": 19800000, "maxAge": 1}, "incomeStatementHistory": {"incomeStatementHistory": [{"maxAge": 1, "endDate": "2020-03-31", "totalRevenue": 2839586000, "costOfRevenue": 1355238000, "grossProfit": 1484348000, "researchDevelopment": {}, "sellingGeneralAdministrative": 282132000, "nonRecurring": {}, "otherOperatingExpenses": 832858000, "totalOperatingExpenses": 2508239000, "operatingIncome": 331347000, "totalOtherIncomeExpenseNet": -9814000, "ebit": 331347000, "interestExpense": -18565000, "incomeBeforeTax": 321533000, "incomeTaxExpense": 91135000, "minorityInterest": {}, "netIncomeFromContinuingOps": 230398000, "discontinuedOperations": {}, "extraordinaryItems": {}, "effectOfAccountingCharges": {}, "otherItems": {}, "netIncome": 230398000, "netIncomeApplicableToCommonShares": 230398000}, {"maxAge": 1, "endDate": "2019-03-31", "totalRevenue": 2601095000, "costOfRevenue": 1417624000, "grossProfit": 1183471000, "researchDevelopment": {}, "sellingGeneralAdministrative": 268596000, "nonRecurring": {}, "otherOperatingExpenses": 711036000, "totalOperatingExpenses": 2427949000, "operatingIncome": 173146000, "totalOtherIncomeExpenseNet": -5235000, "ebit": 173146000, "interestExpense": -12508000, "incomeBeforeTax": 167911000, "incomeTaxExpense": 54968000, "minorityInterest": {}, "netIncomeFromContinuingOps": 112943000, "discontinuedOperations": {}, "extraordinaryItems": {}, "effectOfAccountingCharges": {}, "otherItems": {}, "netIncome": 112943000, "netIncomeApplicableToCommonShares": 112943000}, {"maxAge": 1, "endDate": "2018-03-31", "totalRevenue": 2046674000, "costOfRevenue": 1130142000, "grossProfit": 916532000, "researchDevelopment": {}, "sellingGeneralAdministrative": 260229000, "nonRecurring": {}, "otherOperatingExpenses": 532951000, "totalOperatingExpenses": 1954716000, "operatingIncome": 91958000, "totalOtherIncomeExpenseNet": 11681000, "ebit": 91958000, "interestExpense": -3650000, "incomeBeforeTax": 103639000, "incomeTaxExpense": 54253000, "minorityInterest": {}, "netIncomeFromContinuingOps": 49386000, "discontinuedOperations": {}, "extraordinaryItems": {}, "effectOfAccountingCharges": {}, "otherItems": {}, "netIncome": 49386000, "netIncomeApplicableToCommonShares": 49386000}, {"maxAge": 1, "endDate": "2017-03-31", "totalRevenue": 2010263000, "costOfRevenue": 1158940000, "grossProfit": 851323000, "researchDevelopment": {}, "sellingGeneralAdministrative": 252554000, "nonRecurring": {}, "otherOperatingExpenses": 470915000, "totalOperatingExpenses": 1912887000, "operatingIncome": 97376000, "totalOtherIncomeExpenseNet": -586000, "ebit": 97376000, "interestExpense": -13549000, "incomeBeforeTax": 96790000, "incomeTaxExpense": -2257000, "minorityInterest": {}, "netIncomeFromContinuingOps": 99047000, "discontinuedOperations": {}, "extraordinaryItems": {}, "effectOfAccountingCharges": {}, "otherItems": {}, "netIncome": 99047000, "netIncomeApplicableToCommonShares": 99047000}], "maxAge": 86400}, "fundOwnership": {"ownershipList": [], "maxAge": 1}, "summaryDetail": {"maxAge": 1, "priceHint": 2, "previousClose": 147.95, "open": 148.0, "dayLow": 146.3, "dayHigh": 154.0, "regularMarketPreviousClose": 147.95, "regularMarketOpen": 148.0, "regularMarketDayLow": 146.3, "regularMarketDayHigh": 154.0, "dividendRate": 1.2, "dividendYield": 0.0081, "exDividendDate": "2020-07-28 05:30:00", "payoutRatio": 0.1368, "beta": 1.148469, "trailingPE": 16.790194, "volume": 226274, "regularMarketVolume": 226274, "averageVolume": 198634, "averageVolume10days": 68296, "averageDailyVolume10Day": 68296, "bid": 0.0, "ask": 0.0, "marketCap": 4088278528, "fiftyTwoWeekLow": 79.05, "fiftyTwoWeekHigh": 194.5, "priceToSalesTrailing12Months": 1.5407581, "fiftyDayAverage": 151.875, "twoHundredDayAverage": 152.52588, "trailingAnnualDividendRate": 1.2, "trailingAnnualDividendYield": 0.008110849, "currency": "INR", "fromCurrency": null, "lastMarket": null, "algorithm": null, "tradeable": false}, "incomeStatementHistoryQuarterly": {"incomeStatementHistory": [{"maxAge": 1, "endDate": "2020-12-31", "totalRevenue": 807340000, "costOfRevenue": 443060000, "grossProfit": 364280000, "researchDevelopment": {}, "sellingGeneralAdministrative": 77360000, "nonRecurring": {}, "otherOperatingExpenses": 185074000, "totalOperatingExpenses": 713134000, "operatingIncome": 94206000, "totalOtherIncomeExpenseNet": 2033000, "ebit": 94206000, "interestExpense": -980000, "incomeBeforeTax": 96239000, "incomeTaxExpense": 19188000, "minorityInterest": {}, "netIncomeFromContinuingOps": 77051000, "discontinuedOperations": {}, "extraordinaryItems": {}, "effectOfAccountingCharges": {}, "otherItems": {}, "netIncome": 77051000, "netIncomeApplicableToCommonShares": 77051000}, {"maxAge": 1, "endDate": "2020-09-30", "totalRevenue": 553840000, "costOfRevenue": 259739000, "grossProfit": 294101000, "researchDevelopment": {}, "sellingGeneralAdministrative": 65148000, "nonRecurring": {}, "otherOperatingExpenses": 164918000, "totalOperatingExpenses": 497592000, "operatingIncome": 56248000, "totalOtherIncomeExpenseNet": -250000, "ebit": 56248000, "interestExpense": -844000, "incomeBeforeTax": 55998000, "incomeTaxExpense": 15037000, "minorityInterest": {}, "netIncomeFromContinuingOps": 40961000, "discontinuedOperations": {}, "extraordinaryItems": {}, "effectOfAccountingCharges": {}, "otherItems": {}, "netIncome": 40961000, "netIncomeApplicableToCommonShares": 40961000}, {"maxAge": 1, "endDate": "2020-06-30", "totalRevenue": 465645000, "costOfRevenue": 223421000, "grossProfit": 242224000, "researchDevelopment": {}, "sellingGeneralAdministrative": 62395000, "nonRecurring": {}, "otherOperatingExpenses": 143779000, "totalOperatingExpenses": 437139000, "operatingIncome": 28506000, "totalOtherIncomeExpenseNet": 13772000, "ebit": 28506000, "interestExpense": -705000, "incomeBeforeTax": 42278000, "incomeTaxExpense": 11363000, "minorityInterest": {}, "netIncomeFromContinuingOps": 30915000, "discontinuedOperations": {}, "extraordinaryItems": {}, "effectOfAccountingCharges": {}, "otherItems": {}, "netIncome": 30915000, "netIncomeApplicableToCommonShares": 30915000}, {"maxAge": 1, "endDate": "2020-03-31", "totalRevenue": 826595000, "costOfRevenue": 392191000, "grossProfit": 434404000, "researchDevelopment": {}, "sellingGeneralAdministrative": 87675000, "nonRecurring": {}, "otherOperatingExpenses": 206479000, "totalOperatingExpenses": 697955000, "operatingIncome": 128640000, "totalOtherIncomeExpenseNet": 163000, "ebit": 128640000, "interestExpense": -4257000, "incomeBeforeTax": 128803000, "incomeTaxExpense": 33100000, "minorityInterest": {}, "netIncomeFromContinuingOps": 95703000, "discontinuedOperations": {}, "extraordinaryItems": {}, "effectOfAccountingCharges": {}, "otherItems": {}, "netIncome": 95703000, "netIncomeApplicableToCommonShares": 95703000}], "maxAge": 86400}, "cashflowStatementHistoryQuarterly": {"cashflowStatements": [{"maxAge": 1, "endDate": "2020-12-31", "netIncome": 77051000, "changeToLiabilities": 0}, {"maxAge": 1, "endDate": "2020-09-30", "netIncome": 40961000, "changeToLiabilities": 0}, {"maxAge": 1, "endDate": "2020-06-30", "netIncome": 30915000, "changeToLiabilities": 0}, {"maxAge": 1, "endDate": "2020-03-31", "netIncome": 95703000, "changeToLiabilities": 0}], "maxAge": 86400}, "insiderHolders": {"holders": [{"maxAge": 1, "name": "Mahindra & Mahindra Ltd", "relation": "Promoter", "url": "", "transactionDescription": "Acquisition", "latestTransDate": "2012-06-09", "positionDirect": 15144433, "positionDirectDate": "2012-06-09"}, {"maxAge": 1, "name": "Trenton Investment Co Pvt Ltd", "relation": "Institution- Corporation", "url": "", "transactionDescription": "Sale", "latestTransDate": "2012-08-11", "positionDirect": 1329500, "positionDirectDate": "2012-08-11"}], "maxAge": 1}, "calendarEvents": {"maxAge": 1, "earnings": {"earningsDate": []}, "exDividendDate": "2020-07-28 05:30:00"}, "upgradeDowngradeHistory": {"history": [], "maxAge": 86400}, "price": {"maxAge": 1, "regularMarketChangePercent": -0.0047313077, "regularMarketChange": -0.69999695, "regularMarketTime": "2021-04-30 15:29:59", "priceHint": 2, "regularMarketPrice": 147.25, "regularMarketDayHigh": 154.0, "regularMarketDayLow": 146.3, "regularMarketVolume": 226274, "averageDailyVolume10Day": 68296, "averageDailyVolume3Month": 198634, "regularMarketPreviousClose": 147.95, "regularMarketSource": "FREE_REALTIME", "regularMarketOpen": 148.0, "exchange": "NSI", "exchangeName": "NSE", "exchangeDataDelayedBy": 15, "marketState": "CLOSED", "quoteType": "EQUITY", "symbol": "MAHEPC.NS", "underlyingSymbol": null, "shortName": "Mahindra EPC Irrig Ltd", "longName": "Mahindra EPC Irrigation Limited", "currency": "INR", "quoteSourceName": "Delayed Quote", "currencySymbol": "\u20b9", "fromCurrency": null, "lastMarket": null, "marketCap": 4088278528}, "balanceSheetHistory": {"balanceSheetStatements": [{"maxAge": 1, "endDate": "2020-03-31", "cash": 111080000, "netReceivables": 1296821000, "inventory": 358763000, "otherCurrentAssets": 134692000, "totalCurrentAssets": 1904683000, "longTermInvestments": 14037000, "propertyPlantEquipment": 275629000, "intangibleAssets": 1127000, "otherAssets": 439861000, "deferredLongTermAssetCharges": 53110000, "totalAssets": 2635337000, "accountsPayable": 655450000, "otherCurrentLiab": 100418000, "otherLiab": 3699000, "totalCurrentLiabilities": 928625000, "totalLiab": 932623000, "commonStock": 277818000, "retainedEarnings": 474756000, "treasuryStock": 13434000, "capitalSurplus": 936706000, "otherStockholderEquity": 13434000, "totalStockholderEquity": 1702714000, "netTangibleAssets": 1701587000}, {"maxAge": 1, "endDate": "2019-03-31", "cash": 4053000, "netReceivables": 1248452000, "inventory": 261382000, "otherCurrentAssets": 108903000, "totalCurrentAssets": 1625292000, "longTermInvestments": 16504000, "propertyPlantEquipment": 242082000, "intangibleAssets": 2337000, "otherAssets": 326010000, "deferredLongTermAssetCharges": 37066000, "totalAssets": 2212225000, "accountsPayable": 525154000, "shortLongTermDebt": 611000, "otherCurrentLiab": 95899000, "longTermDebt": 850000, "otherLiab": 8749000, "totalCurrentLiabilities": 702893000, "totalLiab": 712492000, "commonStock": 277459000, "retainedEarnings": 277843000, "treasuryStock": 12901000, "capitalSurplus": 931530000, "otherStockholderEquity": 12901000, "totalStockholderEquity": 1499733000, "netTangibleAssets": 1497396000}, {"maxAge": 1, "endDate": "2018-03-31", "cash": 8271000, "netReceivables": 1073480000, "inventory": 346971000, "otherCurrentAssets": 97682000, "totalCurrentAssets": 1529374000, "propertyPlantEquipment": 244148000, "intangibleAssets": 6766000, "otherAssets": 181552000, "deferredLongTermAssetCharges": 21828000, "totalAssets": 1961840000, "accountsPayable": 383027000, "shortLongTermDebt": 611000, "otherCurrentLiab": 87420000, "longTermDebt": 1462000, "otherLiab": 8395000, "totalCurrentLiabilities": 552542000, "totalLiab": 562399000, "commonStock": 277100000, "retainedEarnings": 182345000, "treasuryStock": 13641000, "capitalSurplus": 926355000, "otherStockholderEquity": 13641000, "totalStockholderEquity": 1399441000, "netTangibleAssets": 1392675000}, {"maxAge": 1, "endDate": "2017-03-31", "cash": 68914000, "netReceivables": 912776000, "inventory": 324965000, "otherCurrentAssets": 83775000, "totalCurrentAssets": 1442973000, "propertyPlantEquipment": 250668000, "intangibleAssets": 9693000, "otherAssets": 126981000, "deferredLongTermAssetCharges": 39974000, "totalAssets": 1830315000, "accountsPayable": 338850000, "shortLongTermDebt": 611000, "otherCurrentLiab": 98221000, "longTermDebt": 2073000, "otherLiab": 7458000, "totalCurrentLiabilities": 478961000, "totalLiab": 488492000, "commonStock": 276726000, "retainedEarnings": 132888000, "treasuryStock": 11246000, "capitalSurplus": 920963000, "otherStockholderEquity": 11246000, "totalStockholderEquity": 1341823000, "netTangibleAssets": 1332130000}], "maxAge": 86400}, "financialData": {"maxAge": 86400, "currentPrice": 147.25, "recommendationKey": "none", "totalCash": 31348000, "totalCashPerShare": 1.127, "ebitda": 342971008, "totalDebt": 2796000, "totalRevenue": 2653420032, "debtToEquity": 0.16, "revenuePerShare": 95.477, "grossProfits": 1484348000, "earningsGrowth": 0.007, "revenueGrowth": -0.024, "grossMargins": 0.50313, "ebitdaMargins": 0.12926, "operatingMargins": 0.115930006, "profitMargins": 0.09219, "financialCurrency": "INR"}}}