{"MAHINDCIE.BO": {"recommendationTrend": {"trend": [{"period": "0m", "strongBuy": 0, "buy": 0, "hold": 0, "sell": 0, "strongSell": 0}, {"period": "-1m", "strongBuy": 0, "buy": 0, "hold": 0, "sell": 0, "strongSell": 0}, {"period": "-2m", "strongBuy": 0, "buy": 0, "hold": 0, "sell": 0, "strongSell": 0}, {"period": "-3m", "strongBuy": 0, "buy": 0, "hold": 0, "sell": 0, "strongSell": 0}], "maxAge": 86400}, "cashflowStatementHistory": {"cashflowStatements": [{"maxAge": 1, "endDate": "2019-12-31", "netIncome": 3538000000, "depreciation": 3142000000, "changeToNetincome": 2011000000, "changeToAccountReceivables": 3398000000, "changeToLiabilities": 0, "changeToInventory": 2489000000, "changeToOperatingActivities": -4331000000, "totalCashFromOperatingActivities": 10273000000, "capitalExpenditures": -4238000000, "investments": 6023000000, "totalCashflowsFromInvestingActivities": -5901000000, "netBorrowings": -3545000000, "otherCashflowsFromFinancingActivities": -525000000, "totalCashFromFinancingActivities": -4040000000, "effectOfExchangeRate": 11000000, "changeInCash": 343000000, "issuanceOfStock": 30000000}, {"maxAge": 1, "endDate": "2018-12-31", "netIncome": 4981000000, "depreciation": 2843000000, "changeToNetincome": 969000000, "changeToAccountReceivables": -1616000000, "changeToLiabilities": 0, "changeToInventory": -2752000000, "changeToOperatingActivities": 2600000000, "totalCashFromOperatingActivities": 7080000000, "capitalExpenditures": -4101000000, "investments": -6154000000, "totalCashflowsFromInvestingActivities": -10189000000, "netBorrowings": 4089000000, "otherCashflowsFromFinancingActivities": -525000000, "totalCashFromFinancingActivities": 3621000000, "effectOfExchangeRate": 16000000, "changeInCash": 528000000, "issuanceOfStock": 57000000}, {"maxAge": 1, "endDate": "2017-12-31", "netIncome": 3584000000, "depreciation": 2682000000, "changeToNetincome": 997000000, "changeToAccountReceivables": -2766000000, "changeToLiabilities": 0, "changeToInventory": -1273000000, "changeToOperatingActivities": 1846000000, "totalCashFromOperatingActivities": 5122000000, "capitalExpenditures": -3105000000, "investments": -86000000, "totalCashflowsFromInvestingActivities": -3083000000, "netBorrowings": -1877000000, "otherCashflowsFromFinancingActivities": -545000000, "totalCashFromFinancingActivities": -2356000000, "effectOfExchangeRate": 55000000, "changeInCash": -262000000, "issuanceOfStock": 66000000}, {"maxAge": 1, "endDate": "2016-12-31", "netIncome": 1690000000, "depreciation": 2263000000, "changeToNetincome": 906000000, "changeToAccountReceivables": -1562000000, "changeToLiabilities": 0, "changeToInventory": -110000000, "changeToOperatingActivities": -209000000, "totalCashFromOperatingActivities": 3040000000, "capitalExpenditures": -2088000000, "investments": 284000000, "otherCashflowsFromInvestingActivities": 108000000, "totalCashflowsFromInvestingActivities": -8308000000, "netBorrowings": 1817000000, "otherCashflowsFromFinancingActivities": -594000000, "totalCashFromFinancingActivities": 5748000000, "effectOfExchangeRate": 55000000, "changeInCash": 480000000, "issuanceOfStock": 4525000000}], "maxAge": 86400}, "institutionOwnership": {"ownershipList": [], "maxAge": 1}, "balanceSheetHistoryQuarterly": {"balanceSheetStatements": [{"maxAge": 1, "endDate": "2020-09-30"}, {"maxAge": 1, "endDate": "2020-06-30", "cash": 1192040000, "shortTermInvestments": 2031530000, "netReceivables": 3822760000, "inventory": 10256400000, "otherCurrentAssets": 2142010000, "totalCurrentAssets": 19444740000, "longTermInvestments": 325730000, "propertyPlantEquipment": 28728510000, "goodWill": 36358310000, "intangibleAssets": 292240000, "otherAssets": 3599930000, "deferredLongTermAssetCharges": 1687550000, "totalAssets": 88749460000, "accountsPayable": 12320250000, "otherCurrentLiab": 5703310000, "longTermDebt": 7168550000, "otherLiab": 8836660000, "totalCurrentLiabilities": 26393170000, "totalLiab": 42398380000, "commonStock": 3790110000, "treasuryStock": 27276070000, "capitalSurplus": 15284900000, "otherStockholderEquity": 27276070000, "totalStockholderEquity": 46351080000, "netTangibleAssets": 9700530000}, {"maxAge": 1, "endDate": "2020-03-31", "totalStockholderEquity": 46337990000, "netTangibleAssets": 10764440000}, {"maxAge": 1, "endDate": "2019-12-31", "cash": 1135000000, "shortTermInvestments": 1238000000, "netReceivables": 7786000000, "inventory": 10566000000, "otherCurrentAssets": 825000000, "totalCurrentAssets": 21732000000, "longTermInvestments": 80000000, "propertyPlantEquipment": 25404000000, "goodWill": 35260000000, "intangibleAssets": 283000000, "otherAssets": 4252000000, "deferredLongTermAssetCharges": 1384000000, "totalAssets": 87011000000, "accountsPayable": 14771000000, "otherCurrentLiab": 2416000000, "longTermDebt": 8256000000, "otherLiab": 6434000000, "deferredLongTermLiab": 30000000, "totalCurrentLiabilities": 25983000000, "totalLiab": 40673000000, "commonStock": 3790000000, "retainedEarnings": 17831000000, "treasuryStock": 9432000000, "capitalSurplus": 15285000000, "otherStockholderEquity": 9432000000, "totalStockholderEquity": 46338000000, "netTangibleAssets": 10795000000}], "maxAge": 86400}, "earningsHistory": {"history": [{"maxAge": 1, "epsActual": 0.29, "epsEstimate": 2.07, "epsDifference": -1.78, "surprisePercent": -0.86, "quarter": "2016-12-31", "period": "-4q"}, {"maxAge": 1, "epsActual": 0.44, "epsEstimate": 0.36, "epsDifference": 0.08, "surprisePercent": 0.222, "quarter": "2017-03-31", "period": "-3q"}, {"maxAge": 1, "epsActual": 0.54, "epsEstimate": 0.5, "epsDifference": 0.04, "surprisePercent": 0.08, "quarter": "2017-09-30", "period": "-2q"}, {"maxAge": 1, "epsActual": 1.12, "epsEstimate": 1.2, "epsDifference": -0.08, "surprisePercent": -0.067, "quarter": "2018-09-30", "period": "-1q"}], "maxAge": 86400}, "indexTrend": {"maxAge": 1, "symbol": "SP5", "peRatio": 19.7411, "pegRatio": 1.34172, "estimates": [{"period": "0q", "growth": 0.549}, {"period": "+1q", "growth": 0.431}, {"period": "0y", "growth": 0.305}, {"period": "+1y", "growth": 0.109}, {"period": "+5y", "growth": 0.120865}, {"period": "-5y"}]}, "industryTrend": {"maxAge": 1, "symbol": null, "estimates": []}, "insiderTransactions": {"transactions": [{"maxAge": 1, "shares": 6500, "value": 11663, "filerUrl": "", "transactionText": "Acquisition at price 1.79 per share.", "filerName": "Participaciones Internacionales Autometal DOS S L", "filerRelation": "Promoter", "moneyText": "", "startDate": "2020-09-24", "ownership": "D"}, {"maxAge": 1, "shares": 7930000, "value": 15089204, "filerUrl": "", "transactionText": "Acquisition at price 1.90 per share.", "filerName": "Participaciones Internacionales Autometal DOS S L", "filerRelation": "Promoter", "moneyText": "", "startDate": "2020-09-23", "ownership": "D"}, {"maxAge": 1, "shares": 229032, "value": 402752, "filerUrl": "", "transactionText": "Acquisition at price 1.76 per share.", "filerName": "Participaciones Internacionales Autometal DOS S L", "filerRelation": "Promoter", "moneyText": "", "startDate": "2020-09-22", "ownership": "D"}, {"maxAge": 1, "shares": 479000, "value": 760604, "filerUrl": "", "transactionText": "Acquisition at price 1.59 per share.", "filerName": "Participaciones Internacionales Autometal DOS S L", "filerRelation": "Promoter", "moneyText": "", "startDate": "2020-06-29", "ownership": "D"}, {"maxAge": 1, "shares": 500000, "value": 793450, "filerUrl": "", "transactionText": "Acquisition at price 1.59 per share.", "filerName": "Participaciones Internacionales Autometal DOS S L", "filerRelation": "Promoter", "moneyText": "", "startDate": "2020-06-26", "ownership": "D"}, {"maxAge": 1, "shares": 5232000, "filerUrl": "", "transactionText": "", "filerName": "Participaciones Internacionales Autometal DOS S L", "filerRelation": "Promoter", "moneyText": "", "startDate": "2020-06-23", "ownership": "D"}, {"maxAge": 1, "shares": 155989, "filerUrl": "", "transactionText": "", "filerName": "Participaciones Internacionales Autometal DOS S L", "filerRelation": "Promoter", "moneyText": "", "startDate": "2020-06-22", "ownership": "D"}, {"maxAge": 1, "shares": 24614, "filerUrl": "", "transactionText": "", "filerName": "Participaciones Internacionales Autometal DOS S L", "filerRelation": "Promoter", "moneyText": "", "startDate": "2020-06-19", "ownership": "D"}, {"maxAge": 1, "shares": 124854, "filerUrl": "", "transactionText": "", "filerName": "Participaciones Internacionales Autometal DOS S L", "filerRelation": "Promoter", "moneyText": "", "startDate": "2020-06-17", "ownership": "D"}, {"maxAge": 1, "shares": 84851, "filerUrl": "", "transactionText": "", "filerName": "Participaciones Internacionales Autometal DOS S L", "filerRelation": "Promoter", "moneyText": "", "startDate": "2020-04-27", "ownership": "D"}, {"maxAge": 1, "shares": 3002, "filerUrl": "", "transactionText": "", "filerName": "Participaciones Internacionales Autometal DOS S L", "filerRelation": "Promoter", "moneyText": "", "startDate": "2020-03-31", "ownership": "D"}, {"maxAge": 1, "shares": 0, "filerUrl": "", "transactionText": "", "filerName": "Participaciones Internacionales Autometal DOS S L", "filerRelation": "Promoter", "moneyText": "", "startDate": "2020-03-31", "ownership": "I"}, {"maxAge": 1, "shares": 118000, "filerUrl": "", "transactionText": "", "filerName": "Participaciones Internacionales Autometal DOS S L", "filerRelation": "Promoter", "moneyText": "", "startDate": "2020-03-30", "ownership": "D"}, {"maxAge": 1, "shares": 138900, "filerUrl": "", "transactionText": "", "filerName": "Luthra (Hemant)", "filerRelation": "Executive Chairman", "moneyText": "", "startDate": "2019-06-20", "ownership": "D"}, {"maxAge": 1, "shares": 8110, "filerUrl": "", "transactionText": "", "filerName": "Menon (Manoj)", "filerRelation": "UNREPORTED", "moneyText": "", "startDate": "2019-06-20", "ownership": "D"}, {"maxAge": 1, "shares": 7110, "filerUrl": "", "transactionText": "", "filerName": "Mishra (Anup)", "filerRelation": "UNREPORTED", "moneyText": "", "startDate": "2019-06-20", "ownership": "D"}, {"maxAge": 1, "shares": 5000, "filerUrl": "", "transactionText": "", "filerName": "Mishra (Anup)", "filerRelation": "UNREPORTED", "moneyText": "", "startDate": "2019-05-21", "ownership": "D"}, {"maxAge": 1, "shares": 5300, "filerUrl": "", "transactionText": "", "filerName": "Mishra (Anup)", "filerRelation": "UNREPORTED", "moneyText": "", "startDate": "2019-03-19", "ownership": "D"}, {"maxAge": 1, "shares": 7410, "filerUrl": "", "transactionText": "", "filerName": "Mishra (Anup)", "filerRelation": "UNREPORTED", "moneyText": "", "startDate": "2018-11-29", "ownership": "D"}, {"maxAge": 1, "shares": 1000, "filerUrl": "", "transactionText": "", "filerName": "Urolagin (Shankar)", "filerRelation": "UNREPORTED", "moneyText": "", "startDate": "2018-11-29", "ownership": "D"}, {"maxAge": 1, "shares": 17000, "filerUrl": "", "transactionText": "", "filerName": "Kaul (Romesh)", "filerRelation": "Director", "moneyText": "", "startDate": "2018-09-24", "ownership": "D"}, {"maxAge": 1, "shares": 8610, "filerUrl": "", "transactionText": "", "filerName": "Mishra (Anup)", "filerRelation": "UNREPORTED", "moneyText": "", "startDate": "2018-08-29", "ownership": "D"}, {"maxAge": 1, "shares": 3000000, "filerUrl": "", "transactionText": "", "filerName": "Mahindra Vehicle Manufacturers Ltd", "filerRelation": "Promoter", "moneyText": "", "startDate": "2018-08-24", "ownership": "D"}, {"maxAge": 1, "shares": 4784068, "filerUrl": "", "transactionText": "", "filerName": "Prudential Management & Services Pvt Ltd", "filerRelation": "Promoter", "moneyText": "", "startDate": "2018-07-27", "ownership": "D"}, {"maxAge": 1, "shares": 18926895, "filerUrl": "", "transactionText": "", "filerName": "Mahindra Vehicle Manufacturers Ltd", "filerRelation": "Promoter", "moneyText": "", "startDate": "2018-06-29", "ownership": "D"}, {"maxAge": 1, "shares": 18926895, "filerUrl": "", "transactionText": "", "filerName": "Participaciones Internacionales Autometal DOS S L", "filerRelation": "Promoter", "moneyText": "", "startDate": "2018-06-29", "ownership": "D"}, {"maxAge": 1, "shares": 10000, "filerUrl": "", "transactionText": "", "filerName": "Harikumar (U M)", "filerRelation": "UNREPORTED", "moneyText": "", "startDate": "2018-05-14", "ownership": "D"}, {"maxAge": 1, "shares": 15000, "filerUrl": "", "transactionText": "", "filerName": "Kaul (Romesh)", "filerRelation": "Director", "moneyText": "", "startDate": "2018-03-27", "ownership": "D"}, {"maxAge": 1, "shares": 49805, "filerUrl": "", "transactionText": "", "filerName": "Sinha (Vikas)", "filerRelation": "UNREPORTED", "moneyText": "", "startDate": "2018-03-27", "ownership": "D"}, {"maxAge": 1, "shares": 6000, "filerUrl": "", "transactionText": "", "filerName": "Pawar (Sitaram)", "filerRelation": "UNREPORTED", "moneyText": "", "startDate": "2017-11-03", "ownership": "D"}, {"maxAge": 1, "shares": 6666, "filerUrl": "", "transactionText": "", "filerName": "Rajendran (Vishwanathan Ganapathy)", "filerRelation": "UNREPORTED", "moneyText": "", "startDate": "2017-09-26", "ownership": "D"}, {"maxAge": 1, "shares": 138900, "filerUrl": "", "transactionText": "", "filerName": "Luthra (Hemant)", "filerRelation": "Executive Chairman", "moneyText": "", "startDate": "2017-07-27", "ownership": "D"}, {"maxAge": 1, "shares": 44443, "filerUrl": "", "transactionText": "", "filerName": "Ramaswami (Krishnan)", "filerRelation": "Managing Director", "moneyText": "", "startDate": "2017-07-27", "ownership": "D"}, {"maxAge": 1, "shares": 443, "filerUrl": "", "transactionText": "", "filerName": "Urolagin (Shankar)", "filerRelation": "UNREPORTED", "moneyText": "", "startDate": "2017-07-27", "ownership": "D"}, {"maxAge": 1, "shares": 4769, "filerUrl": "", "transactionText": "", "filerName": "Shankar (Krishnan)", "filerRelation": "Compliance officer", "moneyText": "", "startDate": "2017-06-30", "ownership": "D"}, {"maxAge": 1, "shares": 20692, "filerUrl": "", "transactionText": "", "filerName": "Ramaswami (Krishnan)", "filerRelation": "Managing Director", "moneyText": "", "startDate": "2017-06-29", "ownership": "D"}, {"maxAge": 1, "shares": 658, "filerUrl": "", "transactionText": "", "filerName": "Ramaswami (Krishnan)", "filerRelation": "Managing Director", "moneyText": "", "startDate": "2017-06-22", "ownership": "D"}, {"maxAge": 1, "shares": 10161, "filerUrl": "", "transactionText": "", "filerName": "Ramaswami (Krishnan)", "filerRelation": "Managing Director", "moneyText": "", "startDate": "2017-06-20", "ownership": "D"}, {"maxAge": 1, "shares": 1089, "filerUrl": "", "transactionText": "", "filerName": "Ramaswami (Krishnan)", "filerRelation": "Managing Director", "moneyText": "", "startDate": "2017-06-15", "ownership": "D"}, {"maxAge": 1, "shares": 58947, "filerUrl": "", "transactionText": "", "filerName": "Luthra (Hemant)", "filerRelation": "Executive Chairman", "moneyText": "", "startDate": "2017-06-14", "ownership": "D"}, {"maxAge": 1, "shares": 2437, "filerUrl": "", "transactionText": "", "filerName": "Luthra (Hemant)", "filerRelation": "Executive Chairman", "moneyText": "", "startDate": "2017-06-06", "ownership": "D"}, {"maxAge": 1, "shares": 5000, "filerUrl": "", "transactionText": "", "filerName": "Luthra (Hemant)", "filerRelation": "Executive Chairman", "moneyText": "", "startDate": "2017-06-05", "ownership": "D"}, {"maxAge": 1, "shares": 7000, "filerUrl": "", "transactionText": "", "filerName": "Luthra (Hemant)", "filerRelation": "Executive Chairman", "moneyText": "", "startDate": "2017-06-02", "ownership": "D"}, {"maxAge": 1, "shares": 26616, "filerUrl": "", "transactionText": "", "filerName": "Luthra (Hemant)", "filerRelation": "Executive Chairman", "moneyText": "", "startDate": "2017-06-01", "ownership": "D"}, {"maxAge": 1, "shares": 4000, "filerUrl": "", "transactionText": "", "filerName": "Urolagin (Shankar)", "filerRelation": "UNREPORTED", "moneyText": "", "startDate": "2017-05-03", "ownership": "D"}, {"maxAge": 1, "shares": 10037, "filerUrl": "", "transactionText": "", "filerName": "Urolagin (Shankar)", "filerRelation": "UNREPORTED", "moneyText": "", "startDate": "2017-05-03", "ownership": "D"}, {"maxAge": 1, "shares": 145738037, "filerUrl": "", "transactionText": "", "filerName": "Participaciones Internacionales Autometal DOS S L", "filerRelation": "Promoter", "moneyText": "", "startDate": "2016-10-19", "ownership": "D"}, {"maxAge": 1, "shares": 10074, "filerUrl": "", "transactionText": "", "filerName": "Kumar (Hari U M)", "filerRelation": "UNREPORTED", "moneyText": "", "startDate": "2016-07-02", "ownership": "D"}, {"maxAge": 1, "shares": 9199, "filerUrl": "", "transactionText": "", "filerName": "Deogaonkar (Vijay)", "filerRelation": "UNREPORTED", "moneyText": "", "startDate": "2016-03-30", "ownership": "D"}, {"maxAge": 1, "shares": 20480, "filerUrl": "", "transactionText": "", "filerName": "Luthra (Hemant)", "filerRelation": "Executive Chairman", "moneyText": "", "startDate": "2016-03-30", "ownership": "D"}, {"maxAge": 1, "shares": 75000, "filerUrl": "", "transactionText": "", "filerName": "Ramaswami (Krishnan)", "filerRelation": "Managing Director", "moneyText": "", "startDate": "2016-03-30", "ownership": "D"}, {"maxAge": 1, "shares": 11925, "filerUrl": "", "transactionText": "", "filerName": "Babasaheb (Suryakant)", "filerRelation": "UNREPORTED", "moneyText": "", "startDate": "2016-03-01", "ownership": "D"}, {"maxAge": 1, "shares": 8230, "filerUrl": "", "transactionText": "", "filerName": "Urolagin (Shankar)", "filerRelation": "UNREPORTED", "moneyText": "", "startDate": "2016-03-01", "ownership": "D"}, {"maxAge": 1, "shares": 65271407, "filerUrl": "", "transactionText": "", "filerName": "Mahindra & Mahindra Ltd", "filerRelation": "Promoter", "moneyText": "", "startDate": "2015-12-30", "ownership": "D"}, {"maxAge": 1, "shares": 65271407, "filerUrl": "", "transactionText": "", "filerName": "Mahindra Vehicle Manufacturers Ltd", "filerRelation": "Institution- Corporation", "moneyText": "", "startDate": "2015-12-30", "ownership": "D"}, {"maxAge": 1, "shares": 3500, "filerUrl": "", "transactionText": "", "filerName": "Shankar (Krishnan)", "filerRelation": "Compliance Officer", "moneyText": "", "startDate": "2015-12-21", "ownership": "D"}, {"maxAge": 1, "shares": 2895, "filerUrl": "", "transactionText": "", "filerName": "Shankar (Krishnan)", "filerRelation": "Compliance officer", "moneyText": "", "startDate": "2015-12-21", "ownership": "D"}, {"maxAge": 1, "shares": 13000, "filerUrl": "", "transactionText": "", "filerName": "Deogaonkar (Vijay)", "filerRelation": "UNREPORTED", "moneyText": "", "startDate": "2015-12-14", "ownership": "D"}, {"maxAge": 1, "shares": 6127, "filerUrl": "", "transactionText": "", "filerName": "Urolagin (Shankar)", "filerRelation": "UNREPORTED", "moneyText": "", "startDate": "2015-11-27", "ownership": "D"}, {"maxAge": 1, "shares": 4206, "filerUrl": "", "transactionText": "", "filerName": "Rokade (Raosaheb)", "filerRelation": "UNREPORTED", "moneyText": "", "startDate": "2015-11-19", "ownership": "D"}, {"maxAge": 1, "shares": 4000, "filerUrl": "", "transactionText": "", "filerName": "Bhiwandiwala (Zhooben)", "filerRelation": "Director (Non-Executive)", "moneyText": "", "startDate": "2015-11-02", "ownership": "D"}, {"maxAge": 1, "shares": 7003, "filerUrl": "", "transactionText": "", "filerName": "Hazari (Amitabha)", "filerRelation": "UNREPORTED", "moneyText": "", "startDate": "2015-11-02", "ownership": "D"}, {"maxAge": 1, "shares": 4206, "filerUrl": "", "transactionText": "", "filerName": "Rokade (Raosaheb)", "filerRelation": "UNREPORTED", "moneyText": "", "startDate": "2015-11-02", "ownership": "D"}, {"maxAge": 1, "shares": 3000, "filerUrl": "", "transactionText": "", "filerName": "Shankar (Krishnan)", "filerRelation": "Compliance Officer", "moneyText": "", "startDate": "2015-11-02", "ownership": "D"}, {"maxAge": 1, "shares": 7000, "filerUrl": "", "transactionText": "", "filerName": "Urolagin (Shankar)", "filerRelation": "UNREPORTED", "moneyText": "", "startDate": "2015-11-02", "ownership": "D"}, {"maxAge": 1, "shares": 83000, "filerUrl": "", "transactionText": "", "filerName": "Luthra (Hemant)", "filerRelation": "Executive Chairman", "moneyText": "", "startDate": "2015-08-31", "ownership": "D"}, {"maxAge": 1, "shares": 11250, "filerUrl": "", "transactionText": "", "filerName": "Mirchandani (Daljit)", "filerRelation": "Director (Non-Executive)", "moneyText": "", "startDate": "2015-08-24", "ownership": "D"}, {"maxAge": 1, "shares": 7951, "filerUrl": "", "transactionText": "", "filerName": "Mahajan (Pradeep)", "filerRelation": "UNREPORTED", "moneyText": "", "startDate": "2015-07-30", "ownership": "D"}, {"maxAge": 1, "shares": 19183, "filerUrl": "", "transactionText": "", "filerName": "Joglekar (Sanjay Vasant)", "filerRelation": "Officer", "moneyText": "", "startDate": "2015-05-13", "ownership": "D"}, {"maxAge": 1, "shares": 9990, "filerUrl": "", "transactionText": "", "filerName": "Shankar (Krishnan)", "filerRelation": "Compliance Officer", "moneyText": "", "startDate": "2015-05-13", "ownership": "D"}, {"maxAge": 1, "shares": 10663, "filerUrl": "", "transactionText": "", "filerName": "Shankar (Krishnan)", "filerRelation": "Compliance Officer", "moneyText": "", "startDate": "2015-05-11", "ownership": "D"}, {"maxAge": 1, "shares": 75000, "filerUrl": "", "transactionText": "", "filerName": "Ramaswami (Krishnan)", "filerRelation": "Managing Director", "moneyText": "", "startDate": "2015-03-31", "ownership": "D"}, {"maxAge": 1, "shares": 228, "filerUrl": "", "transactionText": "", "filerName": "Shankar (Krishnan)", "filerRelation": "Compliance Officer", "moneyText": "", "startDate": "2015-03-31", "ownership": "D"}, {"maxAge": 1, "shares": 1789, "filerUrl": "", "transactionText": "", "filerName": "Joglekar (Sanjay Vasant)", "filerRelation": "Officer", "moneyText": "", "startDate": "2015-01-06", "ownership": "D"}, {"maxAge": 1, "shares": 10747, "filerUrl": "", "transactionText": "", "filerName": "Lele (Ajit)", "filerRelation": "Officer", "moneyText": "", "startDate": "2015-01-05", "ownership": "D"}, {"maxAge": 1, "shares": 194273, "filerUrl": "", "transactionText": "", "filerName": "Luthra (Hemant)", "filerRelation": "Executive Chairman", "moneyText": "", "startDate": "2015-01-05", "ownership": "D"}, {"maxAge": 1, "shares": 6772, "filerUrl": "", "transactionText": "", "filerName": "Shankar (Krishnan)", "filerRelation": "Compliance Officer", "moneyText": "", "startDate": "2014-12-30", "ownership": "D"}, {"maxAge": 1, "shares": 2500, "filerUrl": "", "transactionText": "", "filerName": "Mirchandani (Daljit)", "filerRelation": "Director (Non-Executive)", "moneyText": "", "startDate": "2014-10-01", "ownership": "D"}, {"maxAge": 1, "shares": 28787, "filerUrl": "", "transactionText": "", "filerName": "Shankar (Krishnan)", "filerRelation": "Compliance Officer", "moneyText": "", "startDate": "2014-10-01", "ownership": "D"}, {"maxAge": 1, "shares": 25000, "filerUrl": "", "transactionText": "", "filerName": "Ramaswami (Krishnan)", "filerRelation": "Managing Director", "moneyText": "", "startDate": "2014-09-22", "ownership": "D"}, {"maxAge": 1, "shares": 13000, "filerUrl": "", "transactionText": "", "filerName": "Shankar (Krishnan)", "filerRelation": "Compliance Officer", "moneyText": "", "startDate": "2014-09-09", "ownership": "D"}, {"maxAge": 1, "shares": 17500, "filerUrl": "", "transactionText": "", "filerName": "Bhiwandiwala (Zhooben)", "filerRelation": "Director (Non-Executive)", "moneyText": "", "startDate": "2014-07-31", "ownership": "D"}, {"maxAge": 1, "shares": 50000, "filerUrl": "", "transactionText": "", "filerName": "Luthra (Hemant)", "filerRelation": "Non Independent Chairman Of The Board", "moneyText": "", "startDate": "2014-07-31", "ownership": "D"}, {"maxAge": 1, "shares": 75000, "filerUrl": "", "transactionText": "", "filerName": "Ramaswami (Krishnan)", "filerRelation": "Managing Director", "moneyText": "", "startDate": "2014-07-30", "ownership": "D"}, {"maxAge": 1, "shares": 13000, "filerUrl": "", "transactionText": "", "filerName": "Shankar (Krishnan)", "filerRelation": "Compliance Officer", "moneyText": "", "startDate": "2014-07-30", "ownership": "D"}, {"maxAge": 1, "shares": 3508, "filerUrl": "", "transactionText": "", "filerName": "Shankar (Krishnan)", "filerRelation": "Compliance Officer", "moneyText": "", "startDate": "2014-06-24", "ownership": "D"}, {"maxAge": 1, "shares": 11250, "filerUrl": "", "transactionText": "", "filerName": "Mirchandani (Daljit)", "filerRelation": "Director (Non-Executive)", "moneyText": "", "startDate": "2014-05-15", "ownership": "D"}, {"maxAge": 1, "shares": 74833, "filerUrl": "", "transactionText": "", "filerName": "Ramaswami (Krishnan)", "filerRelation": "Managing Director", "moneyText": "", "startDate": "2014-05-02", "ownership": "D"}, {"maxAge": 1, "shares": 4360373, "filerUrl": "", "transactionText": "", "filerName": "Scholz AG", "filerRelation": "Institution- Corporation", "moneyText": "", "startDate": "2013-10-22", "ownership": "D"}, {"maxAge": 1, "shares": 47289500, "filerUrl": "", "transactionText": "", "filerName": "Mahindra & Mahindra Ltd", "filerRelation": "Promoter", "moneyText": "", "startDate": "2013-10-04", "ownership": "D"}, {"maxAge": 1, "shares": 48529500, "filerUrl": "", "transactionText": "", "filerName": "Participaciones Internacionales Autometal DOS S L", "filerRelation": "Institution- Corporation", "moneyText": "", "startDate": "2013-10-04", "ownership": "D"}, {"maxAge": 1, "shares": 75000, "filerUrl": "", "transactionText": "", "filerName": "Ramaswami (Krishnan)", "filerRelation": "Managing Director", "moneyText": "", "startDate": "2013-07-26", "ownership": "D"}, {"maxAge": 1, "shares": 4299270, "filerUrl": "", "transactionText": "", "filerName": "Mahindra & Mahindra Ltd", "filerRelation": "Promoter", "moneyText": "", "startDate": "2011-09-02", "ownership": "D"}, {"maxAge": 1, "shares": 1700000, "filerUrl": "", "transactionText": "", "filerName": "Scholz AG", "filerRelation": "Institution- Corporation", "moneyText": "", "startDate": "2010-09-09", "ownership": "D"}], "maxAge": 1}, "quoteType": {"exchange": "BSE", "quoteType": "EQUITY", "symbol": "MAHINDCIE.BO", "underlyingSymbol": "MAHINDCIE.BO", "shortName": "MAHINDRA CIE AUTOMOTIVE LIMITE", "longName": "Mahindra CIE Automotive Limited", "firstTradeDateEpochUtc": "2000-07-25 09:15:00", "timeZoneFullName": "Asia/Kolkata", "timeZoneShortName": "IST", "uuid": "791d99b7-58af-3945-943e-e45adcb3376f", "gmtOffSetMilliseconds": 19800000, "maxAge": 1}, "incomeStatementHistory": {"incomeStatementHistory": [{"maxAge": 1, "endDate": "2019-12-31", "totalRevenue": 79078000000, "costOfRevenue": 39432000000, "grossProfit": 39646000000, "researchDevelopment": {}, "sellingGeneralAdministrative": 13080000000, "nonRecurring": {}, "otherOperatingExpenses": 16888000000, "totalOperatingExpenses": 72561000000, "operatingIncome": 6517000000, "totalOtherIncomeExpenseNet": -238000000, "ebit": 6517000000, "interestExpense": -469000000, "incomeBeforeTax": 6279000000, "incomeTaxExpense": 2741000000, "minorityInterest": {}, "netIncomeFromContinuingOps": 3538000000, "discontinuedOperations": {}, "extraordinaryItems": {}, "effectOfAccountingCharges": {}, "otherItems": {}, "netIncome": 3538000000, "netIncomeApplicableToCommonShares": 3538000000}, {"maxAge": 1, "endDate": "2018-12-31", "totalRevenue": 80315000000, "costOfRevenue": 38502000000, "grossProfit": 41813000000, "researchDevelopment": {}, "sellingGeneralAdministrative": 13297000000, "nonRecurring": {}, "otherOperatingExpenses": 18006000000, "totalOperatingExpenses": 72672000000, "operatingIncome": 7643000000, "totalOtherIncomeExpenseNet": -115000000, "ebit": 7643000000, "interestExpense": -441000000, "incomeBeforeTax": 7528000000, "incomeTaxExpense": 2043000000, "minorityInterest": {}, "netIncomeFromContinuingOps": 5485000000, "discontinuedOperations": -504000000, "extraordinaryItems": {}, "effectOfAccountingCharges": {}, "otherItems": {}, "netIncome": 4981000000, "netIncomeApplicableToCommonShares": 4981000000}, {"maxAge": 1, "endDate": "2017-12-31", "totalRevenue": 64450000000, "costOfRevenue": 30191000000, "grossProfit": 34259000000, "researchDevelopment": {}, "sellingGeneralAdministrative": 11527000000, "nonRecurring": {}, "otherOperatingExpenses": 14343000000, "totalOperatingExpenses": 58744000000, "operatingIncome": 5706000000, "totalOtherIncomeExpenseNet": -556000000, "ebit": 5706000000, "interestExpense": -361000000, "incomeBeforeTax": 5150000000, "incomeTaxExpense": 1483000000, "minorityInterest": {}, "netIncomeFromContinuingOps": 3667000000, "discontinuedOperations": -83000000, "extraordinaryItems": {}, "effectOfAccountingCharges": {}, "otherItems": {}, "netIncome": 3584000000, "netIncomeApplicableToCommonShares": 3584000000}, {"maxAge": 1, "endDate": "2016-12-31", "totalRevenue": 53342000000, "costOfRevenue": 23247000000, "grossProfit": 30095000000, "researchDevelopment": {}, "sellingGeneralAdministrative": 11025000000, "nonRecurring": {}, "otherOperatingExpenses": 13616000000, "totalOperatingExpenses": 50213000000, "operatingIncome": 3129000000, "totalOtherIncomeExpenseNet": -513000000, "ebit": 3129000000, "interestExpense": -423000000, "incomeBeforeTax": 2616000000, "incomeTaxExpense": 926000000, "minorityInterest": {}, "netIncomeFromContinuingOps": 1690000000, "discontinuedOperations": -83000000, "extraordinaryItems": {}, "effectOfAccountingCharges": {}, "otherItems": {}, "netIncome": 1690000000, "netIncomeApplicableToCommonShares": 1690000000}], "maxAge": 86400}, "fundOwnership": {"ownershipList": [{"maxAge": 1, "reportDate": "2020-07-31", "organization": "Vanguard International Stock Index-Total Intl Stock Indx", "pctHeld": 0.0034, "position": 1292304, "value": 140408829}, {"maxAge": 1, "reportDate": "2020-07-31", "organization": "Vanguard International Stock Index-Emerging Markets Stk", "pctHeld": 0.0033000002, "position": 1241593, "value": 134899079}, {"maxAge": 1, "reportDate": "2020-07-31", "organization": "iShares Core MSCI Emerging Markets ETF", "pctHeld": 0.0023, "position": 884537, "value": 96104945}, {"maxAge": 1, "reportDate": "2020-07-31", "organization": "DFA Emerging Markets Core Equity Portfolio", "pctHeld": 0.0016, "position": 613565, "value": 66663837}, {"maxAge": 1, "reportDate": "2020-07-31", "organization": "DFA Emerging Markets Small Cap Series", "pctHeld": 0.0011999999, "position": 440936, "value": 47907696}, {"maxAge": 1, "reportDate": "2020-07-31", "organization": "Vanguard Intl Equity Index Fds-FTSE All World ex U.S.Small Cap Index", "pctHeld": 0.0007, "position": 264110, "value": 28695551}, {"maxAge": 1, "reportDate": "2020-07-31", "organization": "DFA Investment Dimensions-DFA Emerging Mkts Value", "pctHeld": 0.00059999997, "position": 216128, "value": 23482307}, {"maxAge": 1, "reportDate": "2020-08-31", "organization": "iShares MSCI India Small Cap ETF", "pctHeld": 0.0005, "position": 205856, "value": 26905379}, {"maxAge": 1, "reportDate": "2020-08-31", "organization": "WisdomTree Tr-WisdomTree India Earnings Fd", "pctHeld": 0.0005, "position": 195895, "value": 25603476}, {"maxAge": 1, "reportDate": "2020-08-31", "organization": "SPDR (R) Idx Shares-SPDR (R) Emerging Markets Small Cap ETF", "pctHeld": 0.00029999999, "position": 115922, "value": 15151005}], "maxAge": 1}, "summaryDetail": {"maxAge": 1, "priceHint": 2, "previousClose": 172.15, "open": 168.65, "dayLow": 168.65, "dayHigh": 174.0, "regularMarketPreviousClose": 172.15, "regularMarketOpen": 168.65, "regularMarketDayLow": 168.65, "regularMarketDayHigh": 174.0, "trailingPE": 767.71295, "forwardPE": 15.620438, "volume": 38229, "regularMarketVolume": 38229, "averageVolume": 11953, "averageVolume10days": 14071, "averageDailyVolume10Day": 14071, "bid": 169.0, "ask": 170.1, "bidSize": 0, "askSize": 0, "marketCap": 64851927040, "fiftyTwoWeekLow": 59.05, "fiftyTwoWeekHigh": 178.6, "fiftyDayAverage": 164.63637, "twoHundredDayAverage": 141.84265, "currency": "INR", "fromCurrency": null, "lastMarket": null, "algorithm": null, "tradeable": false}, "sectorTrend": {"maxAge": 1, "symbol": null, "estimates": []}, "incomeStatementHistoryQuarterly": {"incomeStatementHistory": [{"maxAge": 1, "endDate": "2020-09-30", "totalRevenue": 17363100000, "costOfRevenue": 7998900000, "grossProfit": 9364200000, "researchDevelopment": {}, "sellingGeneralAdministrative": 3239230000, "nonRecurring": {}, "otherOperatingExpenses": 4196750000, "totalOperatingExpenses": 16284210000, "operatingIncome": 1078890000, "totalOtherIncomeExpenseNet": -141490000, "ebit": 1078890000, "interestExpense": -141910000, "incomeBeforeTax": 937400000, "incomeTaxExpense": 329760000, "minorityInterest": {}, "netIncomeFromContinuingOps": 607640000, "discontinuedOperations": {}, "extraordinaryItems": {}, "effectOfAccountingCharges": {}, "otherItems": {}, "netIncome": 607640000, "netIncomeApplicableToCommonShares": 607640000}, {"maxAge": 1, "endDate": "2020-06-30", "totalRevenue": 7354670000, "costOfRevenue": 3446750000, "grossProfit": 3907920000, "researchDevelopment": {}, "sellingGeneralAdministrative": 2849730000, "nonRecurring": {}, "otherOperatingExpenses": 2020840000, "totalOperatingExpenses": 8835000000, "operatingIncome": -1480330000, "totalOtherIncomeExpenseNet": 10250000, "ebit": -1480330000, "interestExpense": -167430000, "incomeBeforeTax": -1470080000, "incomeTaxExpense": -183250000, "minorityInterest": {}, "netIncomeFromContinuingOps": -1286830000, "discontinuedOperations": -560000, "extraordinaryItems": {}, "effectOfAccountingCharges": {}, "otherItems": {}, "netIncome": -1287390000, "netIncomeApplicableToCommonShares": -1287390000}, {"maxAge": 1, "endDate": "2020-03-31", "totalRevenue": 16675930000, "costOfRevenue": 7628600000, "grossProfit": 9047330000, "researchDevelopment": {}, "sellingGeneralAdministrative": 3144970000, "nonRecurring": {}, "otherOperatingExpenses": 4031410000, "totalOperatingExpenses": 15620250000, "operatingIncome": 1055680000, "totalOtherIncomeExpenseNet": -600390000, "ebit": 1055680000, "interestExpense": -600390000, "incomeBeforeTax": 455290000, "incomeTaxExpense": 247420000, "minorityInterest": {}, "netIncomeFromContinuingOps": 207870000, "discontinuedOperations": -560000, "extraordinaryItems": {}, "effectOfAccountingCharges": {}, "otherItems": {}, "netIncome": 207870000, "netIncomeApplicableToCommonShares": 207870000}, {"maxAge": 1, "endDate": "2019-12-31", "totalRevenue": 16961430000, "costOfRevenue": 10077670000, "grossProfit": 6883760000, "researchDevelopment": {}, "sellingGeneralAdministrative": 2833840000, "nonRecurring": {}, "otherOperatingExpenses": 2174010000, "totalOperatingExpenses": 15873500000, "operatingIncome": 1087930000, "totalOtherIncomeExpenseNet": 127610000, "ebit": 1087930000, "interestExpense": -52350000, "incomeBeforeTax": 1215540000, "incomeTaxExpense": 1089360000, "minorityInterest": {}, "netIncomeFromContinuingOps": 126180000, "discontinuedOperations": 13030000, "extraordinaryItems": {}, "effectOfAccountingCharges": {}, "otherItems": {}, "netIncome": 139210000, "netIncomeApplicableToCommonShares": 139210000}], "maxAge": 86400}, "cashflowStatementHistoryQuarterly": {"cashflowStatements": [{"maxAge": 1, "endDate": "2020-09-30", "netIncome": 607640000, "changeToLiabilities": 0}, {"maxAge": 1, "endDate": "2020-06-30", "netIncome": -1287390000, "changeToLiabilities": 0}, {"maxAge": 1, "endDate": "2020-03-31", "netIncome": 207870000, "changeToLiabilities": 0}, {"maxAge": 1, "endDate": "2019-12-31", "netIncome": 139210000, "changeToLiabilities": 0}], "maxAge": 86400}, "insiderHolders": {"holders": [{"maxAge": 1, "name": "Harikumar (U M)", "relation": "UNREPORTED", "url": "", "transactionDescription": "Sale", "latestTransDate": "2018-05-14", "positionDirect": 562, "positionDirectDate": "2018-05-14"}, {"maxAge": 1, "name": "Kaul (Romesh)", "relation": "Director", "url": "", "transactionDescription": "Other", "latestTransDate": "2018-09-24", "positionDirect": 44500, "positionDirectDate": "2018-09-24"}, {"maxAge": 1, "name": "Luthra (Hemant)", "relation": "Executive Chairman", "url": "", "transactionDescription": "Other", "latestTransDate": "2019-06-20", "positionDirect": 526553, "positionDirectDate": "2019-06-20"}, {"maxAge": 1, "name": "Mahindra Vehicle Manufacturers Ltd", "relation": "Promoter", "url": "", "transactionDescription": "Sale", "latestTransDate": "2018-08-24", "positionDirect": 43344512, "positionDirectDate": "2018-08-24"}, {"maxAge": 1, "name": "Menon (Manoj)", "relation": "UNREPORTED", "url": "", "transactionDescription": "Other", "latestTransDate": "2019-06-20", "positionDirect": 12448, "positionDirectDate": "2019-06-20"}, {"maxAge": 1, "name": "Mishra (Anup)", "relation": "UNREPORTED", "url": "", "transactionDescription": "Other", "latestTransDate": "2019-06-20", "positionDirect": 13830, "positionDirectDate": "2019-06-20"}, {"maxAge": 1, "name": "Participaciones Internacionales Autometal DOS S L", "relation": "Promoter", "url": "", "transactionDescription": "Acquisition", "latestTransDate": "2020-09-24", "positionDirect": 228082274, "positionDirectDate": "2020-09-24"}, {"maxAge": 1, "name": "Prudential Management & Services Pvt Ltd", "relation": "Promoter", "url": "", "transactionDescription": "Sale", "latestTransDate": "2018-07-27", "positionDirect": 0, "positionDirectDate": "2018-07-27"}, {"maxAge": 1, "name": "Sinha (Vikas)", "relation": "UNREPORTED", "url": "", "transactionDescription": "Other", "latestTransDate": "2018-03-27", "positionDirect": 64805, "positionDirectDate": "2018-03-27"}, {"maxAge": 1, "name": "Urolagin (Shankar)", "relation": "UNREPORTED", "url": "", "transactionDescription": "Other", "latestTransDate": "2018-11-29", "positionDirect": 16443, "positionDirectDate": "2018-11-29"}], "maxAge": 1}, "earnings": {"maxAge": 86400, "earningsChart": {"quarterly": [{"date": "4Q2016", "actual": 0.29, "estimate": 2.07}, {"date": "1Q2017", "actual": 0.44, "estimate": 0.36}, {"date": "3Q2017", "actual": 0.54, "estimate": 0.5}, {"date": "3Q2018", "actual": 1.12, "estimate": 1.2}], "currentQuarterEstimateDate": "4Q", "currentQuarterEstimateYear": 2018, "earningsDate": []}, "financialsChart": {"yearly": [{"date": 2016, "revenue": 53342000000, "earnings": 1690000000}, {"date": 2017, "revenue": 64450000000, "earnings": 3584000000}, {"date": 2018, "revenue": 80315000000, "earnings": 4981000000}, {"date": 2019, "revenue": 79078000000, "earnings": 3538000000}], "quarterly": [{"date": "4Q2019", "revenue": 16961430000, "earnings": 139210000}, {"date": "1Q2020", "revenue": 16675930000, "earnings": 207870000}, {"date": "2Q2020", "revenue": 7354670000, "earnings": -1287390000}, {"date": "3Q2020", "revenue": 17363100000, "earnings": 607640000}]}, "financialCurrency": "INR"}, "calendarEvents": {"maxAge": 1, "earnings": {"earningsDate": [], "revenueAverage": 6850700000, "revenueLow": 6850700000, "revenueHigh": 6850700000}}, "upgradeDowngradeHistory": {"history": [], "maxAge": 86400}, "price": {"maxAge": 1, "regularMarketChangePercent": -0.0055184257, "regularMarketChange": -0.94999695, "regularMarketTime": "2021-04-30 15:29:47", "priceHint": 2, "regularMarketPrice": 171.2, "regularMarketDayHigh": 174.0, "regularMarketDayLow": 168.65, "regularMarketVolume": 38229, "averageDailyVolume10Day": 14071, "averageDailyVolume3Month": 11953, "regularMarketPreviousClose": 172.15, "regularMarketSource": "FREE_REALTIME", "regularMarketOpen": 168.65, "exchange": "BSE", "exchangeName": "BSE", "exchangeDataDelayedBy": 0, "marketState": "CLOSED", "quoteType": "EQUITY", "symbol": "MAHINDCIE.BO", "underlyingSymbol": null, "shortName": "MAHINDRA CIE AUTOMOTIVE LIMITE", "longName": "Mahindra CIE Automotive Limited", "currency": "INR", "quoteSourceName": "Delayed Quote", "currencySymbol": "\u20b9", "fromCurrency": null, "lastMarket": null, "marketCap": 64851927040}, "balanceSheetHistory": {"balanceSheetStatements": [{"maxAge": 1, "endDate": "2019-12-31", "cash": 1135000000, "shortTermInvestments": 1238000000, "netReceivables": 7786000000, "inventory": 10566000000, "otherCurrentAssets": 825000000, "totalCurrentAssets": 21732000000, "longTermInvestments": 80000000, "propertyPlantEquipment": 25404000000, "goodWill": 35260000000, "intangibleAssets": 283000000, "otherAssets": 4252000000, "deferredLongTermAssetCharges": 1384000000, "totalAssets": 87011000000, "accountsPayable": 14771000000, "otherCurrentLiab": 2416000000, "longTermDebt": 8256000000, "otherLiab": 6434000000, "deferredLongTermLiab": 30000000, "totalCurrentLiabilities": 25983000000, "totalLiab": 40673000000, "commonStock": 3790000000, "retainedEarnings": 17831000000, "treasuryStock": 9432000000, "capitalSurplus": 15285000000, "otherStockholderEquity": 9432000000, "totalStockholderEquity": 46338000000, "netTangibleAssets": 10795000000}, {"maxAge": 1, "endDate": "2018-12-31", "cash": 1126000000, "shortTermInvestments": 6793000000, "netReceivables": 8089000000, "inventory": 12286000000, "otherCurrentAssets": 1680000000, "totalCurrentAssets": 30112000000, "longTermInvestments": 15000000, "propertyPlantEquipment": 20800000000, "goodWill": 29111000000, "intangibleAssets": 60000000, "otherAssets": 5730000000, "deferredLongTermAssetCharges": 2553000000, "totalAssets": 85828000000, "accountsPayable": 16838000000, "otherCurrentLiab": 2691000000, "longTermDebt": 11730000000, "otherLiab": 5134000000, "deferredLongTermLiab": 41000000, "totalCurrentLiabilities": 26073000000, "totalLiab": 42937000000, "commonStock": 3788000000, "retainedEarnings": 14293000000, "treasuryStock": 9576000000, "capitalSurplus": 15234000000, "otherStockholderEquity": 9576000000, "totalStockholderEquity": 42891000000, "netTangibleAssets": 13720000000}, {"maxAge": 1, "endDate": "2017-12-31", "cash": 677000000, "shortTermInvestments": 537000000, "netReceivables": 6701000000, "inventory": 9898000000, "otherCurrentAssets": 3243000000, "totalCurrentAssets": 21197000000, "longTermInvestments": 14000000, "propertyPlantEquipment": 19616000000, "goodWill": 28364000000, "intangibleAssets": 73000000, "otherAssets": 6651000000, "deferredLongTermAssetCharges": 2554000000, "totalAssets": 75915000000, "accountsPayable": 15743000000, "otherCurrentLiab": 1820000000, "longTermDebt": 10173000000, "otherLiab": 5102000000, "deferredLongTermLiab": 52000000, "totalCurrentLiabilities": 23484000000, "totalLiab": 38759000000, "commonStock": 3784000000, "retainedEarnings": 9312000000, "treasuryStock": 8918000000, "capitalSurplus": 15142000000, "otherStockholderEquity": 8918000000, "totalStockholderEquity": 37156000000, "netTangibleAssets": 8719000000}, {"maxAge": 1, "endDate": "2016-12-31", "cash": 944000000, "shortTermInvestments": 354000000, "netReceivables": 5689000000, "inventory": 8352000000, "otherCurrentAssets": 1269000000, "totalCurrentAssets": 16756000000, "longTermInvestments": 36000000, "propertyPlantEquipment": 18647000000, "goodWill": 27338000000, "intangibleAssets": 110000000, "otherAssets": 6430000000, "deferredLongTermAssetCharges": 2634000000, "totalAssets": 69317000000, "accountsPayable": 15260000000, "shortLongTermDebt": 296000000, "otherCurrentLiab": 916000000, "longTermDebt": 9325000000, "otherLiab": 4949000000, "deferredLongTermLiab": 45000000, "totalCurrentLiabilities": 22380000000, "totalLiab": 36654000000, "commonStock": 3781000000, "retainedEarnings": 5728000000, "treasuryStock": 8075000000, "capitalSurplus": 15079000000, "otherStockholderEquity": 8075000000, "totalStockholderEquity": 32663000000, "netTangibleAssets": 5215000000}], "maxAge": 86400}, "earningsTrend": {"trend": [{"maxAge": 1, "period": "0q", "endDate": "2018-12-31", "growth": {}, "earningsEstimate": {"avg": 0.0, "low": 0.0, "high": 0.0, "yearAgoEps": 0.29, "numberOfAnalysts": 0, "growth": {}}, "revenueEstimate": {"avg": 6850700000, "low": 6850700000, "high": 6850700000, "numberOfAnalysts": 1, "yearAgoRevenue": 5652680000, "growth": 0.21200001}, "epsTrend": {"current": 0.0, "7daysAgo": 0.98, "30daysAgo": 0.98, "60daysAgo": 0.98, "90daysAgo": 0.98}, "epsRevisions": {"upLast7days": 0, "upLast30days": 0, "downLast30days": 0, "downLast90days": {}}}, {"maxAge": 1, "period": "+1q", "endDate": "2019-03-31", "growth": {}, "earningsEstimate": {"avg": 0.0, "low": 0.0, "high": 0.0, "yearAgoEps": 0.44, "numberOfAnalysts": 0, "growth": {}}, "revenueEstimate": {"avg": 0, "low": 0, "high": 0, "numberOfAnalysts": 0, "yearAgoRevenue": {}, "growth": {}}, "epsTrend": {"current": 0.0, "7daysAgo": 0.0, "30daysAgo": 0.0, "60daysAgo": 0.0, "90daysAgo": 0.0}, "epsRevisions": {"upLast7days": 0, "upLast30days": 0, "downLast30days": 0, "downLast90days": {}}}, {"maxAge": 1, "period": "0y", "endDate": "2018-12-31", "growth": {}, "earningsEstimate": {"avg": 0.0, "low": 0.0, "high": 0.0, "yearAgoEps": {}, "numberOfAnalysts": 0, "growth": {}}, "revenueEstimate": {"avg": 77661000000, "low": 74173000000, "high": 80955000000, "numberOfAnalysts": 9, "yearAgoRevenue": 19606700000, "growth": 2.961}, "epsTrend": {"current": 0.0, "7daysAgo": 13.99, "30daysAgo": 13.99, "60daysAgo": 13.99, "90daysAgo": 13.99}, "epsRevisions": {"upLast7days": 1, "upLast30days": 1, "downLast30days": 0, "downLast90days": {}}}, {"maxAge": 1, "period": "+1y", "endDate": "2019-12-31", "growth": {}, "earningsEstimate": {"avg": 0.0, "low": 0.0, "high": 0.0, "yearAgoEps": {}, "numberOfAnalysts": 0, "growth": {}}, "revenueEstimate": {"avg": 85296900000, "low": 80220000000, "high": 87464000000, "numberOfAnalysts": 9, "yearAgoRevenue": 77661000000, "growth": 0.098000005}, "epsTrend": {"current": 0.0, "7daysAgo": 16.63, "30daysAgo": 16.63, "60daysAgo": 16.63, "90daysAgo": 16.63}, "epsRevisions": {"upLast7days": 1, "upLast30days": 1, "downLast30days": 0, "downLast90days": {}}}, {"maxAge": 1, "period": "+5y", "endDate": null, "growth": 0.36049998, "earningsEstimate": {"avg": {}, "low": {}, "high": {}, "yearAgoEps": {}, "numberOfAnalysts": {}, "growth": {}}, "revenueEstimate": {"avg": {}, "low": {}, "high": {}, "numberOfAnalysts": {}, "yearAgoRevenue": {}, "growth": {}}, "epsTrend": {"current": {}, "7daysAgo": {}, "30daysAgo": {}, "60daysAgo": {}, "90daysAgo": {}}, "epsRevisions": {"upLast7days": {}, "upLast30days": {}, "downLast30days": {}, "downLast90days": {}}}, {"maxAge": 1, "period": "-5y", "endDate": null, "growth": {}, "earningsEstimate": {"avg": {}, "low": {}, "high": {}, "yearAgoEps": {}, "numberOfAnalysts": {}, "growth": {}}, "revenueEstimate": {"avg": {}, "low": {}, "high": {}, "numberOfAnalysts": {}, "yearAgoRevenue": {}, "growth": {}}, "epsTrend": {"current": {}, "7daysAgo": {}, "30daysAgo": {}, "60daysAgo": {}, "90daysAgo": {}}, "epsRevisions": {"upLast7days": {}, "upLast30days": {}, "downLast30days": {}, "downLast90days": {}}}], "maxAge": 1}, "financialData": {"maxAge": 86400, "currentPrice": 171.2, "targetHighPrice": 350.0, "targetLowPrice": 280.0, "targetMeanPrice": 314.22, "targetMedianPrice": 309.0, "recommendationKey": "none", "numberOfAnalystOpinions": 9, "grossProfits": 39646000000, "financialCurrency": "INR"}}}