{"MAHINDCIE.NS": {"assetProfile": {"address1": "Grand Hyatt Plaza (Lobby Level)", "address2": "Suite F9D Off Western Express Highway Santacruz (E)", "city": "Mumbai", "zip": "400055", "country": "India", "phone": "91 22 6241 1031", "fax": "91 22 6241 1030", "website": "http://www.mahindracie.com", "industry": "Auto Parts", "sector": "Consumer Cyclical", "longBusinessSummary": "Mahindra CIE Automotive Limited manufactures and supplies automotive components to original equipment manufacturers and other customers in India and Europe. The company offers forging products, such as crankshafts, steering components, and other forged products; stampings, including body systems, chassis systems, and assembly; gears, shafts, and bevel set gears; axle and transmission parts, engine parts, and other products; magnetic products comprise permanent magnet, soft ferrite cores, impeder cores, and magnetic induction lightings; sheet and dough molding compounds; and auto parts, medical equipment covers, and windmill parts. It also provides oil sumps, turbo housings, connecting rods, exhaust mainfolds, passive entry antenna components, synchro hubs, and differential, planetary, and carrier housing products; knuckles/stub axles, brake calipers, spring saddles, hoods, fenders, bonnets, foot plates, front grills, and stamped cabin components; and lift arms, rocker arms, trunion brackets, and toppling cranks. The company offers its products for use in cars, utility vehicles, commercial vehicles, agriculture and off road vehicles, and two-wheelers. The company was formerly known as Mahindra Forgings Limited and changed its name to Mahindra CIE Automotive Limited in November 2013. The company was incorporated in 1999 and is based in Mumbai, India. Mahindra CIE Automotive Limited is a subsidiary of Participaciones Internacionales Autometal Dos S.L.", "fullTimeEmployees": 4230, "companyOfficers": [{"maxAge": 1, "name": "Mr. Ander Arenaza Alvarez", "age": 51, "title": "CEO & Whole Time Director", "yearBorn": 1969, "fiscalYear": 2020, "totalPay": 2180000, "exercisedValue": 0, "unexercisedValue": 0}, {"maxAge": 1, "name": "Mr. K.  Jayaprakash", "age": 56, "title": "Chief Financial Officer", "yearBorn": 1964, "exercisedValue": 0, "unexercisedValue": 0}, {"maxAge": 1, "name": "Mr. Pankaj Vijay Goyal", "age": 34, "title": "Company Sec. & Compliance Officer", "yearBorn": 1986, "fiscalYear": 2019, "exercisedValue": 0, "unexercisedValue": 0}, {"maxAge": 1, "name": "Mr. Vikas Chandra Sinha", "age": 47, "title": "Sr. VP of Strategy", "yearBorn": 1973, "exercisedValue": 0, "unexercisedValue": 0}, {"maxAge": 1, "name": "Mr. Manoj Mullassery Menon", "age": 52, "title": "CEO of Foundry, Magnetics, Stampings, MPD, Composites & Gears Division and Exec. Director", "yearBorn": 1968, "fiscalYear": 2020, "totalPay": 12940000, "exercisedValue": 0, "unexercisedValue": 0}, {"maxAge": 1, "name": "Mr. Shantanu Anant Parvati", "age": 46, "title": "Chief Operating Officer of Stampings Division", "yearBorn": 1974, "exercisedValue": 0, "unexercisedValue": 0}, {"maxAge": 1, "name": "Mr. Hari  Krishnan", "age": 53, "title": "Chief Exec. Officer of Forgings & Bill Forge Division", "yearBorn": 1967, "exercisedValue": 0, "unexercisedValue": 0}, {"maxAge": 1, "name": "Mr. Anil  Haridass", "age": 61, "title": "Whole-Time Director", "yearBorn": 1959, "fiscalYear": 2020, "totalPay": 14090000, "exercisedValue": 0, "unexercisedValue": 0}, {"maxAge": 1, "name": "Mr. Anup  Mishra", "age": 52, "title": "Chief Bus. Controller", "yearBorn": 1968, "exercisedValue": 0, "unexercisedValue": 0}, {"maxAge": 1, "name": "Mr. Satyanarayana  Patel", "age": 47, "title": "Sr. Gen. Mang. of Bill Forge Private Limited", "yearBorn": 1973, "exercisedValue": 0, "unexercisedValue": 0}], "compensationAsOfEpochDate": "2020-12-31 05:30:00", "maxAge": 86400}, "recommendationTrend": {"trend": [{"period": "0m", "strongBuy": 0, "buy": 0, "hold": 0, "sell": 0, "strongSell": 0}, {"period": "-1m", "strongBuy": 0, "buy": 0, "hold": 0, "sell": 0, "strongSell": 0}, {"period": "-2m", "strongBuy": 0, "buy": 0, "hold": 0, "sell": 0, "strongSell": 0}, {"period": "-3m", "strongBuy": 0, "buy": 0, "hold": 0, "sell": 0, "strongSell": 0}], "maxAge": 86400}, "cashflowStatementHistory": {"cashflowStatements": [{"maxAge": 1, "endDate": "2020-12-31", "netIncome": 1064000000, "depreciation": 3001000000, "changeToNetincome": 504000000, "changeToAccountReceivables": 227000000, "changeToLiabilities": 0, "changeToInventory": 1342000000, "changeToOperatingActivities": -808000000, "totalCashFromOperatingActivities": 5393000000, "capitalExpenditures": -3343000000, "investments": -1337000000, "otherCashflowsFromInvestingActivities": 59000000, "totalCashflowsFromInvestingActivities": -4294000000, "netBorrowings": 168000000, "otherCashflowsFromFinancingActivities": -548000000, "totalCashFromFinancingActivities": -380000000, "effectOfExchangeRate": 77000000, "changeInCash": 796000000}, {"maxAge": 1, "endDate": "2019-12-31", "netIncome": 3538000000, "depreciation": 3142000000, "changeToNetincome": 2011000000, "changeToAccountReceivables": 3398000000, "changeToLiabilities": 0, "changeToInventory": 2489000000, "changeToOperatingActivities": -4331000000, "totalCashFromOperatingActivities": 10273000000, "capitalExpenditures": -4238000000, "investments": 6023000000, "otherCashflowsFromInvestingActivities": 59000000, "totalCashflowsFromInvestingActivities": -5901000000, "netBorrowings": -3545000000, "otherCashflowsFromFinancingActivities": -525000000, "totalCashFromFinancingActivities": -4040000000, "effectOfExchangeRate": 11000000, "changeInCash": 343000000, "issuanceOfStock": 30000000}, {"maxAge": 1, "endDate": "2018-12-31", "netIncome": 4981000000, "depreciation": 2843000000, "changeToNetincome": 969000000, "changeToAccountReceivables": -1616000000, "changeToLiabilities": 0, "changeToInventory": -2752000000, "changeToOperatingActivities": 2600000000, "totalCashFromOperatingActivities": 7080000000, "capitalExpenditures": -4101000000, "investments": -6154000000, "otherCashflowsFromInvestingActivities": 59000000, "totalCashflowsFromInvestingActivities": -10189000000, "netBorrowings": 4089000000, "otherCashflowsFromFinancingActivities": -525000000, "totalCashFromFinancingActivities": 3621000000, "effectOfExchangeRate": 16000000, "changeInCash": 528000000, "issuanceOfStock": 57000000}, {"maxAge": 1, "endDate": "2017-12-31", "netIncome": 3584000000, "depreciation": 2682000000, "changeToNetincome": 997000000, "changeToAccountReceivables": -2766000000, "changeToLiabilities": 0, "changeToInventory": -1273000000, "changeToOperatingActivities": 1846000000, "totalCashFromOperatingActivities": 5122000000, "capitalExpenditures": -3105000000, "investments": -86000000, "otherCashflowsFromInvestingActivities": 59000000, "totalCashflowsFromInvestingActivities": -3083000000, "netBorrowings": -1877000000, "otherCashflowsFromFinancingActivities": -545000000, "totalCashFromFinancingActivities": -2356000000, "effectOfExchangeRate": 55000000, "changeInCash": -262000000, "issuanceOfStock": 66000000}], "maxAge": 86400}, "indexTrend": {"maxAge": 1, "symbol": "SP5", "peRatio": 19.7411, "pegRatio": 1.34172, "estimates": [{"period": "0q", "growth": 0.549}, {"period": "+1q", "growth": 0.431}, {"period": "0y", "growth": 0.305}, {"period": "+1y", "growth": 0.109}, {"period": "+5y", "growth": 0.120865}, {"period": "-5y"}]}, "defaultKeyStatistics": {"maxAge": 1, "priceHint": 2, "enterpriseValue": 65284591616, "forwardPE": 12.815315, "profitMargins": 0.00816, "floatShares": 69863039, "sharesOutstanding": 379032000, "heldPercentInsiders": 0.74435997, "heldPercentInstitutions": 0.18618, "category": null, "bookValue": 129.495, "priceToBook": 1.3181976, "fundFamily": null, "legalType": null, "lastFiscalYearEnd": "2020-12-31 05:30:00", "nextFiscalYearEnd": "2022-12-31 05:30:00", "mostRecentQuarter": "2021-03-31 05:30:00", "earningsQuarterlyGrowth": -0.514, "netIncomeToCommon": 540080000, "trailingEps": 1.423, "forwardEps": 13.32, "lastSplitFactor": null, "enterpriseToRevenue": 0.99, "enterpriseToEbitda": 11.172}, "industryTrend": {"maxAge": 1, "symbol": null, "estimates": []}, "quoteType": {"exchange": "NSI", "quoteType": "EQUITY", "symbol": "MAHINDCIE.NS", "underlyingSymbol": "MAHINDCIE.NS", "shortName": "MAHINDRA CIE AUTO", "longName": "Mahindra CIE Automotive Limited", "firstTradeDateEpochUtc": "2007-08-30 09:15:00", "timeZoneFullName": "Asia/Kolkata", "timeZoneShortName": "IST", "uuid": "32a8da71-7394-3ca7-9fb6-ca276e2d5818", "gmtOffSetMilliseconds": 19800000, "maxAge": 1}, "incomeStatementHistory": {"incomeStatementHistory": [{"maxAge": 1, "endDate": "2020-12-31", "totalRevenue": 60501000000, "costOfRevenue": 30027000000, "grossProfit": 30474000000, "researchDevelopment": {}, "sellingGeneralAdministrative": 12676000000, "nonRecurring": {}, "otherOperatingExpenses": 12530000000, "totalOperatingExpenses": 58297000000, "operatingIncome": 2204000000, "totalOtherIncomeExpenseNet": -251000000, "ebit": 2204000000, "interestExpense": -523000000, "incomeBeforeTax": 1953000000, "incomeTaxExpense": 887000000, "minorityInterest": {}, "netIncomeFromContinuingOps": 1066000000, "discontinuedOperations": -2000000, "extraordinaryItems": {}, "effectOfAccountingCharges": {}, "otherItems": {}, "netIncome": 1064000000, "netIncomeApplicableToCommonShares": 1064000000}, {"maxAge": 1, "endDate": "2019-12-31", "totalRevenue": 79078000000, "costOfRevenue": 39432000000, "grossProfit": 39646000000, "researchDevelopment": {}, "sellingGeneralAdministrative": 13080000000, "nonRecurring": {}, "otherOperatingExpenses": 16888000000, "totalOperatingExpenses": 72561000000, "operatingIncome": 6517000000, "totalOtherIncomeExpenseNet": -238000000, "ebit": 6517000000, "interestExpense": -469000000, "incomeBeforeTax": 6279000000, "incomeTaxExpense": 2741000000, "minorityInterest": {}, "netIncomeFromContinuingOps": 3538000000, "discontinuedOperations": -2000000, "extraordinaryItems": {}, "effectOfAccountingCharges": {}, "otherItems": {}, "netIncome": 3538000000, "netIncomeApplicableToCommonShares": 3538000000}, {"maxAge": 1, "endDate": "2018-12-31", "totalRevenue": 80315000000, "costOfRevenue": 38502000000, "grossProfit": 41813000000, "researchDevelopment": {}, "sellingGeneralAdministrative": 13297000000, "nonRecurring": {}, "otherOperatingExpenses": 18006000000, "totalOperatingExpenses": 72672000000, "operatingIncome": 7643000000, "totalOtherIncomeExpenseNet": -115000000, "ebit": 7643000000, "interestExpense": -441000000, "incomeBeforeTax": 7528000000, "incomeTaxExpense": 2043000000, "minorityInterest": {}, "netIncomeFromContinuingOps": 5485000000, "discontinuedOperations": -504000000, "extraordinaryItems": {}, "effectOfAccountingCharges": {}, "otherItems": {}, "netIncome": 4981000000, "netIncomeApplicableToCommonShares": 4981000000}, {"maxAge": 1, "endDate": "2017-12-31", "totalRevenue": 64450000000, "costOfRevenue": 30191000000, "grossProfit": 34259000000, "researchDevelopment": {}, "sellingGeneralAdministrative": 11527000000, "nonRecurring": {}, "otherOperatingExpenses": 14343000000, "totalOperatingExpenses": 58744000000, "operatingIncome": 5706000000, "totalOtherIncomeExpenseNet": -556000000, "ebit": 5706000000, "interestExpense": -361000000, "incomeBeforeTax": 5150000000, "incomeTaxExpense": 1483000000, "minorityInterest": {}, "netIncomeFromContinuingOps": 3667000000, "discontinuedOperations": -83000000, "extraordinaryItems": {}, "effectOfAccountingCharges": {}, "otherItems": {}, "netIncome": 3584000000, "netIncomeApplicableToCommonShares": 3584000000}], "maxAge": 86400}, "fundOwnership": {"ownershipList": [{"maxAge": 1, "reportDate": "2021-01-31", "organization": "Vanguard International Stock Index-Emerging Markets Stk", "pctHeld": 0.0034, "position": 1281766, "value": 207774268}, {"maxAge": 1, "reportDate": "2021-01-31", "organization": "Vanguard International Stock Index-Total Intl Stock Indx", "pctHeld": 0.0026, "position": 989475, "value": 160393897}, {"maxAge": 1, "reportDate": "2021-03-31", "organization": "iShares Core MSCI Emerging Markets ETF", "pctHeld": 0.0023999999, "position": 919985, "value": 148347581}, {"maxAge": 1, "reportDate": "2021-01-31", "organization": "DFA Emerging Markets Core Equity Portfolio", "pctHeld": 0.0016, "position": 613565, "value": 99458886}, {"maxAge": 1, "reportDate": "2021-01-31", "organization": "DFA Emerging Markets Small Cap Series", "pctHeld": 0.0011, "position": 434548, "value": 70440230}, {"maxAge": 1, "reportDate": "2021-01-31", "organization": "Vanguard Intl Equity Index Fds-FTSE All World ex U.S.Small Cap Index", "pctHeld": 0.0007, "position": 270011, "value": 43768783}, {"maxAge": 1, "reportDate": "2021-01-31", "organization": "DFA Investment Dimensions-DFA Emerging Mkts Value", "pctHeld": 0.00059999997, "position": 216128, "value": 35034348}, {"maxAge": 1, "reportDate": "2021-03-31", "organization": "iShares MSCI India Small Cap ETF", "pctHeld": 0.00059999997, "position": 213505, "value": 34427681}, {"maxAge": 1, "reportDate": "2020-12-31", "organization": "College Retirement Equities Fund-Stock Account", "pctHeld": 0.0002, "position": 70292, "value": 12090224}, {"maxAge": 1, "reportDate": "2021-01-31", "organization": "Vanguard Intl Equity Index - Total World Stock Index Fd", "pctHeld": 0.0001, "position": 53801, "value": 8721142}], "maxAge": 1}, "summaryDetail": {"maxAge": 1, "priceHint": 2, "previousClose": 172.25, "open": 172.9, "dayLow": 169.0, "dayHigh": 173.85, "regularMarketPreviousClose": 172.25, "regularMarketOpen": 172.9, "regularMarketDayLow": 169.0, "regularMarketDayHigh": 173.85, "payoutRatio": 0.0, "trailingPE": 119.95783, "forwardPE": 12.815315, "volume": 397991, "regularMarketVolume": 397991, "averageVolume": 488277, "averageVolume10days": 188079, "averageDailyVolume10Day": 188079, "bid": 0.0, "ask": 0.0, "bidSize": 0, "askSize": 0, "marketCap": 64663207936, "fiftyTwoWeekLow": 70.8, "fiftyTwoWeekHigh": 234.9, "priceToSalesTrailing12Months": 0.98104393, "fiftyDayAverage": 176.85735, "twoHundredDayAverage": 158.26347, "currency": "INR", "fromCurrency": null, "lastMarket": null, "algorithm": null, "tradeable": false}, "insiderHolders": {"holders": [{"maxAge": 1, "name": "Harikumar (U M)", "relation": "UNREPORTED", "url": "", "transactionDescription": "Sale", "latestTransDate": "2018-05-14", "positionDirect": 562, "positionDirectDate": "2018-05-14"}, {"maxAge": 1, "name": "Kaul (Romesh)", "relation": "Director", "url": "", "transactionDescription": "Other", "latestTransDate": "2018-09-24", "positionDirect": 44500, "positionDirectDate": "2018-09-24"}, {"maxAge": 1, "name": "Luthra (Hemant)", "relation": "Executive Chairman", "url": "", "transactionDescription": "Other", "latestTransDate": "2019-06-20", "positionDirect": 526553, "positionDirectDate": "2019-06-20"}, {"maxAge": 1, "name": "Mahindra Vehicle Manufacturers Ltd", "relation": "Promoter", "url": "", "transactionDescription": "Sale", "latestTransDate": "2018-08-24", "positionDirect": 43344512, "positionDirectDate": "2018-08-24"}, {"maxAge": 1, "name": "Menon (Manoj)", "relation": "UNREPORTED", "url": "", "transactionDescription": "Other", "latestTransDate": "2019-06-20", "positionDirect": 12448, "positionDirectDate": "2019-06-20"}, {"maxAge": 1, "name": "Mishra (Anup)", "relation": "UNREPORTED", "url": "", "transactionDescription": "Other", "latestTransDate": "2019-06-20", "positionDirect": 13830, "positionDirectDate": "2019-06-20"}, {"maxAge": 1, "name": "Nair (Kiyath Jayaprakash)", "relation": "UNREPORTED", "url": "", "transactionDescription": "Sale", "latestTransDate": "2021-03-15", "positionDirect": 12, "positionDirectDate": "2021-03-15"}, {"maxAge": 1, "name": "Participaciones Internacionales Autometal DOS S L", "relation": "Promoter", "url": "", "transactionDescription": "Acquisition", "latestTransDate": "2020-09-24", "positionDirect": 228082274, "positionDirectDate": "2020-09-24"}, {"maxAge": 1, "name": "Prudential Management & Services Pvt Ltd", "relation": "Promoter", "url": "", "transactionDescription": "Sale", "latestTransDate": "2018-07-27", "positionDirect": 0, "positionDirectDate": "2018-07-27"}, {"maxAge": 1, "name": "Urolagin (Shankar)", "relation": "UNREPORTED", "url": "", "transactionDescription": "Other", "latestTransDate": "2018-11-29", "positionDirect": 16443, "positionDirectDate": "2018-11-29"}], "maxAge": 1}, "calendarEvents": {"maxAge": 1, "earnings": {"earningsDate": [], "revenueAverage": 5652680000, "revenueLow": 14375000000, "revenueHigh": 16894000000}}, "upgradeDowngradeHistory": {"history": [], "maxAge": 86400}, "price": {"maxAge": 1, "regularMarketChangePercent": -0.008998566, "regularMarketChange": -1.550003, "regularMarketTime": "2021-04-30 15:29:54", "priceHint": 2, "regularMarketPrice": 170.7, "regularMarketDayHigh": 173.85, "regularMarketDayLow": 169.0, "regularMarketVolume": 397991, "averageDailyVolume10Day": 188079, "averageDailyVolume3Month": 488277, "regularMarketPreviousClose": 172.25, "regularMarketSource": "FREE_REALTIME", "regularMarketOpen": 172.9, "exchange": "NSI", "exchangeName": "NSE", "exchangeDataDelayedBy": 15, "marketState": "CLOSED", "quoteType": "EQUITY", "symbol": "MAHINDCIE.NS", "underlyingSymbol": null, "shortName": "MAHINDRA CIE AUTO", "longName": "Mahindra CIE Automotive Limited", "currency": "INR", "quoteSourceName": "Delayed Quote", "currencySymbol": "\u20b9", "fromCurrency": null, "lastMarket": null, "marketCap": 64663207936}, "balanceSheetHistory": {"balanceSheetStatements": [{"maxAge": 1, "endDate": "2020-12-31", "cash": 2344000000, "shortTermInvestments": 2889000000, "netReceivables": 8285000000, "inventory": 10062000000, "otherCurrentAssets": 980000000, "totalCurrentAssets": 24775000000, "longTermInvestments": 87000000, "propertyPlantEquipment": 29709000000, "goodWill": 37554000000, "intangibleAssets": 273000000, "otherAssets": 2772000000, "deferredLongTermAssetCharges": 1535000000, "totalAssets": 95170000000, "accountsPayable": 14590000000, "otherCurrentLiab": 2304000000, "longTermDebt": 9373000000, "otherLiab": 7144000000, "totalCurrentLiabilities": 27436000000, "totalLiab": 46090000000, "commonStock": 3790000000, "retainedEarnings": 18895000000, "treasuryStock": 11110000000, "capitalSurplus": 15285000000, "otherStockholderEquity": 11110000000, "totalStockholderEquity": 49080000000, "netTangibleAssets": 11253000000}, {"maxAge": 1, "endDate": "2019-12-31", "cash": 1135000000, "shortTermInvestments": 1238000000, "netReceivables": 7786000000, "inventory": 10566000000, "otherCurrentAssets": 825000000, "totalCurrentAssets": 21732000000, "longTermInvestments": 80000000, "propertyPlantEquipment": 25404000000, "goodWill": 35260000000, "intangibleAssets": 283000000, "otherAssets": 4252000000, "deferredLongTermAssetCharges": 1384000000, "totalAssets": 87011000000, "accountsPayable": 14771000000, "otherCurrentLiab": 2416000000, "longTermDebt": 8256000000, "otherLiab": 6434000000, "deferredLongTermLiab": 30000000, "totalCurrentLiabilities": 25983000000, "totalLiab": 40673000000, "commonStock": 3790000000, "retainedEarnings": 17831000000, "treasuryStock": 9432000000, "capitalSurplus": 15285000000, "otherStockholderEquity": 9432000000, "totalStockholderEquity": 46338000000, "netTangibleAssets": 10795000000}, {"maxAge": 1, "endDate": "2018-12-31", "cash": 1126000000, "shortTermInvestments": 6793000000, "netReceivables": 8089000000, "inventory": 12286000000, "otherCurrentAssets": 1680000000, "totalCurrentAssets": 30112000000, "longTermInvestments": 15000000, "propertyPlantEquipment": 20800000000, "goodWill": 29111000000, "intangibleAssets": 60000000, "otherAssets": 5730000000, "deferredLongTermAssetCharges": 2553000000, "totalAssets": 85828000000, "accountsPayable": 16838000000, "otherCurrentLiab": 2691000000, "longTermDebt": 11730000000, "otherLiab": 5134000000, "deferredLongTermLiab": 41000000, "totalCurrentLiabilities": 26073000000, "totalLiab": 42937000000, "commonStock": 3788000000, "retainedEarnings": 14293000000, "treasuryStock": 9576000000, "capitalSurplus": 15234000000, "otherStockholderEquity": 9576000000, "totalStockholderEquity": 42891000000, "netTangibleAssets": 13720000000}, {"maxAge": 1, "endDate": "2017-12-31", "cash": 677000000, "shortTermInvestments": 537000000, "netReceivables": 6701000000, "inventory": 9898000000, "otherCurrentAssets": 3243000000, "totalCurrentAssets": 21197000000, "longTermInvestments": 14000000, "propertyPlantEquipment": 19616000000, "goodWill": 28364000000, "intangibleAssets": 73000000, "otherAssets": 6651000000, "deferredLongTermAssetCharges": 2554000000, "totalAssets": 75915000000, "accountsPayable": 15743000000, "otherCurrentLiab": 1820000000, "longTermDebt": 10173000000, "otherLiab": 5102000000, "deferredLongTermLiab": 52000000, "totalCurrentLiabilities": 23484000000, "totalLiab": 38759000000, "commonStock": 3784000000, "retainedEarnings": 9312000000, "treasuryStock": 8918000000, "capitalSurplus": 15142000000, "otherStockholderEquity": 8918000000, "totalStockholderEquity": 37156000000, "netTangibleAssets": 8719000000}], "maxAge": 86400}, "earningsTrend": {"trend": [{"maxAge": 1, "period": "0q", "endDate": "2017-12-31", "growth": {}, "earningsEstimate": {"avg": 0.0, "low": 0.0, "high": 0.0, "yearAgoEps": 0.42, "numberOfAnalysts": 0, "growth": {}}, "revenueEstimate": {"avg": 5652680000, "low": 14375000000, "high": 16894000000, "numberOfAnalysts": 5, "yearAgoRevenue": 4473400000, "growth": 0.264}, "epsTrend": {"current": 0.0, "7daysAgo": 3.3, "30daysAgo": 3.3, "60daysAgo": 3.3, "90daysAgo": 3.3}, "epsRevisions": {"upLast7days": 0, "upLast30days": 0, "downLast30days": 0, "downLast90days": {}}}, {"maxAge": 1, "period": "+1q", "endDate": "2018-03-31", "growth": {}, "earningsEstimate": {"avg": 0.0, "low": 0.0, "high": 0.0, "yearAgoEps": 0.29, "numberOfAnalysts": 0, "growth": {}}, "revenueEstimate": {"avg": 6180650000, "low": 5754000000, "high": 5754000000, "numberOfAnalysts": 1, "yearAgoRevenue": 5124800000, "growth": 0.206}, "epsTrend": {"current": 0.0, "7daysAgo": 0.0, "30daysAgo": 0.0, "60daysAgo": 0.0, "90daysAgo": 0.0}, "epsRevisions": {"upLast7days": 0, "upLast30days": 0, "downLast30days": 0, "downLast90days": {}}}, {"maxAge": 1, "period": "0y", "endDate": "2017-12-31", "growth": {}, "earningsEstimate": {"avg": 0.0, "low": 0.0, "high": 0.0, "yearAgoEps": {}, "numberOfAnalysts": 0, "growth": {}}, "revenueEstimate": {"avg": 19606700000, "low": 18275000000, "high": 18275000000, "numberOfAnalysts": 1, "yearAgoRevenue": 17868900000, "growth": 0.096999995}, "epsTrend": {"current": 0.0, "7daysAgo": 2.0, "30daysAgo": 2.0, "60daysAgo": 2.0, "90daysAgo": 2.0}, "epsRevisions": {"upLast7days": 0, "upLast30days": 0, "downLast30days": 0, "downLast90days": {}}}, {"maxAge": 1, "period": "+1y", "endDate": "2018-12-31", "growth": {}, "earningsEstimate": {"avg": 13.32, "low": 12.5, "high": 15.0, "yearAgoEps": {}, "numberOfAnalysts": 10, "growth": {}}, "revenueEstimate": {"avg": 24649000000, "low": 24649000000, "high": 24649000000, "numberOfAnalysts": 1, "yearAgoRevenue": 19606700000, "growth": 0.257}, "epsTrend": {"current": 13.32, "7daysAgo": 13.32, "30daysAgo": 13.32, "60daysAgo": 13.32, "90daysAgo": 2.3}, "epsRevisions": {"upLast7days": 0, "upLast30days": 0, "downLast30days": 0, "downLast90days": {}}}, {"maxAge": 1, "period": "+5y", "endDate": null, "growth": 0.36049998, "earningsEstimate": {"avg": {}, "low": {}, "high": {}, "yearAgoEps": {}, "numberOfAnalysts": {}, "growth": {}}, "revenueEstimate": {"avg": {}, "low": {}, "high": {}, "numberOfAnalysts": {}, "yearAgoRevenue": {}, "growth": {}}, "epsTrend": {"current": {}, "7daysAgo": {}, "30daysAgo": {}, "60daysAgo": {}, "90daysAgo": {}}, "epsRevisions": {"upLast7days": {}, "upLast30days": {}, "downLast30days": {}, "downLast90days": {}}}, {"maxAge": 1, "period": "-5y", "endDate": null, "growth": {}, "earningsEstimate": {"avg": {}, "low": {}, "high": {}, "yearAgoEps": {}, "numberOfAnalysts": {}, "growth": {}}, "revenueEstimate": {"avg": {}, "low": {}, "high": {}, "numberOfAnalysts": {}, "yearAgoRevenue": {}, "growth": {}}, "epsTrend": {"current": {}, "7daysAgo": {}, "30daysAgo": {}, "60daysAgo": {}, "90daysAgo": {}}, "epsRevisions": {"upLast7days": {}, "upLast30days": {}, "downLast30days": {}, "downLast90days": {}}}], "maxAge": 1}, "institutionOwnership": {"ownershipList": [], "maxAge": 1}, "majorHoldersBreakdown": {"maxAge": 1, "insidersPercentHeld": 0.74435997, "institutionsPercentHeld": 0.18618, "institutionsFloatPercentHeld": 0.72830003, "institutionsCount": 25}, "balanceSheetHistoryQuarterly": {"balanceSheetStatements": [{"maxAge": 1, "endDate": "2021-03-31"}, {"maxAge": 1, "endDate": "2020-12-31", "cash": 2344000000, "shortTermInvestments": 2889000000, "netReceivables": 8285000000, "inventory": 10062000000, "otherCurrentAssets": 980000000, "totalCurrentAssets": 24775000000, "longTermInvestments": 87000000, "propertyPlantEquipment": 29709000000, "goodWill": 37554000000, "intangibleAssets": 273000000, "otherAssets": 2772000000, "deferredLongTermAssetCharges": 1535000000, "totalAssets": 95170000000, "accountsPayable": 14590000000, "otherCurrentLiab": 2304000000, "longTermDebt": 9373000000, "otherLiab": 7144000000, "totalCurrentLiabilities": 27436000000, "totalLiab": 46090000000, "commonStock": 3790000000, "retainedEarnings": 18895000000, "treasuryStock": 11110000000, "capitalSurplus": 15285000000, "otherStockholderEquity": 11110000000, "totalStockholderEquity": 49080000000, "netTangibleAssets": 11253000000}, {"maxAge": 1, "endDate": "2020-09-30", "totalStockholderEquity": 46351080000, "netTangibleAssets": 9700530000}, {"maxAge": 1, "endDate": "2020-06-30", "cash": 1192040000, "shortTermInvestments": 2031530000, "netReceivables": 3822760000, "inventory": 10256400000, "otherCurrentAssets": 2142010000, "totalCurrentAssets": 19444740000, "longTermInvestments": 325730000, "propertyPlantEquipment": 28728510000, "goodWill": 36358310000, "intangibleAssets": 292240000, "otherAssets": 3599930000, "deferredLongTermAssetCharges": 1687550000, "totalAssets": 88749460000, "accountsPayable": 12320250000, "otherCurrentLiab": 5703310000, "longTermDebt": 7168550000, "otherLiab": 8836660000, "totalCurrentLiabilities": 26393170000, "totalLiab": 42398380000, "commonStock": 3790110000, "treasuryStock": 27276070000, "capitalSurplus": 15284900000, "otherStockholderEquity": 27276070000, "totalStockholderEquity": 46351080000, "netTangibleAssets": 9700530000}], "maxAge": 86400}, "earningsHistory": {"history": [{"maxAge": 1, "epsActual": 0.42, "epsEstimate": 0.73, "epsDifference": -0.31, "surprisePercent": -0.425, "quarter": "2016-09-30", "period": "-4q"}, {"maxAge": 1, "epsActual": 0.29, "epsEstimate": 2.07, "epsDifference": -1.78, "surprisePercent": -0.86, "quarter": "2016-12-31", "period": "-3q"}, {"maxAge": 1, "epsActual": 0.44, "epsEstimate": 0.36, "epsDifference": 0.08, "surprisePercent": 0.222, "quarter": "2017-03-31", "period": "-2q"}, {"maxAge": 1, "epsActual": 0.54, "epsEstimate": 0.5, "epsDifference": 0.04, "surprisePercent": 0.08, "quarter": "2017-09-30", "period": "-1q"}], "maxAge": 86400}, "summaryProfile": {"address1": "Grand Hyatt Plaza (Lobby Level)", "address2": "Suite F9D Off Western Express Highway Santacruz (E)", "city": "Mumbai", "zip": "400055", "country": "India", "phone": "91 22 6241 1031", "fax": "91 22 6241 1030", "website": "http://www.mahindracie.com", "industry": "Auto Parts", "sector": "Consumer Cyclical", "longBusinessSummary": "Mahindra CIE Automotive Limited manufactures and supplies automotive components to original equipment manufacturers and other customers in India and Europe. The company offers forging products, such as crankshafts, steering components, and other forged products; stampings, including body systems, chassis systems, and assembly; gears, shafts, and bevel set gears; axle and transmission parts, engine parts, and other products; magnetic products comprise permanent magnet, soft ferrite cores, impeder cores, and magnetic induction lightings; sheet and dough molding compounds; and auto parts, medical equipment covers, and windmill parts. It also provides oil sumps, turbo housings, connecting rods, exhaust mainfolds, passive entry antenna components, synchro hubs, and differential, planetary, and carrier housing products; knuckles/stub axles, brake calipers, spring saddles, hoods, fenders, bonnets, foot plates, front grills, and stamped cabin components; and lift arms, rocker arms, trunion brackets, and toppling cranks. The company offers its products for use in cars, utility vehicles, commercial vehicles, agriculture and off road vehicles, and two-wheelers. The company was formerly known as Mahindra Forgings Limited and changed its name to Mahindra CIE Automotive Limited in November 2013. The company was incorporated in 1999 and is based in Mumbai, India. Mahindra CIE Automotive Limited is a subsidiary of Participaciones Internacionales Autometal Dos S.L.", "fullTimeEmployees": 4230, "companyOfficers": [], "maxAge": 86400}, "netSharePurchaseActivity": {"maxAge": 1, "period": "6m", "buyInfoCount": 0, "buyInfoShares": 0, "sellInfoCount": 0, "netInfoCount": 0, "netInfoShares": 0, "netPercentInsiderShares": 0.0, "totalInsiderShares": 282120384}, "insiderTransactions": {"transactions": [{"maxAge": 1, "shares": 8600, "value": 20749, "filerUrl": "", "transactionText": "Sale at price 2.41 per share.", "filerName": "Nair (Kiyath Jayaprakash)", "filerRelation": "UNREPORTED", "moneyText": "", "startDate": "2021-03-15", "ownership": "D"}, {"maxAge": 1, "shares": 8610, "value": 21185, "filerUrl": "", "transactionText": "Other at price 2.46 per share.", "filerName": "Nair (Kiyath Jayaprakash)", "filerRelation": "UNREPORTED", "moneyText": "", "startDate": "2021-02-24", "ownership": "D"}, {"maxAge": 1, "shares": 6500, "value": 11663, "filerUrl": "", "transactionText": "Acquisition at price 1.79 per share.", "filerName": "Participaciones Internacionales Autometal DOS S L", "filerRelation": "Promoter", "moneyText": "", "startDate": "2020-09-24", "ownership": "D"}, {"maxAge": 1, "shares": 7930000, "value": 15089204, "filerUrl": "", "transactionText": "Acquisition at price 1.90 per share.", "filerName": "Participaciones Internacionales Autometal DOS S L", "filerRelation": "Promoter", "moneyText": "", "startDate": "2020-09-23", "ownership": "D"}, {"maxAge": 1, "shares": 229032, "value": 402752, "filerUrl": "", "transactionText": "Acquisition at price 1.76 per share.", "filerName": "Participaciones Internacionales Autometal DOS S L", "filerRelation": "Promoter", "moneyText": "", "startDate": "2020-09-22", "ownership": "D"}, {"maxAge": 1, "shares": 479000, "value": 760604, "filerUrl": "", "transactionText": "Acquisition at price 1.59 per share.", "filerName": "Participaciones Internacionales Autometal DOS S L", "filerRelation": "Promoter", "moneyText": "", "startDate": "2020-06-29", "ownership": "D"}, {"maxAge": 1, "shares": 500000, "value": 793450, "filerUrl": "", "transactionText": "Acquisition at price 1.59 per share.", "filerName": "Participaciones Internacionales Autometal DOS S L", "filerRelation": "Promoter", "moneyText": "", "startDate": "2020-06-26", "ownership": "D"}, {"maxAge": 1, "shares": 5232000, "filerUrl": "", "transactionText": "", "filerName": "Participaciones Internacionales Autometal DOS S L", "filerRelation": "Promoter", "moneyText": "", "startDate": "2020-06-23", "ownership": "D"}, {"maxAge": 1, "shares": 155989, "filerUrl": "", "transactionText": "", "filerName": "Participaciones Internacionales Autometal DOS S L", "filerRelation": "Promoter", "moneyText": "", "startDate": "2020-06-22", "ownership": "D"}, {"maxAge": 1, "shares": 24614, "filerUrl": "", "transactionText": "", "filerName": "Participaciones Internacionales Autometal DOS S L", "filerRelation": "Promoter", "moneyText": "", "startDate": "2020-06-19", "ownership": "D"}, {"maxAge": 1, "shares": 124854, "filerUrl": "", "transactionText": "", "filerName": "Participaciones Internacionales Autometal DOS S L", "filerRelation": "Promoter", "moneyText": "", "startDate": "2020-06-17", "ownership": "D"}, {"maxAge": 1, "shares": 84851, "filerUrl": "", "transactionText": "", "filerName": "Participaciones Internacionales Autometal DOS S L", "filerRelation": "Promoter", "moneyText": "", "startDate": "2020-04-27", "ownership": "D"}, {"maxAge": 1, "shares": 3002, "filerUrl": "", "transactionText": "", "filerName": "Participaciones Internacionales Autometal DOS S L", "filerRelation": "Promoter", "moneyText": "", "startDate": "2020-03-31", "ownership": "D"}, {"maxAge": 1, "shares": 0, "filerUrl": "", "transactionText": "", "filerName": "Participaciones Internacionales Autometal DOS S L", "filerRelation": "Promoter", "moneyText": "", "startDate": "2020-03-31", "ownership": "I"}, {"maxAge": 1, "shares": 118000, "filerUrl": "", "transactionText": "", "filerName": "Participaciones Internacionales Autometal DOS S L", "filerRelation": "Promoter", "moneyText": "", "startDate": "2020-03-30", "ownership": "D"}, {"maxAge": 1, "shares": 138900, "filerUrl": "", "transactionText": "", "filerName": "Luthra (Hemant)", "filerRelation": "Executive Chairman", "moneyText": "", "startDate": "2019-06-20", "ownership": "D"}, {"maxAge": 1, "shares": 8110, "filerUrl": "", "transactionText": "", "filerName": "Menon (Manoj)", "filerRelation": "UNREPORTED", "moneyText": "", "startDate": "2019-06-20", "ownership": "D"}, {"maxAge": 1, "shares": 7110, "filerUrl": "", "transactionText": "", "filerName": "Mishra (Anup)", "filerRelation": "UNREPORTED", "moneyText": "", "startDate": "2019-06-20", "ownership": "D"}, {"maxAge": 1, "shares": 5000, "filerUrl": "", "transactionText": "", "filerName": "Mishra (Anup)", "filerRelation": "UNREPORTED", "moneyText": "", "startDate": "2019-05-21", "ownership": "D"}, {"maxAge": 1, "shares": 5300, "filerUrl": "", "transactionText": "", "filerName": "Mishra (Anup)", "filerRelation": "UNREPORTED", "moneyText": "", "startDate": "2019-03-19", "ownership": "D"}, {"maxAge": 1, "shares": 7410, "filerUrl": "", "transactionText": "", "filerName": "Mishra (Anup)", "filerRelation": "UNREPORTED", "moneyText": "", "startDate": "2018-11-29", "ownership": "D"}, {"maxAge": 1, "shares": 1000, "filerUrl": "", "transactionText": "", "filerName": "Urolagin (Shankar)", "filerRelation": "UNREPORTED", "moneyText": "", "startDate": "2018-11-29", "ownership": "D"}, {"maxAge": 1, "shares": 17000, "filerUrl": "", "transactionText": "", "filerName": "Kaul (Romesh)", "filerRelation": "Director", "moneyText": "", "startDate": "2018-09-24", "ownership": "D"}, {"maxAge": 1, "shares": 8610, "filerUrl": "", "transactionText": "", "filerName": "Mishra (Anup)", "filerRelation": "UNREPORTED", "moneyText": "", "startDate": "2018-08-29", "ownership": "D"}, {"maxAge": 1, "shares": 3000000, "filerUrl": "", "transactionText": "", "filerName": "Mahindra Vehicle Manufacturers Ltd", "filerRelation": "Promoter", "moneyText": "", "startDate": "2018-08-24", "ownership": "D"}, {"maxAge": 1, "shares": 4784068, "filerUrl": "", "transactionText": "", "filerName": "Prudential Management & Services Pvt Ltd", "filerRelation": "Promoter", "moneyText": "", "startDate": "2018-07-27", "ownership": "D"}, {"maxAge": 1, "shares": 18926895, "filerUrl": "", "transactionText": "", "filerName": "Mahindra Vehicle Manufacturers Ltd", "filerRelation": "Promoter", "moneyText": "", "startDate": "2018-06-29", "ownership": "D"}, {"maxAge": 1, "shares": 18926895, "filerUrl": "", "transactionText": "", "filerName": "Participaciones Internacionales Autometal DOS S L", "filerRelation": "Promoter", "moneyText": "", "startDate": "2018-06-29", "ownership": "D"}, {"maxAge": 1, "shares": 10000, "filerUrl": "", "transactionText": "", "filerName": "Harikumar (U M)", "filerRelation": "UNREPORTED", "moneyText": "", "startDate": "2018-05-14", "ownership": "D"}, {"maxAge": 1, "shares": 15000, "filerUrl": "", "transactionText": "", "filerName": "Kaul (Romesh)", "filerRelation": "Director", "moneyText": "", "startDate": "2018-03-27", "ownership": "D"}, {"maxAge": 1, "shares": 49805, "filerUrl": "", "transactionText": "", "filerName": "Sinha (Vikas)", "filerRelation": "UNREPORTED", "moneyText": "", "startDate": "2018-03-27", "ownership": "D"}, {"maxAge": 1, "shares": 6000, "filerUrl": "", "transactionText": "", "filerName": "Pawar (Sitaram)", "filerRelation": "UNREPORTED", "moneyText": "", "startDate": "2017-11-03", "ownership": "D"}, {"maxAge": 1, "shares": 6666, "filerUrl": "", "transactionText": "", "filerName": "Rajendran (Vishwanathan Ganapathy)", "filerRelation": "UNREPORTED", "moneyText": "", "startDate": "2017-09-26", "ownership": "D"}, {"maxAge": 1, "shares": 138900, "filerUrl": "", "transactionText": "", "filerName": "Luthra (Hemant)", "filerRelation": "Executive Chairman", "moneyText": "", "startDate": "2017-07-27", "ownership": "D"}, {"maxAge": 1, "shares": 44443, "filerUrl": "", "transactionText": "", "filerName": "Ramaswami (Krishnan)", "filerRelation": "Managing Director", "moneyText": "", "startDate": "2017-07-27", "ownership": "D"}, {"maxAge": 1, "shares": 443, "filerUrl": "", "transactionText": "", "filerName": "Urolagin (Shankar)", "filerRelation": "UNREPORTED", "moneyText": "", "startDate": "2017-07-27", "ownership": "D"}, {"maxAge": 1, "shares": 4769, "filerUrl": "", "transactionText": "", "filerName": "Shankar (Krishnan)", "filerRelation": "Compliance officer", "moneyText": "", "startDate": "2017-06-30", "ownership": "D"}, {"maxAge": 1, "shares": 20692, "filerUrl": "", "transactionText": "", "filerName": "Ramaswami (Krishnan)", "filerRelation": "Managing Director", "moneyText": "", "startDate": "2017-06-29", "ownership": "D"}, {"maxAge": 1, "shares": 658, "filerUrl": "", "transactionText": "", "filerName": "Ramaswami (Krishnan)", "filerRelation": "Managing Director", "moneyText": "", "startDate": "2017-06-22", "ownership": "D"}, {"maxAge": 1, "shares": 10161, "filerUrl": "", "transactionText": "", "filerName": "Ramaswami (Krishnan)", "filerRelation": "Managing Director", "moneyText": "", "startDate": "2017-06-20", "ownership": "D"}, {"maxAge": 1, "shares": 1089, "filerUrl": "", "transactionText": "", "filerName": "Ramaswami (Krishnan)", "filerRelation": "Managing Director", "moneyText": "", "startDate": "2017-06-15", "ownership": "D"}, {"maxAge": 1, "shares": 58947, "filerUrl": "", "transactionText": "", "filerName": "Luthra (Hemant)", "filerRelation": "Executive Chairman", "moneyText": "", "startDate": "2017-06-14", "ownership": "D"}, {"maxAge": 1, "shares": 2437, "filerUrl": "", "transactionText": "", "filerName": "Luthra (Hemant)", "filerRelation": "Executive Chairman", "moneyText": "", "startDate": "2017-06-06", "ownership": "D"}, {"maxAge": 1, "shares": 5000, "filerUrl": "", "transactionText": "", "filerName": "Luthra (Hemant)", "filerRelation": "Executive Chairman", "moneyText": "", "startDate": "2017-06-05", "ownership": "D"}, {"maxAge": 1, "shares": 7000, "filerUrl": "", "transactionText": "", "filerName": "Luthra (Hemant)", "filerRelation": "Executive Chairman", "moneyText": "", "startDate": "2017-06-02", "ownership": "D"}, {"maxAge": 1, "shares": 26616, "filerUrl": "", "transactionText": "", "filerName": "Luthra (Hemant)", "filerRelation": "Executive Chairman", "moneyText": "", "startDate": "2017-06-01", "ownership": "D"}, {"maxAge": 1, "shares": 4000, "filerUrl": "", "transactionText": "", "filerName": "Urolagin (Shankar)", "filerRelation": "UNREPORTED", "moneyText": "", "startDate": "2017-05-03", "ownership": "D"}, {"maxAge": 1, "shares": 10037, "filerUrl": "", "transactionText": "", "filerName": "Urolagin (Shankar)", "filerRelation": "UNREPORTED", "moneyText": "", "startDate": "2017-05-03", "ownership": "D"}, {"maxAge": 1, "shares": 145738037, "filerUrl": "", "transactionText": "", "filerName": "Participaciones Internacionales Autometal DOS S L", "filerRelation": "Promoter", "moneyText": "", "startDate": "2016-10-19", "ownership": "D"}, {"maxAge": 1, "shares": 10074, "filerUrl": "", "transactionText": "", "filerName": "Kumar (Hari U M)", "filerRelation": "UNREPORTED", "moneyText": "", "startDate": "2016-07-02", "ownership": "D"}, {"maxAge": 1, "shares": 9199, "filerUrl": "", "transactionText": "", "filerName": "Deogaonkar (Vijay)", "filerRelation": "UNREPORTED", "moneyText": "", "startDate": "2016-03-30", "ownership": "D"}, {"maxAge": 1, "shares": 20480, "filerUrl": "", "transactionText": "", "filerName": "Luthra (Hemant)", "filerRelation": "Executive Chairman", "moneyText": "", "startDate": "2016-03-30", "ownership": "D"}, {"maxAge": 1, "shares": 75000, "filerUrl": "", "transactionText": "", "filerName": "Ramaswami (Krishnan)", "filerRelation": "Managing Director", "moneyText": "", "startDate": "2016-03-30", "ownership": "D"}, {"maxAge": 1, "shares": 11925, "filerUrl": "", "transactionText": "", "filerName": "Babasaheb (Suryakant)", "filerRelation": "UNREPORTED", "moneyText": "", "startDate": "2016-03-01", "ownership": "D"}, {"maxAge": 1, "shares": 8230, "filerUrl": "", "transactionText": "", "filerName": "Urolagin (Shankar)", "filerRelation": "UNREPORTED", "moneyText": "", "startDate": "2016-03-01", "ownership": "D"}, {"maxAge": 1, "shares": 65271407, "filerUrl": "", "transactionText": "", "filerName": "Mahindra & Mahindra Ltd", "filerRelation": "Promoter", "moneyText": "", "startDate": "2015-12-30", "ownership": "D"}, {"maxAge": 1, "shares": 65271407, "filerUrl": "", "transactionText": "", "filerName": "Mahindra Vehicle Manufacturers Ltd", "filerRelation": "Institution- Corporation", "moneyText": "", "startDate": "2015-12-30", "ownership": "D"}, {"maxAge": 1, "shares": 3500, "filerUrl": "", "transactionText": "", "filerName": "Shankar (Krishnan)", "filerRelation": "Compliance Officer", "moneyText": "", "startDate": "2015-12-21", "ownership": "D"}, {"maxAge": 1, "shares": 2895, "filerUrl": "", "transactionText": "", "filerName": "Shankar (Krishnan)", "filerRelation": "Compliance officer", "moneyText": "", "startDate": "2015-12-21", "ownership": "D"}, {"maxAge": 1, "shares": 13000, "filerUrl": "", "transactionText": "", "filerName": "Deogaonkar (Vijay)", "filerRelation": "UNREPORTED", "moneyText": "", "startDate": "2015-12-14", "ownership": "D"}, {"maxAge": 1, "shares": 6127, "filerUrl": "", "transactionText": "", "filerName": "Urolagin (Shankar)", "filerRelation": "UNREPORTED", "moneyText": "", "startDate": "2015-11-27", "ownership": "D"}, {"maxAge": 1, "shares": 4206, "filerUrl": "", "transactionText": "", "filerName": "Rokade (Raosaheb)", "filerRelation": "UNREPORTED", "moneyText": "", "startDate": "2015-11-19", "ownership": "D"}, {"maxAge": 1, "shares": 4000, "filerUrl": "", "transactionText": "", "filerName": "Bhiwandiwala (Zhooben)", "filerRelation": "Director (Non-Executive)", "moneyText": "", "startDate": "2015-11-02", "ownership": "D"}, {"maxAge": 1, "shares": 7003, "filerUrl": "", "transactionText": "", "filerName": "Hazari (Amitabha)", "filerRelation": "UNREPORTED", "moneyText": "", "startDate": "2015-11-02", "ownership": "D"}, {"maxAge": 1, "shares": 4206, "filerUrl": "", "transactionText": "", "filerName": "Rokade (Raosaheb)", "filerRelation": "UNREPORTED", "moneyText": "", "startDate": "2015-11-02", "ownership": "D"}, {"maxAge": 1, "shares": 3000, "filerUrl": "", "transactionText": "", "filerName": "Shankar (Krishnan)", "filerRelation": "Compliance Officer", "moneyText": "", "startDate": "2015-11-02", "ownership": "D"}, {"maxAge": 1, "shares": 7000, "filerUrl": "", "transactionText": "", "filerName": "Urolagin (Shankar)", "filerRelation": "UNREPORTED", "moneyText": "", "startDate": "2015-11-02", "ownership": "D"}, {"maxAge": 1, "shares": 83000, "filerUrl": "", "transactionText": "", "filerName": "Luthra (Hemant)", "filerRelation": "Executive Chairman", "moneyText": "", "startDate": "2015-08-31", "ownership": "D"}, {"maxAge": 1, "shares": 11250, "filerUrl": "", "transactionText": "", "filerName": "Mirchandani (Daljit)", "filerRelation": "Director (Non-Executive)", "moneyText": "", "startDate": "2015-08-24", "ownership": "D"}, {"maxAge": 1, "shares": 7951, "filerUrl": "", "transactionText": "", "filerName": "Mahajan (Pradeep)", "filerRelation": "UNREPORTED", "moneyText": "", "startDate": "2015-07-30", "ownership": "D"}, {"maxAge": 1, "shares": 19183, "filerUrl": "", "transactionText": "", "filerName": "Joglekar (Sanjay Vasant)", "filerRelation": "Officer", "moneyText": "", "startDate": "2015-05-13", "ownership": "D"}, {"maxAge": 1, "shares": 9990, "filerUrl": "", "transactionText": "", "filerName": "Shankar (Krishnan)", "filerRelation": "Compliance Officer", "moneyText": "", "startDate": "2015-05-13", "ownership": "D"}, {"maxAge": 1, "shares": 10663, "filerUrl": "", "transactionText": "", "filerName": "Shankar (Krishnan)", "filerRelation": "Compliance Officer", "moneyText": "", "startDate": "2015-05-11", "ownership": "D"}, {"maxAge": 1, "shares": 75000, "filerUrl": "", "transactionText": "", "filerName": "Ramaswami (Krishnan)", "filerRelation": "Managing Director", "moneyText": "", "startDate": "2015-03-31", "ownership": "D"}, {"maxAge": 1, "shares": 228, "filerUrl": "", "transactionText": "", "filerName": "Shankar (Krishnan)", "filerRelation": "Compliance Officer", "moneyText": "", "startDate": "2015-03-31", "ownership": "D"}, {"maxAge": 1, "shares": 1789, "filerUrl": "", "transactionText": "", "filerName": "Joglekar (Sanjay Vasant)", "filerRelation": "Officer", "moneyText": "", "startDate": "2015-01-06", "ownership": "D"}, {"maxAge": 1, "shares": 10747, "filerUrl": "", "transactionText": "", "filerName": "Lele (Ajit)", "filerRelation": "Officer", "moneyText": "", "startDate": "2015-01-05", "ownership": "D"}, {"maxAge": 1, "shares": 194273, "filerUrl": "", "transactionText": "", "filerName": "Luthra (Hemant)", "filerRelation": "Executive Chairman", "moneyText": "", "startDate": "2015-01-05", "ownership": "D"}, {"maxAge": 1, "shares": 6772, "filerUrl": "", "transactionText": "", "filerName": "Shankar (Krishnan)", "filerRelation": "Compliance Officer", "moneyText": "", "startDate": "2014-12-30", "ownership": "D"}, {"maxAge": 1, "shares": 2500, "filerUrl": "", "transactionText": "", "filerName": "Mirchandani (Daljit)", "filerRelation": "Director (Non-Executive)", "moneyText": "", "startDate": "2014-10-01", "ownership": "D"}, {"maxAge": 1, "shares": 28787, "filerUrl": "", "transactionText": "", "filerName": "Shankar (Krishnan)", "filerRelation": "Compliance Officer", "moneyText": "", "startDate": "2014-10-01", "ownership": "D"}, {"maxAge": 1, "shares": 25000, "filerUrl": "", "transactionText": "", "filerName": "Ramaswami (Krishnan)", "filerRelation": "Managing Director", "moneyText": "", "startDate": "2014-09-22", "ownership": "D"}, {"maxAge": 1, "shares": 13000, "filerUrl": "", "transactionText": "", "filerName": "Shankar (Krishnan)", "filerRelation": "Compliance Officer", "moneyText": "", "startDate": "2014-09-09", "ownership": "D"}, {"maxAge": 1, "shares": 17500, "filerUrl": "", "transactionText": "", "filerName": "Bhiwandiwala (Zhooben)", "filerRelation": "Director (Non-Executive)", "moneyText": "", "startDate": "2014-07-31", "ownership": "D"}, {"maxAge": 1, "shares": 50000, "filerUrl": "", "transactionText": "", "filerName": "Luthra (Hemant)", "filerRelation": "Non Independent Chairman Of The Board", "moneyText": "", "startDate": "2014-07-31", "ownership": "D"}, {"maxAge": 1, "shares": 75000, "filerUrl": "", "transactionText": "", "filerName": "Ramaswami (Krishnan)", "filerRelation": "Managing Director", "moneyText": "", "startDate": "2014-07-30", "ownership": "D"}, {"maxAge": 1, "shares": 13000, "filerUrl": "", "transactionText": "", "filerName": "Shankar (Krishnan)", "filerRelation": "Compliance Officer", "moneyText": "", "startDate": "2014-07-30", "ownership": "D"}, {"maxAge": 1, "shares": 3508, "filerUrl": "", "transactionText": "", "filerName": "Shankar (Krishnan)", "filerRelation": "Compliance Officer", "moneyText": "", "startDate": "2014-06-24", "ownership": "D"}, {"maxAge": 1, "shares": 11250, "filerUrl": "", "transactionText": "", "filerName": "Mirchandani (Daljit)", "filerRelation": "Director (Non-Executive)", "moneyText": "", "startDate": "2014-05-15", "ownership": "D"}, {"maxAge": 1, "shares": 74833, "filerUrl": "", "transactionText": "", "filerName": "Ramaswami (Krishnan)", "filerRelation": "Managing Director", "moneyText": "", "startDate": "2014-05-02", "ownership": "D"}, {"maxAge": 1, "shares": 4360373, "filerUrl": "", "transactionText": "", "filerName": "Scholz AG", "filerRelation": "Institution- Corporation", "moneyText": "", "startDate": "2013-10-22", "ownership": "D"}, {"maxAge": 1, "shares": 47289500, "filerUrl": "", "transactionText": "", "filerName": "Mahindra & Mahindra Ltd", "filerRelation": "Promoter", "moneyText": "", "startDate": "2013-10-04", "ownership": "D"}, {"maxAge": 1, "shares": 48529500, "filerUrl": "", "transactionText": "", "filerName": "Participaciones Internacionales Autometal DOS S L", "filerRelation": "Institution- Corporation", "moneyText": "", "startDate": "2013-10-04", "ownership": "D"}, {"maxAge": 1, "shares": 75000, "filerUrl": "", "transactionText": "", "filerName": "Ramaswami (Krishnan)", "filerRelation": "Managing Director", "moneyText": "", "startDate": "2013-07-26", "ownership": "D"}, {"maxAge": 1, "shares": 4299270, "filerUrl": "", "transactionText": "", "filerName": "Mahindra & Mahindra Ltd", "filerRelation": "Promoter", "moneyText": "", "startDate": "2011-09-02", "ownership": "D"}, {"maxAge": 1, "shares": 1700000, "filerUrl": "", "transactionText": "", "filerName": "Scholz AG", "filerRelation": "Institution- Corporation", "moneyText": "", "startDate": "2010-09-09", "ownership": "D"}], "maxAge": 1}, "sectorTrend": {"maxAge": 1, "symbol": null, "estimates": []}, "incomeStatementHistoryQuarterly": {"incomeStatementHistory": [{"maxAge": 1, "endDate": "2021-03-31", "totalRevenue": 22087580000, "costOfRevenue": 10183870000, "grossProfit": 11903710000, "researchDevelopment": {}, "sellingGeneralAdministrative": 3624420000, "nonRecurring": {}, "otherOperatingExpenses": 5217240000, "totalOperatingExpenses": 19908400000, "operatingIncome": 2179180000, "totalOtherIncomeExpenseNet": -141890000, "ebit": 2179180000, "interestExpense": -141890000, "incomeBeforeTax": 2037290000, "incomeTaxExpense": 1936350000, "minorityInterest": {}, "netIncomeFromContinuingOps": 100940000, "discontinuedOperations": {}, "extraordinaryItems": {}, "effectOfAccountingCharges": {}, "otherItems": {}, "netIncome": 100940000, "netIncomeApplicableToCommonShares": 100940000}, {"maxAge": 1, "endDate": "2020-12-31", "totalRevenue": 19576350000, "costOfRevenue": 8988720000, "grossProfit": 10587630000, "researchDevelopment": {}, "sellingGeneralAdministrative": 3383850000, "nonRecurring": {}, "otherOperatingExpenses": 4728430000, "totalOperatingExpenses": 17982950000, "operatingIncome": 1593400000, "totalOtherIncomeExpenseNet": 17770000, "ebit": 1593400000, "interestExpense": -56720000, "incomeBeforeTax": 1611170000, "incomeTaxExpense": 492510000, "minorityInterest": {}, "netIncomeFromContinuingOps": 1118660000, "discontinuedOperations": -2000000, "extraordinaryItems": {}, "effectOfAccountingCharges": {}, "otherItems": {}, "netIncome": 1116660000, "netIncomeApplicableToCommonShares": 1116660000}, {"maxAge": 1, "endDate": "2020-09-30", "totalRevenue": 16943040000, "costOfRevenue": 7998900000, "grossProfit": 8944140000, "researchDevelopment": {}, "sellingGeneralAdministrative": 3239230000, "nonRecurring": {}, "otherOperatingExpenses": 4196750000, "totalOperatingExpenses": 16284210000, "operatingIncome": 658830000, "totalOtherIncomeExpenseNet": 278570000, "ebit": 658830000, "interestExpense": -141910000, "incomeBeforeTax": 937400000, "incomeTaxExpense": 329760000, "minorityInterest": {}, "netIncomeFromContinuingOps": 607640000, "discontinuedOperations": -2000000, "extraordinaryItems": {}, "effectOfAccountingCharges": {}, "otherItems": {}, "netIncome": 607640000, "netIncomeApplicableToCommonShares": 607640000}, {"maxAge": 1, "endDate": "2020-06-30", "totalRevenue": 7354670000, "costOfRevenue": 3446750000, "grossProfit": 3907920000, "researchDevelopment": {}, "sellingGeneralAdministrative": 2849730000, "nonRecurring": {}, "otherOperatingExpenses": 2020840000, "totalOperatingExpenses": 8835000000, "operatingIncome": -1480330000, "totalOtherIncomeExpenseNet": 10250000, "ebit": -1480330000, "interestExpense": -167430000, "incomeBeforeTax": -1470080000, "incomeTaxExpense": -183250000, "minorityInterest": {}, "netIncomeFromContinuingOps": -1286830000, "discontinuedOperations": -560000, "extraordinaryItems": {}, "effectOfAccountingCharges": {}, "otherItems": {}, "netIncome": -1287390000, "netIncomeApplicableToCommonShares": -1287390000}], "maxAge": 86400}, "cashflowStatementHistoryQuarterly": {"cashflowStatements": [{"maxAge": 1, "endDate": "2021-03-31", "netIncome": 100940000, "changeToLiabilities": 0}, {"maxAge": 1, "endDate": "2020-12-31", "netIncome": 1116660000, "changeToLiabilities": 0}, {"maxAge": 1, "endDate": "2020-09-30", "netIncome": 607640000, "changeToLiabilities": 0}, {"maxAge": 1, "endDate": "2020-06-30", "netIncome": -1287390000, "changeToLiabilities": 0}], "maxAge": 86400}, "earnings": {"maxAge": 86400, "earningsChart": {"quarterly": [{"date": "3Q2016", "actual": 0.42, "estimate": 0.73}, {"date": "4Q2016", "actual": 0.29, "estimate": 2.07}, {"date": "1Q2017", "actual": 0.44, "estimate": 0.36}, {"date": "3Q2017", "actual": 0.54, "estimate": 0.5}], "currentQuarterEstimateDate": "4Q", "currentQuarterEstimateYear": 2017, "earningsDate": []}, "financialsChart": {"yearly": [{"date": 2017, "revenue": 64450000000, "earnings": 3584000000}, {"date": 2018, "revenue": 80315000000, "earnings": 4981000000}, {"date": 2019, "revenue": 79078000000, "earnings": 3538000000}, {"date": 2020, "revenue": 60501000000, "earnings": 1064000000}], "quarterly": [{"date": "2Q2020", "revenue": 7354670000, "earnings": -1287390000}, {"date": "3Q2020", "revenue": 16943040000, "earnings": 607640000}, {"date": "4Q2020", "revenue": 19576350000, "earnings": 1116660000}, {"date": "1Q2021", "revenue": 22087580000, "earnings": 100940000}]}, "financialCurrency": "INR"}, "financialData": {"maxAge": 86400, "currentPrice": 170.7, "targetHighPrice": 345.0, "targetLowPrice": 275.0, "targetMeanPrice": 303.33, "targetMedianPrice": 298.0, "recommendationMean": 1.6, "recommendationKey": "buy", "numberOfAnalystOpinions": 9, "ebitda": 5843509760, "totalRevenue": 65912651776, "debtToEquity": 38.702, "revenuePerShare": 174.605, "grossProfits": 30474000000, "earningsGrowth": -0.509, "revenueGrowth": 0.328, "grossMargins": 0.50568, "ebitdaMargins": 0.08866, "operatingMargins": 0.05047, "profitMargins": 0.00816, "financialCurrency": "INR"}}}