{"MAHLIFE.NS": {"assetProfile": {"address1": "Mahindra Towers", "address2": "5th Floor Dr. G. M. Bhosale Marg Worli", "city": "Mumbai", "zip": "400018", "country": "India", "phone": "91 22 6747 8600", "fax": "91 22 2497 5084", "website": "http://www.mahindralifespaces.com", "industry": "Real Estate\u2014Development", "sector": "Real Estate", "longBusinessSummary": "Mahindra Lifespace Developers Limited, together with its subsidiaries, operates as a real estate development company in India. It operates through Projects, Project Management & Development; and Operating of Commercial Complexes segments. The Projects, Project Management & Development segment sells residential units. The Operating of Commercial Complexes segment rents commercial properties. The company engages in the development of residential projects under the Mahindra Lifespaces and Happinest brands; integrated cities and industrial clusters under the Mahindra World City and Origins by Mahindra World City brands; and infrastructure projects and multi product special economic zones, as well as operates and maintains water collection, treatment, and distribution facilities. The company was founded in 1994 and is based in Mumbai, India. Mahindra Lifespace Developers Limited is a subsidiary of Mahindra & Mahindra Limited.", "fullTimeEmployees": 415, "companyOfficers": [{"maxAge": 1, "name": "Mr. Arvind  Subramanian", "age": 47, "title": "CEO, MD, CEO of Happinest, Director & COO", "yearBorn": 1973, "exercisedValue": 0, "unexercisedValue": 0}, {"maxAge": 1, "name": "Mr. Vimal  Agarwal", "title": "Chief Financial Officer", "exercisedValue": 0, "unexercisedValue": 0}, {"maxAge": 1, "name": "Sumit  Kasat", "title": "Gen. Mang. \u00c2\u0096 Fin. and Investor Relations", "exercisedValue": 0, "unexercisedValue": 0}, {"maxAge": 1, "name": "Ms. Parveen  Mahtani", "title": "Chief Legal Officer", "exercisedValue": 0, "unexercisedValue": 0}, {"maxAge": 1, "name": "Mr. Ankit  Shah", "title": "Compliance Officer & Assistant Company Sec.", "exercisedValue": 0, "unexercisedValue": 0}, {"maxAge": 1, "name": "Mr. Pramuch  Goel", "title": "Gen. Mang. of Group Communications", "exercisedValue": 0, "unexercisedValue": 0}, {"maxAge": 1, "name": "Mr. Subhorov  Roy", "title": "Chief Sales Officer", "exercisedValue": 0, "unexercisedValue": 0}, {"maxAge": 1, "name": "Mr. Viral  Oza", "title": "Chief Marketing Officer", "exercisedValue": 0, "unexercisedValue": 0}, {"maxAge": 1, "name": "Ms. Krity  Sharma", "title": "Chief People Officer", "exercisedValue": 0, "unexercisedValue": 0}, {"maxAge": 1, "name": "Mr. Sanjay  Srivastava", "title": "Bus. Head of Mahindra World City, Jaipur", "exercisedValue": 0, "unexercisedValue": 0}], "maxAge": 86400}, "recommendationTrend": {"trend": [{"period": "0m", "strongBuy": 0, "buy": 0, "hold": 0, "sell": 0, "strongSell": 0}, {"period": "-1m", "strongBuy": 1, "buy": 2, "hold": 0, "sell": 0, "strongSell": 0}, {"period": "-2m", "strongBuy": 1, "buy": 2, "hold": 0, "sell": 0, "strongSell": 0}, {"period": "-3m", "strongBuy": 1, "buy": 1, "hold": 0, "sell": 0, "strongSell": 0}], "maxAge": 86400}, "cashflowStatementHistory": {"cashflowStatements": [{"maxAge": 1, "endDate": "2020-03-31", "netIncome": -1934117000, "depreciation": 75643000, "changeToNetincome": 1265112000, "changeToAccountReceivables": 578074000, "changeToLiabilities": -2192699000, "changeToInventory": 1578698000, "totalCashFromOperatingActivities": -627862000, "capitalExpenditures": -36256000, "investments": 1143277000, "otherCashflowsFromInvestingActivities": 31993000, "totalCashflowsFromInvestingActivities": 880725000, "dividendsPaid": -355842000, "netBorrowings": -12229000, "otherCashflowsFromFinancingActivities": -291559000, "totalCashFromFinancingActivities": -673839000, "changeInCash": -420976000, "repurchaseOfStock": -14326000, "issuanceOfStock": 117000}, {"maxAge": 1, "endDate": "2019-03-31", "netIncome": 1197052000, "depreciation": 36291000, "changeToNetincome": -1140164000, "changeToAccountReceivables": 44726000, "changeToLiabilities": -284584000, "changeToInventory": 1820557000, "totalCashFromOperatingActivities": 1675314000, "capitalExpenditures": -58446000, "investments": 1338990000, "otherCashflowsFromInvestingActivities": 1552102000, "totalCashflowsFromInvestingActivities": 2876833000, "dividendsPaid": -379882000, "netBorrowings": -2801564000, "otherCashflowsFromFinancingActivities": -523012000, "totalCashFromFinancingActivities": -3704283000, "changeInCash": 847864000, "repurchaseOfStock": -14326000, "issuanceOfStock": 175000}, {"maxAge": 1, "endDate": "2018-03-31", "netIncome": 1010049000, "depreciation": 41151000, "changeToNetincome": -582526000, "changeToAccountReceivables": -1149399000, "changeToLiabilities": 35531000, "changeToInventory": 2588147000, "totalCashFromOperatingActivities": 1944380000, "capitalExpenditures": -49156000, "investments": -191919000, "otherCashflowsFromInvestingActivities": -633151000, "totalCashflowsFromInvestingActivities": -1797327000, "dividendsPaid": -321349000, "netBorrowings": -1930397000, "otherCashflowsFromFinancingActivities": -1087303000, "totalCashFromFinancingActivities": -400006000, "changeInCash": -252953000, "repurchaseOfStock": -14326000, "issuanceOfStock": 2939043000}, {"maxAge": 1, "endDate": "2017-03-31", "netIncome": 1022371000, "depreciation": 45151000, "changeToNetincome": -683790000, "changeToAccountReceivables": -952562000, "changeToLiabilities": -83581000, "changeToInventory": 1347272000, "totalCashFromOperatingActivities": 695928000, "capitalExpenditures": -120881000, "investments": 1000441000, "otherCashflowsFromInvestingActivities": 527111000, "totalCashflowsFromInvestingActivities": 1408691000, "dividendsPaid": -283515000, "netBorrowings": -1326200000, "otherCashflowsFromFinancingActivities": -938461000, "totalCashFromFinancingActivities": -2548176000, "changeInCash": -443557000, "repurchaseOfStock": -14326000, "issuanceOfStock": 2939043000}], "maxAge": 86400}, "indexTrend": {"maxAge": 1, "symbol": "SP5", "peRatio": 19.7411, "pegRatio": 1.34172, "estimates": [{"period": "0q", "growth": 0.549}, {"period": "+1q", "growth": 0.431}, {"period": "0y", "growth": 0.305}, {"period": "+1y", "growth": 0.109}, {"period": "+5y", "growth": 0.120865}, {"period": "-5y"}]}, "defaultKeyStatistics": {"maxAge": 1, "priceHint": 2, "enterpriseValue": 27955390464, "profitMargins": -1.26799, "floatShares": 24559997, "sharesOutstanding": 51380800, "heldPercentInsiders": 0.51815, "heldPercentInstitutions": 0.31152, "beta": 1.008679, "category": null, "bookValue": 325.341, "priceToBook": 1.5363879, "fundFamily": null, "legalType": null, "lastFiscalYearEnd": "2020-03-31 05:30:00", "nextFiscalYearEnd": "2022-03-31 05:30:00", "mostRecentQuarter": "2020-12-31 05:30:00", "netIncomeToCommon": -2684016896, "trailingEps": -52.22, "forwardEps": 35.47, "lastSplitFactor": null, "enterpriseToRevenue": 13.207, "enterpriseToEbitda": -24.844}, "industryTrend": {"maxAge": 1, "symbol": null, "estimates": []}, "quoteType": {"exchange": "NSI", "quoteType": "EQUITY", "symbol": "MAHLIFE.NS", "underlyingSymbol": "MAHLIFE.NS", "shortName": "MAHINDRA LIFESPACE", "longName": "Mahindra Lifespace Developers Limited", "firstTradeDateEpochUtc": "2002-07-01 09:15:00", "timeZoneFullName": "Asia/Kolkata", "timeZoneShortName": "IST", "uuid": "ee926953-1aab-388c-95d8-30e9723cff83", "gmtOffSetMilliseconds": 19800000, "maxAge": 1}, "incomeStatementHistory": {"incomeStatementHistory": [{"maxAge": 1, "endDate": "2020-03-31", "totalRevenue": 6109357000, "costOfRevenue": 4939658000, "grossProfit": 1169699000, "researchDevelopment": {}, "sellingGeneralAdministrative": 1160524000, "nonRecurring": {}, "otherOperatingExpenses": 577357000, "totalOperatingExpenses": 6754609000, "operatingIncome": -645252000, "totalOtherIncomeExpenseNet": -1317196000, "ebit": -645252000, "interestExpense": -62958000, "incomeBeforeTax": -1962448000, "incomeTaxExpense": -16949000, "minorityInterest": 419378000, "netIncomeFromContinuingOps": -1945499000, "discontinuedOperations": {}, "extraordinaryItems": {}, "effectOfAccountingCharges": {}, "otherItems": {}, "netIncome": -1934117000, "netIncomeApplicableToCommonShares": -1934117000}, {"maxAge": 1, "endDate": "2019-03-31", "totalRevenue": 5928300000, "costOfRevenue": 4188161000, "grossProfit": 1740139000, "researchDevelopment": {}, "sellingGeneralAdministrative": 1058614000, "nonRecurring": {}, "otherOperatingExpenses": 422963000, "totalOperatingExpenses": 5707465000, "operatingIncome": 220835000, "totalOtherIncomeExpenseNet": 1211745000, "ebit": 220835000, "interestExpense": -117525000, "incomeBeforeTax": 1432580000, "incomeTaxExpense": 245892000, "minorityInterest": 435110000, "netIncomeFromContinuingOps": 1186688000, "discontinuedOperations": {}, "extraordinaryItems": {}, "effectOfAccountingCharges": {}, "otherItems": {}, "netIncome": 1197052000, "netIncomeApplicableToCommonShares": 1197052000}, {"maxAge": 1, "endDate": "2018-03-31", "totalRevenue": 5661906000, "costOfRevenue": 3877419000, "grossProfit": 1784487000, "researchDevelopment": {}, "sellingGeneralAdministrative": 869981000, "nonRecurring": {}, "otherOperatingExpenses": 340231000, "totalOperatingExpenses": 5130209000, "operatingIncome": 531697000, "totalOtherIncomeExpenseNet": 813709000, "ebit": 531697000, "interestExpense": -411763000, "incomeBeforeTax": 1345406000, "incomeTaxExpense": 311757000, "minorityInterest": 445474000, "netIncomeFromContinuingOps": 1033649000, "discontinuedOperations": {}, "extraordinaryItems": {}, "effectOfAccountingCharges": {}, "otherItems": {}, "netIncome": 1010049000, "netIncomeApplicableToCommonShares": 1010049000}, {"maxAge": 1, "endDate": "2017-03-31", "totalRevenue": 7621477000, "costOfRevenue": 5826649000, "grossProfit": 1794828000, "researchDevelopment": {}, "sellingGeneralAdministrative": 890179000, "nonRecurring": {}, "otherOperatingExpenses": 401329000, "totalOperatingExpenses": 7164375000, "operatingIncome": 457102000, "totalOtherIncomeExpenseNet": 931927000, "ebit": 457102000, "interestExpense": -201134000, "incomeBeforeTax": 1389029000, "incomeTaxExpense": 330122000, "minorityInterest": 434946000, "netIncomeFromContinuingOps": 1058907000, "discontinuedOperations": {}, "extraordinaryItems": {}, "effectOfAccountingCharges": {}, "otherItems": {}, "netIncome": 1022371000, "netIncomeApplicableToCommonShares": 1022371000}], "maxAge": 86400}, "fundOwnership": {"ownershipList": [{"maxAge": 1, "reportDate": "2021-01-31", "organization": "DFA Emerging Markets Core Equity Portfolio", "pctHeld": 0.003, "position": 156126, "value": 61232617}, {"maxAge": 1, "reportDate": "2021-01-31", "organization": "DFA Investment Dimensions-DFA Emerging Mkts Value", "pctHeld": 0.0023999999, "position": 125469, "value": 49208941}, {"maxAge": 1, "reportDate": "2021-01-31", "organization": "DFA Emerging Markets Small Cap Series", "pctHeld": 0.0022, "position": 111814, "value": 43853450}, {"maxAge": 1, "reportDate": "2021-01-31", "organization": "DFA Investment Dimensions-World Ex U.S. Core Equity Port", "pctHeld": 0.0002, "position": 10741, "value": 4212620}, {"maxAge": 1, "reportDate": "2021-01-31", "organization": "DFA T.A. World Ex U.S. Core Equity Portfolio", "pctHeld": 0.0002, "position": 10029, "value": 3933373}, {"maxAge": 1, "reportDate": "2021-01-31", "organization": "DFA Investment Dimensions-Emerging Markets Social Core Equity", "pctHeld": 0.0001, "position": 6371, "value": 2498706}, {"maxAge": 1, "reportDate": "2021-01-31", "organization": "DFA Investment Dimensions-DFA World Ex U.S. Targeted Value Port", "pctHeld": 0.0001, "position": 5046, "value": 1979041}, {"maxAge": 1, "reportDate": "2021-01-31", "organization": "DFA Investment Dimensions-DFA Emerging Markets Targeted Value Port", "pctHeld": 0.0001, "position": 4081, "value": 1600568}, {"maxAge": 1, "reportDate": "2021-03-31", "organization": "John Hancock Var Ins Tr-Emerging Markets Value Tr", "pctHeld": 0.0001, "position": 3463, "value": 1971659}], "maxAge": 1}, "summaryDetail": {"maxAge": 1, "priceHint": 2, "previousClose": 504.7, "open": 494.0, "dayLow": 492.5, "dayHigh": 504.7, "regularMarketPreviousClose": 504.7, "regularMarketOpen": 494.0, "regularMarketDayLow": 492.5, "regularMarketDayHigh": 504.7, "exDividendDate": "2019-07-18 05:30:00", "payoutRatio": 0.0, "beta": 1.008679, "forwardPE": 14.092191, "volume": 159345, "regularMarketVolume": 159345, "averageVolume": 74979, "averageVolume10days": 52596, "averageDailyVolume10Day": 52596, "bid": 0.0, "ask": 0.0, "bidSize": 0, "askSize": 0, "marketCap": 25512194048, "fiftyTwoWeekLow": 171.6, "fiftyTwoWeekHigh": 574.0, "priceToSalesTrailing12Months": 12.052491, "fiftyDayAverage": 525.2662, "twoHundredDayAverage": 366.96347, "trailingAnnualDividendRate": 6.0, "trailingAnnualDividendYield": 0.01188825, "currency": "INR", "fromCurrency": null, "lastMarket": null, "algorithm": null, "tradeable": false}, "insiderHolders": {"holders": [{"maxAge": 1, "name": "Amansa Holding Pvt Ltd", "relation": "Institution- Corporation", "url": "", "transactionDescription": "Acquisition", "latestTransDate": "2012-12-20", "positionDirect": 2434599, "positionDirectDate": "2012-12-20"}, {"maxAge": 1, "name": "Amansa Investments Ltd", "relation": "Institution- Corporation", "url": "", "transactionDescription": "Sale", "latestTransDate": "2012-12-20", "positionDirect": 0, "positionDirectDate": "2012-12-20"}, {"maxAge": 1, "name": "Arjundas (Anita)", "relation": "Managing Director", "url": "", "transactionDescription": "Other", "latestTransDate": "2014-03-26", "positionDirect": 3000, "positionDirectDate": "2014-03-26"}, {"maxAge": 1, "name": "Cutinha (John Lancelot)", "relation": "UNREPORTED", "url": "", "transactionDescription": "Other", "latestTransDate": "2018-09-28", "positionDirect": 4000, "positionDirectDate": "2018-09-28"}, {"maxAge": 1, "name": "Haribhakti (Shailesh V)", "relation": "UNREPORTED", "url": "", "transactionDescription": "Sale", "latestTransDate": "2018-05-11", "positionDirect": 0, "positionDirectDate": "2018-05-11"}, {"maxAge": 1, "name": "Hebalkar (Prakash)", "relation": "Director (Non-Executive)", "url": "", "transactionDescription": "Other", "latestTransDate": "2014-10-20", "positionIndirect": 5000, "positionIndirectDate": 1413763200}, {"maxAge": 1, "name": "Kulkarni (Suhas)", "relation": "Company Secretary", "url": "", "transactionDescription": "Other", "latestTransDate": "2014-10-17", "positionIndirect": 1600, "positionIndirectDate": 1413504000}, {"maxAge": 1, "name": "Nanda (Arun)", "relation": "Non Executive Chairman", "url": "", "transactionDescription": "Sale", "latestTransDate": "2014-06-30", "positionDirect": 130114, "positionDirectDate": "2014-06-30"}, {"maxAge": 1, "name": "Phadke (Uday Y)", "relation": "Director (Non-Executive)", "url": "", "transactionDescription": "Sale", "latestTransDate": "2014-06-09", "positionDirect": 0, "positionDirectDate": "2014-06-09"}, {"maxAge": 1, "name": "Srivastava (Sanjay)", "relation": "UNREPORTED", "url": "", "transactionDescription": "Acquisition", "latestTransDate": "2020-07-30", "positionDirect": 6000, "positionDirectDate": "2020-07-30"}], "maxAge": 1}, "calendarEvents": {"maxAge": 1, "earnings": {"earningsDate": []}, "exDividendDate": "2019-07-18 05:30:00"}, "upgradeDowngradeHistory": {"history": [], "maxAge": 86400}, "price": {"maxAge": 1, "regularMarketChangePercent": -0.009609681, "regularMarketChange": -4.850006, "regularMarketTime": "2021-04-30 15:30:01", "priceHint": 2, "regularMarketPrice": 499.85, "regularMarketDayHigh": 504.7, "regularMarketDayLow": 492.5, "regularMarketVolume": 159345, "averageDailyVolume10Day": 52596, "averageDailyVolume3Month": 74979, "regularMarketPreviousClose": 504.7, "regularMarketSource": "FREE_REALTIME", "regularMarketOpen": 494.0, "exchange": "NSI", "exchangeName": "NSE", "exchangeDataDelayedBy": 15, "marketState": "CLOSED", "quoteType": "EQUITY", "symbol": "MAHLIFE.NS", "underlyingSymbol": null, "shortName": "MAHINDRA LIFESPACE", "longName": "Mahindra Lifespace Developers Limited", "currency": "INR", "quoteSourceName": "Delayed Quote", "currencySymbol": "\u20b9", "fromCurrency": null, "lastMarket": null, "marketCap": 25512194048}, "balanceSheetHistory": {"balanceSheetStatements": [{"maxAge": 1, "endDate": "2020-03-31", "cash": 924738000, "shortTermInvestments": 193250000, "netReceivables": 3269314000, "inventory": 12042603000, "otherCurrentAssets": 1441619000, "totalCurrentAssets": 18058849000, "longTermInvestments": 5481907000, "propertyPlantEquipment": 232462000, "goodWill": 660447000, "intangibleAssets": 1791000, "otherAssets": 981478000, "totalAssets": 25416934000, "accountsPayable": 1275587000, "shortLongTermDebt": 249921000, "otherCurrentLiab": 4119199000, "longTermDebt": 628853000, "otherLiab": 133423000, "minorityInterest": 419378000, "totalCurrentLiabilities": 7212933000, "totalLiab": 7984826000, "commonStock": 513614000, "retainedEarnings": 4070176000, "treasuryStock": 2177110000, "capitalSurplus": 10251830000, "otherStockholderEquity": 2177110000, "totalStockholderEquity": 17012730000, "netTangibleAssets": 16350492000}, {"maxAge": 1, "endDate": "2019-03-31", "cash": 1345714000, "shortTermInvestments": 1336543000, "netReceivables": 3365681000, "inventory": 13450796000, "otherCurrentAssets": 1852339000, "totalCurrentAssets": 21477794000, "longTermInvestments": 6877242000, "propertyPlantEquipment": 174296000, "goodWill": 660447000, "intangibleAssets": 3218000, "otherAssets": 742945000, "totalAssets": 29935942000, "accountsPayable": 1880471000, "shortLongTermDebt": 249925000, "otherCurrentLiab": 5678848000, "longTermDebt": 325986000, "otherLiab": 218148000, "minorityInterest": 435110000, "totalCurrentLiabilities": 9661275000, "totalLiab": 10205409000, "commonStock": 513491000, "retainedEarnings": 6279576000, "treasuryStock": 2255598000, "capitalSurplus": 10246758000, "otherStockholderEquity": 2255598000, "totalStockholderEquity": 19295423000, "netTangibleAssets": 18631758000}, {"maxAge": 1, "endDate": "2018-03-31", "cash": 497850000, "shortTermInvestments": 519814000, "netReceivables": 6782258000, "inventory": 9124150000, "otherCurrentAssets": 2002216000, "totalCurrentAssets": 21133201000, "longTermInvestments": 7092092000, "propertyPlantEquipment": 161118000, "goodWill": 660447000, "intangibleAssets": 4654000, "otherAssets": 928288000, "totalAssets": 29979800000, "accountsPayable": 1942852000, "shortLongTermDebt": 2249922000, "otherCurrentLiab": 1637457000, "longTermDebt": 575797000, "otherLiab": 478741000, "minorityInterest": 445474000, "totalCurrentLiabilities": 7891311000, "totalLiab": 8945849000, "commonStock": 513281000, "retainedEarnings": 6724593000, "treasuryStock": 3111544000, "capitalSurplus": 10239059000, "otherStockholderEquity": 3111544000, "totalStockholderEquity": 20588477000, "netTangibleAssets": 19923376000}, {"maxAge": 1, "endDate": "2017-03-31", "cash": 750803000, "shortTermInvestments": 107033000, "netReceivables": 6114243000, "inventory": 11712297000, "otherCurrentAssets": 573560000, "totalCurrentAssets": 20752424000, "longTermInvestments": 5970056000, "propertyPlantEquipment": 179228000, "goodWill": 660447000, "intangibleAssets": 6009000, "otherAssets": 1294485000, "totalAssets": 28862649000, "accountsPayable": 2033902000, "shortLongTermDebt": 1750000000, "otherCurrentLiab": 1486141000, "longTermDebt": 2747826000, "otherLiab": 950673000, "minorityInterest": 434946000, "totalCurrentLiabilities": 7733498000, "totalLiab": 11431997000, "commonStock": 410536000, "retainedEarnings": 6128942000, "treasuryStock": 3053422000, "capitalSurplus": 7402806000, "otherStockholderEquity": 3053422000, "totalStockholderEquity": 16995706000, "netTangibleAssets": 16329250000}], "maxAge": 86400}, "earningsTrend": {"trend": [{"maxAge": 1, "period": "0q", "endDate": null, "growth": {}, "earningsEstimate": {"avg": 0.0, "low": 0.0, "high": 0.0, "yearAgoEps": {}, "numberOfAnalysts": 0, "growth": {}}, "revenueEstimate": {"avg": 0, "low": 0, "high": 0, "numberOfAnalysts": 0, "yearAgoRevenue": {}, "growth": {}}, "epsTrend": {"current": 0.0, "7daysAgo": 0.0, "30daysAgo": 0.0, "60daysAgo": 0.0, "90daysAgo": 0.0}, "epsRevisions": {"upLast7days": 0, "upLast30days": 0, "downLast30days": 0, "downLast90days": {}}}, {"maxAge": 1, "period": "+1q", "endDate": null, "growth": {}, "earningsEstimate": {"avg": 0.0, "low": 0.0, "high": 0.0, "yearAgoEps": {}, "numberOfAnalysts": 0, "growth": {}}, "revenueEstimate": {"avg": 0, "low": 0, "high": 0, "numberOfAnalysts": 0, "yearAgoRevenue": {}, "growth": {}}, "epsTrend": {"current": 0.0, "7daysAgo": 0.0, "30daysAgo": 0.0, "60daysAgo": 0.0, "90daysAgo": 0.0}, "epsRevisions": {"upLast7days": 0, "upLast30days": 0, "downLast30days": 0, "downLast90days": {}}}, {"maxAge": 1, "period": "0y", "endDate": null, "growth": {}, "earningsEstimate": {"avg": 0.0, "low": 0.0, "high": 0.0, "yearAgoEps": {}, "numberOfAnalysts": 0, "growth": {}}, "revenueEstimate": {"avg": 0, "low": 0, "high": 0, "numberOfAnalysts": 0, "yearAgoRevenue": {}, "growth": {}}, "epsTrend": {"current": 0.0, "7daysAgo": 0.0, "30daysAgo": 0.0, "60daysAgo": 0.0, "90daysAgo": 0.0}, "epsRevisions": {"upLast7days": 0, "upLast30days": 0, "downLast30days": 0, "downLast90days": {}}}, {"maxAge": 1, "period": "+1y", "endDate": null, "growth": {}, "earningsEstimate": {"avg": 0.0, "low": 0.0, "high": 0.0, "yearAgoEps": {}, "numberOfAnalysts": 0, "growth": {}}, "revenueEstimate": {"avg": 0, "low": 0, "high": 0, "numberOfAnalysts": 0, "yearAgoRevenue": {}, "growth": {}}, "epsTrend": {"current": 0.0, "7daysAgo": 0.0, "30daysAgo": 0.0, "60daysAgo": 0.0, "90daysAgo": 0.0}, "epsRevisions": {"upLast7days": 0, "upLast30days": 0, "downLast30days": 0, "downLast90days": {}}}, {"maxAge": 1, "period": "+5y", "endDate": null, "growth": 0.35799998, "earningsEstimate": {"avg": {}, "low": {}, "high": {}, "yearAgoEps": {}, "numberOfAnalysts": {}, "growth": {}}, "revenueEstimate": {"avg": {}, "low": {}, "high": {}, "numberOfAnalysts": {}, "yearAgoRevenue": {}, "growth": {}}, "epsTrend": {"current": {}, "7daysAgo": {}, "30daysAgo": {}, "60daysAgo": {}, "90daysAgo": {}}, "epsRevisions": {"upLast7days": {}, "upLast30days": {}, "downLast30days": {}, "downLast90days": {}}}, {"maxAge": 1, "period": "-5y", "endDate": null, "growth": -0.02177, "earningsEstimate": {"avg": {}, "low": {}, "high": {}, "yearAgoEps": {}, "numberOfAnalysts": {}, "growth": {}}, "revenueEstimate": {"avg": {}, "low": {}, "high": {}, "numberOfAnalysts": {}, "yearAgoRevenue": {}, "growth": {}}, "epsTrend": {"current": {}, "7daysAgo": {}, "30daysAgo": {}, "60daysAgo": {}, "90daysAgo": {}}, "epsRevisions": {"upLast7days": {}, "upLast30days": {}, "downLast30days": {}, "downLast90days": {}}}], "maxAge": 1}, "institutionOwnership": {"ownershipList": [], "maxAge": 1}, "majorHoldersBreakdown": {"maxAge": 1, "insidersPercentHeld": 0.51815, "institutionsPercentHeld": 0.31152, "institutionsFloatPercentHeld": 0.6465, "institutionsCount": 13}, "balanceSheetHistoryQuarterly": {"balanceSheetStatements": [{"maxAge": 1, "endDate": "2020-12-31", "totalStockholderEquity": 16680000000, "netTangibleAssets": 16018500000}, {"maxAge": 1, "endDate": "2020-09-30", "cash": 1465900000, "shortTermInvestments": 400000, "netReceivables": 3341000000, "inventory": 12268700000, "otherCurrentAssets": 1464700000, "totalCurrentAssets": 18540700000, "longTermInvestments": 5529700000, "propertyPlantEquipment": 196800000, "goodWill": 660400000, "intangibleAssets": 1100000, "otherAssets": 992600000, "totalAssets": 25921300000, "accountsPayable": 1020400000, "otherCurrentLiab": 4616400000, "longTermDebt": 1078900000, "otherLiab": 89200000, "minorityInterest": 417100000, "totalCurrentLiabilities": 7656000000, "totalLiab": 8824200000, "commonStock": 513700000, "treasuryStock": 16166300000, "otherStockholderEquity": 16166300000, "totalStockholderEquity": 16680000000, "netTangibleAssets": 16018500000}, {"maxAge": 1, "endDate": "2020-06-30", "totalStockholderEquity": 17012700000, "netTangibleAssets": 16350500000}, {"maxAge": 1, "endDate": "2020-03-31", "cash": 924738000, "shortTermInvestments": 193250000, "netReceivables": 3269314000, "inventory": 12042603000, "otherCurrentAssets": 1441619000, "totalCurrentAssets": 18058849000, "longTermInvestments": 5481907000, "propertyPlantEquipment": 232462000, "goodWill": 660447000, "intangibleAssets": 1791000, "otherAssets": 981478000, "totalAssets": 25416934000, "accountsPayable": 1275587000, "shortLongTermDebt": 249921000, "otherCurrentLiab": 4119199000, "longTermDebt": 628853000, "otherLiab": 133423000, "minorityInterest": 419378000, "totalCurrentLiabilities": 7212933000, "totalLiab": 7984826000, "commonStock": 513614000, "retainedEarnings": 4070176000, "treasuryStock": 2177110000, "capitalSurplus": 10251830000, "otherStockholderEquity": 2177110000, "totalStockholderEquity": 17012730000, "netTangibleAssets": 16350492000}], "maxAge": 86400}, "earningsHistory": {"history": [{"maxAge": 1, "epsActual": {}, "epsEstimate": {}, "epsDifference": {}, "surprisePercent": {}, "quarter": {}, "period": "-4q"}, {"maxAge": 1, "epsActual": {}, "epsEstimate": {}, "epsDifference": {}, "surprisePercent": {}, "quarter": {}, "period": "-3q"}, {"maxAge": 1, "epsActual": {}, "epsEstimate": {}, "epsDifference": {}, "surprisePercent": {}, "quarter": {}, "period": "-2q"}, {"maxAge": 1, "epsActual": {}, "epsEstimate": {}, "epsDifference": {}, "surprisePercent": {}, "quarter": {}, "period": "-1q"}], "maxAge": 86400}, "summaryProfile": {"address1": "Mahindra Towers", "address2": "5th Floor Dr. G. M. Bhosale Marg Worli", "city": "Mumbai", "zip": "400018", "country": "India", "phone": "91 22 6747 8600", "fax": "91 22 2497 5084", "website": "http://www.mahindralifespaces.com", "industry": "Real Estate\u2014Development", "sector": "Real Estate", "longBusinessSummary": "Mahindra Lifespace Developers Limited, together with its subsidiaries, operates as a real estate development company in India. It operates through Projects, Project Management & Development; and Operating of Commercial Complexes segments. The Projects, Project Management & Development segment sells residential units. The Operating of Commercial Complexes segment rents commercial properties. The company engages in the development of residential projects under the Mahindra Lifespaces and Happinest brands; integrated cities and industrial clusters under the Mahindra World City and Origins by Mahindra World City brands; and infrastructure projects and multi product special economic zones, as well as operates and maintains water collection, treatment, and distribution facilities. The company was founded in 1994 and is based in Mumbai, India. Mahindra Lifespace Developers Limited is a subsidiary of Mahindra & Mahindra Limited.", "fullTimeEmployees": 415, "companyOfficers": [], "maxAge": 86400}, "netSharePurchaseActivity": {"maxAge": 1, "period": "6m", "buyInfoCount": 0, "buyInfoShares": 0, "sellInfoCount": 0, "netInfoCount": 0, "netInfoShares": 0, "netPercentInsiderShares": 0.0, "totalInsiderShares": 26596782}, "insiderTransactions": {"transactions": [{"maxAge": 1, "shares": 6000, "value": 16088, "filerUrl": "", "transactionText": "Acquisition at price 2.68 per share.", "filerName": "Srivastava (Sanjay)", "filerRelation": "UNREPORTED", "moneyText": "", "startDate": "2020-07-30", "ownership": "D"}, {"maxAge": 1, "shares": 4000, "filerUrl": "", "transactionText": "", "filerName": "Cutinha (John Lancelot)", "filerRelation": "UNREPORTED", "moneyText": "", "startDate": "2018-09-28", "ownership": "D"}, {"maxAge": 1, "shares": 6342, "filerUrl": "", "transactionText": "", "filerName": "Haribhakti (Shailesh V)", "filerRelation": "UNREPORTED", "moneyText": "", "startDate": "2018-05-11", "ownership": "D"}, {"maxAge": 1, "shares": 0, "filerUrl": "", "transactionText": "", "filerName": "Hebalkar (Prakash)", "filerRelation": "Director (Non-Executive)", "moneyText": "", "startDate": "2014-10-20", "ownership": "I"}, {"maxAge": 1, "shares": 0, "filerUrl": "", "transactionText": "", "filerName": "Kulkarni (Suhas)", "filerRelation": "Company Secretary", "moneyText": "", "startDate": "2014-10-17", "ownership": "I"}, {"maxAge": 1, "shares": 2500, "filerUrl": "", "transactionText": "", "filerName": "Hebalkar (Prakash)", "filerRelation": "Director (Non-Executive)", "moneyText": "", "startDate": "2014-10-17", "ownership": "D"}, {"maxAge": 1, "shares": 800, "filerUrl": "", "transactionText": "", "filerName": "Kulkarni (Suhas)", "filerRelation": "Company Secretary", "moneyText": "", "startDate": "2014-10-17", "ownership": "D"}, {"maxAge": 1, "shares": 8686, "filerUrl": "", "transactionText": "", "filerName": "Nanda (Arun)", "filerRelation": "Non Executive Chairman", "moneyText": "", "startDate": "2014-06-30", "ownership": "D"}, {"maxAge": 1, "shares": 3314, "filerUrl": "", "transactionText": "", "filerName": "Nanda (Arun)", "filerRelation": "Non Executive Chairman", "moneyText": "", "startDate": "2014-06-27", "ownership": "D"}, {"maxAge": 1, "shares": 18149, "filerUrl": "", "transactionText": "", "filerName": "Nanda (Arun)", "filerRelation": "Non Executive Chairman", "moneyText": "", "startDate": "2014-06-26", "ownership": "D"}, {"maxAge": 1, "shares": 8775, "filerUrl": "", "transactionText": "", "filerName": "Nanda (Arun)", "filerRelation": "Non Executive Chairman", "moneyText": "", "startDate": "2014-06-25", "ownership": "D"}, {"maxAge": 1, "shares": 5000, "filerUrl": "", "transactionText": "", "filerName": "Haribhakti (Shailesh V)", "filerRelation": "Director (Non-Executive)", "moneyText": "", "startDate": "2014-06-23", "ownership": "D"}, {"maxAge": 1, "shares": 130000, "filerUrl": "", "transactionText": "", "filerName": "Nanda (Arun)", "filerRelation": "Non Executive Chairman", "moneyText": "", "startDate": "2014-06-23", "ownership": "D"}, {"maxAge": 1, "shares": 10053, "filerUrl": "", "transactionText": "", "filerName": "Nanda (Arun)", "filerRelation": "Non Executive Chairman", "moneyText": "", "startDate": "2014-06-20", "ownership": "D"}, {"maxAge": 1, "shares": 11023, "filerUrl": "", "transactionText": "", "filerName": "Nanda (Arun)", "filerRelation": "Non Executive Chairman", "moneyText": "", "startDate": "2014-06-19", "ownership": "D"}, {"maxAge": 1, "shares": 2500, "filerUrl": "", "transactionText": "", "filerName": "Phadke (Uday Y)", "filerRelation": "Director (Non-Executive)", "moneyText": "", "startDate": "2014-06-09", "ownership": "D"}, {"maxAge": 1, "shares": 800, "filerUrl": "", "transactionText": "", "filerName": "Kulkarni (Suhas)", "filerRelation": "Company Secretary", "moneyText": "", "startDate": "2014-03-26", "ownership": "D"}, {"maxAge": 1, "shares": 2000, "filerUrl": "", "transactionText": "", "filerName": "Arjundas (Anita)", "filerRelation": "Managing Director", "moneyText": "", "startDate": "2014-03-26", "ownership": "D"}, {"maxAge": 1, "shares": 2500, "filerUrl": "", "transactionText": "", "filerName": "Hebalkar (Prakash)", "filerRelation": "Director", "moneyText": "", "startDate": "2014-01-24", "ownership": "D"}, {"maxAge": 1, "shares": 2434599, "filerUrl": "", "transactionText": "", "filerName": "Amansa Investments Ltd", "filerRelation": "Institution- Corporation", "moneyText": "", "startDate": "2012-12-20", "ownership": "D"}, {"maxAge": 1, "shares": 2434599, "filerUrl": "", "transactionText": "", "filerName": "Amansa Holding Pvt Ltd", "filerRelation": "Institution- Corporation", "moneyText": "", "startDate": "2012-12-20", "ownership": "D"}, {"maxAge": 1, "shares": 42595, "filerUrl": "", "transactionText": "", "filerName": "National Westminster Bank Plc As Depositary Of First State A", "filerRelation": "Institution- Corporation", "moneyText": "", "startDate": "2012-08-28", "ownership": "D"}, {"maxAge": 1, "shares": 265661, "filerUrl": "", "transactionText": "", "filerName": "HSBC Global Investment Funds A/C HSBC Global Investment Fund", "filerRelation": "Investment Management Company", "moneyText": "", "startDate": "2012-02-23", "ownership": "D"}, {"maxAge": 1, "shares": 1144, "filerUrl": "", "transactionText": "", "filerName": "Haribhakti (Shailesh V)", "filerRelation": "Director (Non-Executive)", "moneyText": "", "startDate": "2011-06-21", "ownership": "D"}, {"maxAge": 1, "shares": 3172, "filerUrl": "", "transactionText": "", "filerName": "Haribhakti (Shailesh V)", "filerRelation": "Director (Non-Executive)", "moneyText": "", "startDate": "2011-06-20", "ownership": "D"}, {"maxAge": 1, "shares": 784, "filerUrl": "", "transactionText": "", "filerName": "Haribhakti (Shailesh V)", "filerRelation": "Director (Non-Executive)", "moneyText": "", "startDate": "2011-06-17", "ownership": "D"}, {"maxAge": 1, "shares": 8000, "filerUrl": "", "transactionText": "", "filerName": "Nanda (Arun)", "filerRelation": "Chairman of the Board", "moneyText": "", "startDate": "2011-02-22", "ownership": "D"}, {"maxAge": 1, "shares": 1999, "filerUrl": "", "transactionText": "", "filerName": "Nanda (Arun)", "filerRelation": "Chairman of the Board", "moneyText": "", "startDate": "2011-02-21", "ownership": "D"}, {"maxAge": 1, "shares": 5000, "filerUrl": "", "transactionText": "", "filerName": "Nanda (Arun)", "filerRelation": "Chairman of the Board", "moneyText": "", "startDate": "2011-02-18", "ownership": "D"}, {"maxAge": 1, "shares": 157, "filerUrl": "", "transactionText": "", "filerName": "Nanda (Arun)", "filerRelation": "Chairman of the Board", "moneyText": "", "startDate": "2011-02-17", "ownership": "D"}, {"maxAge": 1, "shares": 2458, "filerUrl": "", "transactionText": "", "filerName": "Nanda (Arun)", "filerRelation": "Chairman of the Board", "moneyText": "", "startDate": "2011-02-16", "ownership": "D"}, {"maxAge": 1, "shares": 468183, "filerUrl": "", "transactionText": "", "filerName": "Smallcap World Fund, Inc.", "filerRelation": "Investment Advisor", "moneyText": "", "startDate": "2011-01-24", "ownership": "D"}, {"maxAge": 1, "shares": 1000, "filerUrl": "", "transactionText": "", "filerName": "Arjundas (Anita)", "filerRelation": "Managing Director", "moneyText": "", "startDate": "2010-09-08", "ownership": "D"}, {"maxAge": 1, "shares": 2500, "filerUrl": "", "transactionText": "", "filerName": "Phadke (Uday Y)", "filerRelation": "Director", "moneyText": "", "startDate": "2010-05-07", "ownership": "D"}, {"maxAge": 1, "shares": 5000, "filerUrl": "", "transactionText": "", "filerName": "Haribhakti (Shailesh V)", "filerRelation": "Director (Non-Executive)", "moneyText": "", "startDate": "2010-05-07", "ownership": "D"}], "maxAge": 1}, "sectorTrend": {"maxAge": 1, "symbol": null, "estimates": []}, "incomeStatementHistoryQuarterly": {"incomeStatementHistory": [{"maxAge": 1, "endDate": "2020-12-31", "totalRevenue": 651600000, "costOfRevenue": 477900000, "grossProfit": 173700000, "researchDevelopment": {}, "sellingGeneralAdministrative": 195000000, "nonRecurring": {}, "otherOperatingExpenses": 163300000, "totalOperatingExpenses": 853300000, "operatingIncome": -201700000, "totalOtherIncomeExpenseNet": 124400000, "ebit": -201700000, "interestExpense": -31700000, "incomeBeforeTax": -77300000, "incomeTaxExpense": 19500000, "minorityInterest": {}, "netIncomeFromContinuingOps": -96800000, "discontinuedOperations": {}, "extraordinaryItems": {}, "effectOfAccountingCharges": {}, "otherItems": {}, "netIncome": -111900000, "netIncomeApplicableToCommonShares": -111900000}, {"maxAge": 1, "endDate": "2020-09-30", "totalRevenue": 307800000, "costOfRevenue": 192200000, "grossProfit": 115600000, "researchDevelopment": {}, "sellingGeneralAdministrative": 162700000, "nonRecurring": {}, "otherOperatingExpenses": 132500000, "totalOperatingExpenses": 505100000, "operatingIncome": -197300000, "totalOtherIncomeExpenseNet": 80200000, "ebit": -197300000, "interestExpense": -22900000, "incomeBeforeTax": -117100000, "incomeTaxExpense": 17700000, "minorityInterest": 417100000, "netIncomeFromContinuingOps": -134800000, "discontinuedOperations": {}, "extraordinaryItems": {}, "effectOfAccountingCharges": {}, "otherItems": {}, "netIncome": -133300000, "netIncomeApplicableToCommonShares": -133300000}, {"maxAge": 1, "endDate": "2020-06-30", "totalRevenue": 143200000, "costOfRevenue": 58400000, "grossProfit": 84800000, "researchDevelopment": {}, "sellingGeneralAdministrative": 198600000, "nonRecurring": {}, "otherOperatingExpenses": 86100000, "totalOperatingExpenses": 361400000, "operatingIncome": -218200000, "totalOtherIncomeExpenseNet": -29000000, "ebit": -218200000, "interestExpense": -36500000, "incomeBeforeTax": -247200000, "incomeTaxExpense": -42200000, "minorityInterest": 417100000, "netIncomeFromContinuingOps": -205000000, "discontinuedOperations": {}, "extraordinaryItems": {}, "effectOfAccountingCharges": {}, "otherItems": {}, "netIncome": -199800000, "netIncomeApplicableToCommonShares": -199800000}, {"maxAge": 1, "endDate": "2020-03-31", "totalRevenue": 1014157000, "costOfRevenue": 1044058000, "grossProfit": -29901000, "researchDevelopment": {}, "sellingGeneralAdministrative": 497424000, "nonRecurring": {}, "otherOperatingExpenses": -13143000, "totalOperatingExpenses": 1547109000, "operatingIncome": -532952000, "totalOtherIncomeExpenseNet": -1761596000, "ebit": -532952000, "interestExpense": -36500000, "incomeBeforeTax": -2294548000, "incomeTaxExpense": -47649000, "minorityInterest": 419378000, "netIncomeFromContinuingOps": -2246899000, "discontinuedOperations": {}, "extraordinaryItems": {}, "effectOfAccountingCharges": {}, "otherItems": {}, "netIncome": -2239017000, "netIncomeApplicableToCommonShares": -2239017000}], "maxAge": 86400}, "cashflowStatementHistoryQuarterly": {"cashflowStatements": [{"maxAge": 1, "endDate": "2020-12-31", "netIncome": -111900000, "changeToLiabilities": 0}, {"maxAge": 1, "endDate": "2020-09-30", "netIncome": -133300000, "changeToLiabilities": 0}, {"maxAge": 1, "endDate": "2020-06-30", "netIncome": -199800000, "changeToLiabilities": 0}, {"maxAge": 1, "endDate": "2020-03-31", "netIncome": -2239017000, "changeToLiabilities": 0}], "maxAge": 86400}, "earnings": {"maxAge": 86400, "earningsChart": {"quarterly": [], "earningsDate": []}, "financialsChart": {"yearly": [{"date": 2017, "revenue": 7621477000, "earnings": 1022371000}, {"date": 2018, "revenue": 5661906000, "earnings": 1010049000}, {"date": 2019, "revenue": 5928300000, "earnings": 1197052000}, {"date": 2020, "revenue": 6109357000, "earnings": -1934117000}], "quarterly": [{"date": "1Q2020", "revenue": 1014157000, "earnings": -2239017000}, {"date": "2Q2020", "revenue": 143200000, "earnings": -199800000}, {"date": "3Q2020", "revenue": 307800000, "earnings": -133300000}, {"date": "4Q2020", "revenue": 651600000, "earnings": -111900000}]}, "financialCurrency": "INR"}, "financialData": {"maxAge": 86400, "currentPrice": 499.85, "targetHighPrice": 570.0, "targetLowPrice": 516.0, "targetMeanPrice": 543.0, "targetMedianPrice": 543.0, "recommendationMean": 2.0, "recommendationKey": "buy", "numberOfAnalystOpinions": 2, "totalCash": 1466300032, "totalCashPerShare": 28.566, "ebitda": -1125244800, "totalDebt": 3098200064, "totalRevenue": 2116756992, "debtToEquity": 18.121, "revenuePerShare": 41.183, "grossProfits": 1169699000, "revenueGrowth": -0.173, "grossMargins": 0.16261, "ebitdaMargins": -0.53159, "operatingMargins": -0.54336, "profitMargins": -1.26799, "financialCurrency": "INR"}}}