{"MAHSCOOTER.BO": {"recommendationTrend": {"trend": [{"period": "0m", "strongBuy": 0, "buy": 0, "hold": 0, "sell": 0, "strongSell": 0}, {"period": "-1m", "strongBuy": 0, "buy": 0, "hold": 0, "sell": 0, "strongSell": 0}, {"period": "-2m", "strongBuy": 0, "buy": 0, "hold": 0, "sell": 0, "strongSell": 0}, {"period": "-3m", "strongBuy": 0, "buy": 0, "hold": 0, "sell": 0, "strongSell": 0}], "maxAge": 86400}, "cashflowStatementHistory": {"cashflowStatements": [{"maxAge": 1, "endDate": "2020-03-31", "netIncome": 1799427000, "depreciation": 18149000, "changeToNetincome": -1830134000, "changeToAccountReceivables": -9690000, "changeToLiabilities": 0, "changeToInventory": -18465000, "changeToOperatingActivities": -29423000, "totalCashFromOperatingActivities": -70136000, "capitalExpenditures": -25096000, "investments": 80930000, "otherCashflowsFromInvestingActivities": 1890664000, "totalCashflowsFromInvestingActivities": 1946930000, "dividendsPaid": -934185000, "otherCashflowsFromFinancingActivities": -194982000, "totalCashFromFinancingActivities": -1129167000, "changeInCash": 747627000}, {"maxAge": 1, "endDate": "2019-03-31", "netIncome": 728002000, "depreciation": 15515000, "changeToNetincome": -772728000, "changeToAccountReceivables": -2837000, "changeToLiabilities": 0, "changeToInventory": -3072000, "changeToOperatingActivities": 41643000, "totalCashFromOperatingActivities": 6523000, "capitalExpenditures": -39391000, "investments": -228508000, "otherCashflowsFromInvestingActivities": 702899000, "totalCashflowsFromInvestingActivities": 445957000, "dividendsPaid": -375497000, "otherCashflowsFromFinancingActivities": -77523000, "totalCashFromFinancingActivities": -453020000, "changeInCash": -540000}, {"maxAge": 1, "endDate": "2018-03-31", "netIncome": 607577000, "depreciation": 7458000, "changeToNetincome": -704030000, "changeToAccountReceivables": -12390000, "changeToLiabilities": 0, "changeToInventory": -191000, "changeToOperatingActivities": 108320000, "totalCashFromOperatingActivities": 6744000, "capitalExpenditures": -66147000, "investments": -194009000, "otherCashflowsFromInvestingActivities": 651057000, "totalCashflowsFromInvestingActivities": 401278000, "dividendsPaid": -335826000, "otherCashflowsFromFinancingActivities": -69798000, "totalCashFromFinancingActivities": -405624000, "changeInCash": 2398000}, {"maxAge": 1, "endDate": "2017-03-31", "netIncome": 130674000, "depreciation": 5532000, "changeToNetincome": -221811000, "changeToAccountReceivables": 2353000, "changeToLiabilities": 0, "changeToInventory": -6505000, "changeToOperatingActivities": -242700000, "totalCashFromOperatingActivities": -332457000, "capitalExpenditures": -4534000, "investments": 187643000, "otherCashflowsFromInvestingActivities": 167668000, "totalCashflowsFromInvestingActivities": 350990000, "dividendsPaid": -16603000, "otherCashflowsFromFinancingActivities": -69798000, "totalCashFromFinancingActivities": -16603000, "changeInCash": 1930000}], "maxAge": 86400}, "institutionOwnership": {"ownershipList": [], "maxAge": 1}, "balanceSheetHistoryQuarterly": {"balanceSheetStatements": [{"maxAge": 1, "endDate": "2020-09-30", "cash": 564300000, "shortTermInvestments": 871300000, "netReceivables": 13800000, "inventory": 50900000, "otherCurrentAssets": 7000000, "totalCurrentAssets": 1507300000, "longTermInvestments": 113063600000, "propertyPlantEquipment": 143400000, "otherAssets": 3000000, "totalAssets": 114717300000, "accountsPayable": 16900000, "otherCurrentLiab": 111400000, "otherLiab": 4013200000, "totalCurrentLiabilities": 128300000, "totalLiab": 4141500000, "commonStock": 114300000, "treasuryStock": 110461500000, "otherStockholderEquity": 110461500000, "totalStockholderEquity": 110575800000, "netTangibleAssets": 110575800000}, {"maxAge": 1, "endDate": "2020-06-30", "totalStockholderEquity": 82107745000, "netTangibleAssets": 82107745000}, {"maxAge": 1, "endDate": "2020-03-31", "cash": 751596000, "shortTermInvestments": 1011275000, "netReceivables": 108705000, "inventory": 33564000, "otherCurrentAssets": 60685000, "totalCurrentAssets": 1965825000, "longTermInvestments": 79797056000, "propertyPlantEquipment": 153304000, "otherAssets": 341624000, "deferredLongTermAssetCharges": 331701000, "totalAssets": 82257809000, "accountsPayable": 10638000, "otherCurrentLiab": 62604000, "otherLiab": 28937000, "totalCurrentLiabilities": 121127000, "totalLiab": 150064000, "commonStock": 114286000, "retainedEarnings": 4256176000, "treasuryStock": 77737283000, "otherStockholderEquity": 77737283000, "totalStockholderEquity": 82107745000, "netTangibleAssets": 82107745000}, {"maxAge": 1, "endDate": "2019-12-31", "totalStockholderEquity": 136171800000, "netTangibleAssets": 136171800000}], "maxAge": 86400}, "earningsHistory": {"history": [{"maxAge": 1, "epsActual": {}, "epsEstimate": {}, "epsDifference": {}, "surprisePercent": {}, "quarter": {}, "period": "-4q"}, {"maxAge": 1, "epsActual": {}, "epsEstimate": {}, "epsDifference": {}, "surprisePercent": {}, "quarter": {}, "period": "-3q"}, {"maxAge": 1, "epsActual": {}, "epsEstimate": {}, "epsDifference": {}, "surprisePercent": {}, "quarter": {}, "period": "-2q"}, {"maxAge": 1, "epsActual": 56.51, "epsEstimate": 5.04, "epsDifference": 51.47, "surprisePercent": 10.212, "quarter": "2018-09-30", "period": "-1q"}], "maxAge": 86400}, "indexTrend": {"maxAge": 1, "symbol": "SP5", "peRatio": 19.7411, "pegRatio": 1.34172, "estimates": [{"period": "0q", "growth": 0.549}, {"period": "+1q", "growth": 0.431}, {"period": "0y", "growth": 0.305}, {"period": "+1y", "growth": 0.109}, {"period": "+5y", "growth": 0.120865}, {"period": "-5y"}]}, "industryTrend": {"maxAge": 1, "symbol": null, "estimates": []}, "quoteType": {"exchange": "BSE", "quoteType": "EQUITY", "symbol": "MAHSCOOTER.BO", "underlyingSymbol": "MAHSCOOTER.BO", "shortName": "MAHARASHTRA SCOOTERS LTD.", "longName": "Maharashtra Scooters Limited", "firstTradeDateEpochUtc": "2000-01-03 09:15:00", "timeZoneFullName": "Asia/Kolkata", "timeZoneShortName": "IST", "uuid": "b2054eec-c88f-3223-858c-8a21376b2425", "gmtOffSetMilliseconds": 19800000, "maxAge": 1}, "incomeStatementHistory": {"incomeStatementHistory": [{"maxAge": 1, "endDate": "2020-03-31", "totalRevenue": 2136628000, "costOfRevenue": 81442000, "grossProfit": 2055186000, "researchDevelopment": {}, "sellingGeneralAdministrative": 86452000, "nonRecurring": {}, "otherOperatingExpenses": 32450000, "totalOperatingExpenses": 218493000, "operatingIncome": 1918135000, "totalOtherIncomeExpenseNet": -139000, "ebit": 1918135000, "interestExpense": {}, "incomeBeforeTax": 1917996000, "incomeTaxExpense": 118569000, "minorityInterest": {}, "netIncomeFromContinuingOps": 1799427000, "discontinuedOperations": {}, "extraordinaryItems": {}, "effectOfAccountingCharges": {}, "otherItems": {}, "netIncome": 1799427000, "netIncomeApplicableToCommonShares": 1799427000}, {"maxAge": 1, "endDate": "2019-03-31", "totalRevenue": 950442000, "costOfRevenue": 83800000, "grossProfit": 866642000, "researchDevelopment": {}, "sellingGeneralAdministrative": 81036000, "nonRecurring": {}, "otherOperatingExpenses": 34853000, "totalOperatingExpenses": 215204000, "operatingIncome": 735238000, "totalOtherIncomeExpenseNet": 8748000, "ebit": 735238000, "interestExpense": {}, "incomeBeforeTax": 743986000, "incomeTaxExpense": 15984000, "minorityInterest": {}, "netIncomeFromContinuingOps": 728002000, "discontinuedOperations": {}, "extraordinaryItems": {}, "effectOfAccountingCharges": {}, "otherItems": {}, "netIncome": 728002000, "netIncomeApplicableToCommonShares": 728002000}, {"maxAge": 1, "endDate": "2018-03-31", "totalRevenue": 813161000, "costOfRevenue": 95223000, "grossProfit": 717938000, "researchDevelopment": {}, "sellingGeneralAdministrative": 82078000, "nonRecurring": {}, "otherOperatingExpenses": 21421000, "totalOperatingExpenses": 206180000, "operatingIncome": 606981000, "totalOtherIncomeExpenseNet": 6453000, "ebit": 606981000, "interestExpense": {}, "incomeBeforeTax": 613434000, "incomeTaxExpense": 5857000, "minorityInterest": {}, "netIncomeFromContinuingOps": 607577000, "discontinuedOperations": {}, "extraordinaryItems": {}, "effectOfAccountingCharges": {}, "otherItems": {}, "netIncome": 607577000, "netIncomeApplicableToCommonShares": 607577000}, {"maxAge": 1, "endDate": "2017-03-31", "totalRevenue": 291713000, "costOfRevenue": 47789000, "grossProfit": 243924000, "researchDevelopment": {}, "sellingGeneralAdministrative": 75025000, "nonRecurring": {}, "otherOperatingExpenses": 19932000, "totalOperatingExpenses": 148278000, "operatingIncome": 143435000, "totalOtherIncomeExpenseNet": -45000, "ebit": 143435000, "interestExpense": {}, "incomeBeforeTax": 143390000, "incomeTaxExpense": 12716000, "minorityInterest": {}, "netIncomeFromContinuingOps": 130674000, "discontinuedOperations": {}, "extraordinaryItems": {}, "effectOfAccountingCharges": {}, "otherItems": {}, "netIncome": 130674000, "netIncomeApplicableToCommonShares": 130674000}], "maxAge": 86400}, "fundOwnership": {"ownershipList": [{"maxAge": 1, "reportDate": "2020-07-31", "organization": "DFA Emerging Markets Small Cap Series", "pctHeld": 0.0008, "position": 8849, "value": 26564255}, {"maxAge": 1, "reportDate": "2020-07-31", "organization": "DFA Investment Dimensions-DFA Emerging Mkts Value", "pctHeld": 0.0007, "position": 8085, "value": 24270765}, {"maxAge": 1, "reportDate": "2020-07-31", "organization": "DFA Emerging Markets Core Equity Portfolio", "pctHeld": 0.00059999997, "position": 6499, "value": 19509673}, {"maxAge": 1, "reportDate": "2020-07-31", "organization": "DFA Investment Dimensions-Emerging Markets Social Core Equity", "pctHeld": 0.0002, "position": 1746, "value": 5241404}, {"maxAge": 1, "reportDate": "2020-07-31", "organization": "DFA Investment Dimensions-World Ex U.S. Core Equity Port", "pctHeld": 0.0001, "position": 1426, "value": 4280780}, {"maxAge": 1, "reportDate": "2020-08-31", "organization": "SPDR (R) Idx Shares-SPDR (R) Emerging Markets Small Cap ETF", "pctHeld": 0.0001, "position": 742, "value": 2257646}, {"maxAge": 1, "reportDate": "2020-07-31", "organization": "DFA Emerging Markets Sustainability Core 1 Portfolio", "pctHeld": 0.0001, "position": 592, "value": 1777154}], "maxAge": 1}, "summaryDetail": {"maxAge": 1, "priceHint": 2, "previousClose": 3658.3, "open": 3640.25, "dayLow": 3578.4, "dayHigh": 3665.2, "regularMarketPreviousClose": 3658.3, "regularMarketOpen": 3640.25, "regularMarketDayLow": 3578.4, "regularMarketDayHigh": 3665.2, "trailingPE": 36.56067, "forwardPE": 41.420444, "volume": 174, "regularMarketVolume": 174, "averageVolume": 983, "averageVolume10days": 634, "averageDailyVolume10Day": 634, "bid": 3587.05, "ask": 3597.95, "bidSize": 0, "askSize": 0, "marketCap": 41207529472, "fiftyTwoWeekLow": 1815.0, "fiftyTwoWeekHigh": 4820.0, "fiftyDayAverage": 3730.2349, "twoHundredDayAverage": 3275.1858, "trailingAnnualDividendRate": 0.0, "trailingAnnualDividendYield": 0.0, "currency": "INR", "fromCurrency": null, "lastMarket": null, "algorithm": null, "tradeable": false}, "sectorTrend": {"maxAge": 1, "symbol": null, "estimates": []}, "incomeStatementHistoryQuarterly": {"incomeStatementHistory": [{"maxAge": 1, "endDate": "2020-09-30", "totalRevenue": 60300000, "costOfRevenue": 5000000, "grossProfit": 55300000, "researchDevelopment": {}, "sellingGeneralAdministrative": 18700000, "nonRecurring": {}, "otherOperatingExpenses": 9400000, "totalOperatingExpenses": 37800000, "operatingIncome": 22500000, "totalOtherIncomeExpenseNet": 0, "ebit": 22500000, "interestExpense": {}, "incomeBeforeTax": 22500000, "incomeTaxExpense": 3400000, "minorityInterest": {}, "netIncomeFromContinuingOps": 19100000, "discontinuedOperations": {}, "extraordinaryItems": {}, "effectOfAccountingCharges": {}, "otherItems": {}, "netIncome": 19100000, "netIncomeApplicableToCommonShares": 19100000}, {"maxAge": 1, "endDate": "2020-06-30", "totalRevenue": 53100000, "costOfRevenue": 5200000, "grossProfit": 47900000, "researchDevelopment": {}, "sellingGeneralAdministrative": 21200000, "nonRecurring": {}, "otherOperatingExpenses": 5900000, "totalOperatingExpenses": 37200000, "operatingIncome": 15900000, "totalOtherIncomeExpenseNet": 0, "ebit": 15900000, "interestExpense": {}, "incomeBeforeTax": 15900000, "incomeTaxExpense": 1400000, "minorityInterest": {}, "netIncomeFromContinuingOps": 14500000, "discontinuedOperations": {}, "extraordinaryItems": {}, "effectOfAccountingCharges": {}, "otherItems": {}, "netIncome": 14500000, "netIncomeApplicableToCommonShares": 14500000}, {"maxAge": 1, "endDate": "2020-03-31", "totalRevenue": 1256628000, "costOfRevenue": 37142000, "grossProfit": 1219486000, "researchDevelopment": {}, "sellingGeneralAdministrative": 22352000, "nonRecurring": {}, "otherOperatingExpenses": 6650000, "totalOperatingExpenses": 70993000, "operatingIncome": 1185635000, "totalOtherIncomeExpenseNet": -139000, "ebit": 1185635000, "interestExpense": {}, "incomeBeforeTax": 1185496000, "incomeTaxExpense": 114069000, "minorityInterest": {}, "netIncomeFromContinuingOps": 1071427000, "discontinuedOperations": {}, "extraordinaryItems": {}, "effectOfAccountingCharges": {}, "otherItems": {}, "netIncome": 1071427000, "netIncomeApplicableToCommonShares": 1071427000}, {"maxAge": 1, "endDate": "2019-12-31", "totalRevenue": 88800000, "costOfRevenue": 28300000, "grossProfit": 60500000, "researchDevelopment": {}, "sellingGeneralAdministrative": 22500000, "nonRecurring": {}, "otherOperatingExpenses": 9100000, "totalOperatingExpenses": 64500000, "operatingIncome": 24300000, "totalOtherIncomeExpenseNet": 0, "ebit": 24300000, "interestExpense": {}, "incomeBeforeTax": 24300000, "incomeTaxExpense": 2200000, "minorityInterest": {}, "netIncomeFromContinuingOps": 22100000, "discontinuedOperations": {}, "extraordinaryItems": {}, "effectOfAccountingCharges": {}, "otherItems": {}, "netIncome": 22100000, "netIncomeApplicableToCommonShares": 22100000}], "maxAge": 86400}, "cashflowStatementHistoryQuarterly": {"cashflowStatements": [{"maxAge": 1, "endDate": "2020-09-30", "netIncome": 19100000, "changeToLiabilities": 0}, {"maxAge": 1, "endDate": "2020-06-30", "netIncome": 14500000, "changeToLiabilities": 0}, {"maxAge": 1, "endDate": "2020-03-31", "netIncome": 1071427000, "changeToLiabilities": 0}, {"maxAge": 1, "endDate": "2019-12-31", "netIncome": 22100000, "changeToLiabilities": 0}], "maxAge": 86400}, "insiderHolders": {"holders": [], "maxAge": 1}, "earnings": {"maxAge": 86400, "earningsChart": {"quarterly": [{"date": "3Q2018", "actual": 56.51, "estimate": 5.04}], "currentQuarterEstimateDate": "4Q", "currentQuarterEstimateYear": 2018, "earningsDate": []}, "financialsChart": {"yearly": [{"date": 2017, "revenue": 291713000, "earnings": 130674000}, {"date": 2018, "revenue": 813161000, "earnings": 607577000}, {"date": 2019, "revenue": 950442000, "earnings": 728002000}, {"date": 2020, "revenue": 2136628000, "earnings": 1799427000}], "quarterly": [{"date": "4Q2019", "revenue": 88800000, "earnings": 22100000}, {"date": "1Q2020", "revenue": 1256628000, "earnings": 1071427000}, {"date": "2Q2020", "revenue": 53100000, "earnings": 14500000}, {"date": "3Q2020", "revenue": 60300000, "earnings": 19100000}]}, "financialCurrency": "INR"}, "calendarEvents": {"maxAge": 1, "earnings": {"earningsDate": []}}, "upgradeDowngradeHistory": {"history": [], "maxAge": 86400}, "price": {"maxAge": 1, "regularMarketChangePercent": -0.014391971, "regularMarketChange": -52.650146, "regularMarketTime": "2021-04-30 15:47:39", "priceHint": 2, "regularMarketPrice": 3605.65, "regularMarketDayHigh": 3665.2, "regularMarketDayLow": 3578.4, "regularMarketVolume": 174, "averageDailyVolume10Day": 634, "averageDailyVolume3Month": 983, "regularMarketPreviousClose": 3658.3, "regularMarketSource": "FREE_REALTIME", "regularMarketOpen": 3640.25, "exchange": "BSE", "exchangeName": "BSE", "exchangeDataDelayedBy": 0, "marketState": "CLOSED", "quoteType": "EQUITY", "symbol": "MAHSCOOTER.BO", "underlyingSymbol": null, "shortName": "MAHARASHTRA SCOOTERS LTD.", "longName": "Maharashtra Scooters Limited", "currency": "INR", "quoteSourceName": "Delayed Quote", "currencySymbol": "\u20b9", "fromCurrency": null, "lastMarket": null, "marketCap": 41207529472}, "balanceSheetHistory": {"balanceSheetStatements": [{"maxAge": 1, "endDate": "2020-03-31", "cash": 751596000, "shortTermInvestments": 1011275000, "netReceivables": 108705000, "inventory": 33564000, "otherCurrentAssets": 60685000, "totalCurrentAssets": 1965825000, "longTermInvestments": 79797056000, "propertyPlantEquipment": 153304000, "otherAssets": 341624000, "deferredLongTermAssetCharges": 331701000, "totalAssets": 82257809000, "accountsPayable": 10638000, "otherCurrentLiab": 62604000, "otherLiab": 28937000, "totalCurrentLiabilities": 121127000, "totalLiab": 150064000, "commonStock": 114286000, "retainedEarnings": 4256176000, "treasuryStock": 77737283000, "otherStockholderEquity": 77737283000, "totalStockholderEquity": 82107745000, "netTangibleAssets": 82107745000}, {"maxAge": 1, "endDate": "2019-03-31", "cash": 3969000, "shortTermInvestments": 1595275000, "netReceivables": 87661000, "inventory": 15099000, "otherCurrentAssets": 49263000, "totalCurrentAssets": 1751267000, "longTermInvestments": 115210773000, "propertyPlantEquipment": 146928000, "otherAssets": 31647000, "totalAssets": 117140615000, "accountsPayable": 1670000, "otherCurrentLiab": 52356000, "otherLiab": 3809707000, "totalCurrentLiabilities": 98754000, "totalLiab": 3908461000, "commonStock": 114286000, "retainedEarnings": 3602511000, "treasuryStock": 109515357000, "otherStockholderEquity": 109515357000, "totalStockholderEquity": 113232154000, "netTangibleAssets": 113232154000}, {"maxAge": 1, "endDate": "2018-03-31", "cash": 4509000, "shortTermInvestments": 892051000, "netReceivables": 71950000, "inventory": 12027000, "otherCurrentAssets": 61383000, "totalCurrentAssets": 1041920000, "longTermInvestments": 81155786000, "propertyPlantEquipment": 125261000, "otherAssets": 108089000, "totalAssets": 82431056000, "accountsPayable": 8416000, "otherCurrentLiab": 46894000, "otherLiab": 76501000, "totalCurrentLiabilities": 101856000, "totalLiab": 178357000, "commonStock": 114286000, "retainedEarnings": 3328651000, "treasuryStock": 78809762000, "otherStockholderEquity": 78809762000, "totalStockholderEquity": 82252699000, "netTangibleAssets": 82252699000}, {"maxAge": 1, "endDate": "2017-03-31", "cash": 2111000, "shortTermInvestments": 725533000, "netReceivables": 48481000, "inventory": 11836000, "otherCurrentAssets": 55854000, "totalCurrentAssets": 843815000, "longTermInvestments": 64710935000, "propertyPlantEquipment": 70496000, "otherAssets": 97913000, "totalAssets": 65723159000, "accountsPayable": 4185000, "otherCurrentLiab": 38926000, "otherLiab": 107107000, "totalCurrentLiabilities": 91160000, "totalLiab": 198267000, "commonStock": 114286000, "retainedEarnings": 3132673000, "treasuryStock": 62277933000, "otherStockholderEquity": 62277933000, "totalStockholderEquity": 65524892000, "netTangibleAssets": 65524892000}], "maxAge": 86400}, "earningsTrend": {"trend": [{"maxAge": 1, "period": "0q", "endDate": "2018-12-31", "growth": {}, "earningsEstimate": {"avg": 0.0, "low": 0.0, "high": 0.0, "yearAgoEps": {}, "numberOfAnalysts": 0, "growth": {}}, "revenueEstimate": {"avg": 0, "low": 0, "high": 0, "numberOfAnalysts": 0, "yearAgoRevenue": {}, "growth": {}}, "epsTrend": {"current": 0.0, "7daysAgo": 0.0, "30daysAgo": 0.0, "60daysAgo": 0.0, "90daysAgo": 0.0}, "epsRevisions": {"upLast7days": 0, "upLast30days": 0, "downLast30days": 0, "downLast90days": {}}}, {"maxAge": 1, "period": "+1q", "endDate": "2019-03-31", "growth": {}, "earningsEstimate": {"avg": 0.0, "low": 0.0, "high": 0.0, "yearAgoEps": {}, "numberOfAnalysts": 0, "growth": {}}, "revenueEstimate": {"avg": 0, "low": 0, "high": 0, "numberOfAnalysts": 0, "yearAgoRevenue": {}, "growth": {}}, "epsTrend": {"current": 0.0, "7daysAgo": 0.0, "30daysAgo": 0.0, "60daysAgo": 0.0, "90daysAgo": 0.0}, "epsRevisions": {"upLast7days": 0, "upLast30days": 0, "downLast30days": 0, "downLast90days": {}}}, {"maxAge": 1, "period": "0y", "endDate": "2019-03-31", "growth": {}, "earningsEstimate": {"avg": 0.0, "low": 0.0, "high": 0.0, "yearAgoEps": {}, "numberOfAnalysts": 0, "growth": {}}, "revenueEstimate": {"avg": 1112250000, "low": 1112250000, "high": 1112250000, "numberOfAnalysts": 1, "yearAgoRevenue": {}, "growth": {}}, "epsTrend": {"current": 0.0, "7daysAgo": 68.44, "30daysAgo": 68.44, "60daysAgo": 68.44, "90daysAgo": 68.44}, "epsRevisions": {"upLast7days": 0, "upLast30days": 0, "downLast30days": 0, "downLast90days": {}}}, {"maxAge": 1, "period": "+1y", "endDate": "2020-03-31", "growth": {}, "earningsEstimate": {"avg": 0.0, "low": 0.0, "high": 0.0, "yearAgoEps": {}, "numberOfAnalysts": 0, "growth": {}}, "revenueEstimate": {"avg": 1404300000, "low": 1404300000, "high": 1404300000, "numberOfAnalysts": 1, "yearAgoRevenue": 1112250000, "growth": 0.26299998}, "epsTrend": {"current": 0.0, "7daysAgo": 87.05, "30daysAgo": 87.05, "60daysAgo": 87.05, "90daysAgo": 87.05}, "epsRevisions": {"upLast7days": 0, "upLast30days": 0, "downLast30days": 0, "downLast90days": {}}}, {"maxAge": 1, "period": "+5y", "endDate": null, "growth": {}, "earningsEstimate": {"avg": {}, "low": {}, "high": {}, "yearAgoEps": {}, "numberOfAnalysts": {}, "growth": {}}, "revenueEstimate": {"avg": {}, "low": {}, "high": {}, "numberOfAnalysts": {}, "yearAgoRevenue": {}, "growth": {}}, "epsTrend": {"current": {}, "7daysAgo": {}, "30daysAgo": {}, "60daysAgo": {}, "90daysAgo": {}}, "epsRevisions": {"upLast7days": {}, "upLast30days": {}, "downLast30days": {}, "downLast90days": {}}}, {"maxAge": 1, "period": "-5y", "endDate": null, "growth": {}, "earningsEstimate": {"avg": {}, "low": {}, "high": {}, "yearAgoEps": {}, "numberOfAnalysts": {}, "growth": {}}, "revenueEstimate": {"avg": {}, "low": {}, "high": {}, "numberOfAnalysts": {}, "yearAgoRevenue": {}, "growth": {}}, "epsTrend": {"current": {}, "7daysAgo": {}, "30daysAgo": {}, "60daysAgo": {}, "90daysAgo": {}}, "epsRevisions": {"upLast7days": {}, "upLast30days": {}, "downLast30days": {}, "downLast90days": {}}}], "maxAge": 1}, "financialData": {"maxAge": 86400, "currentPrice": 3605.65, "recommendationKey": "none", "grossProfits": 2055186000, "financialCurrency": "INR"}}}