{"MAINFRA.BO": {"recommendationTrend": {"trend": [{"period": "0m", "strongBuy": 0, "buy": 0, "hold": 0, "sell": 0, "strongSell": 0}, {"period": "-1m", "strongBuy": 0, "buy": 0, "hold": 0, "sell": 0, "strongSell": 0}, {"period": "-2m", "strongBuy": 0, "buy": 0, "hold": 0, "sell": 0, "strongSell": 0}, {"period": "-3m", "strongBuy": 0, "buy": 0, "hold": 0, "sell": 0, "strongSell": 0}], "maxAge": 86400}, "cashflowStatementHistory": {"cashflowStatements": [{"maxAge": 1, "endDate": "2020-03-31", "netIncome": 6390980, "depreciation": 1233222, "changeToNetincome": 980203, "changeToAccountReceivables": 7196005, "changeToLiabilities": 0, "changeToInventory": 31284160, "changeToOperatingActivities": 3398617, "totalCashFromOperatingActivities": 50483187, "capitalExpenditures": -1246073, "investments": -500000, "otherCashflowsFromInvestingActivities": 2963869, "totalCashflowsFromInvestingActivities": 1217796, "netBorrowings": -32638552, "otherCashflowsFromFinancingActivities": -3872850, "totalCashFromFinancingActivities": -36511402, "changeInCash": 15189581}, {"maxAge": 1, "endDate": "2019-03-31", "netIncome": 2792832, "depreciation": 748023, "changeToNetincome": 1484533, "changeToAccountReceivables": -41002067, "changeToLiabilities": 0, "changeToInventory": 72576668, "changeToOperatingActivities": -13348655, "totalCashFromOperatingActivities": 23251334, "capitalExpenditures": -5917126, "investments": -3405329, "otherCashflowsFromInvestingActivities": 2008317, "totalCashflowsFromInvestingActivities": -7314138, "netBorrowings": -10080282, "otherCashflowsFromFinancingActivities": -3728844, "totalCashFromFinancingActivities": -13809126, "changeInCash": 2128071}, {"maxAge": 1, "endDate": "2018-03-31", "netIncome": 5684071, "depreciation": 1115668, "changeToNetincome": 944808, "changeToAccountReceivables": 657857, "changeToLiabilities": 0, "changeToInventory": 17094229, "changeToOperatingActivities": 8056662, "totalCashFromOperatingActivities": 33553295, "capitalExpenditures": -2836267, "investments": 31793, "otherCashflowsFromInvestingActivities": 90665, "totalCashflowsFromInvestingActivities": -2713809, "netBorrowings": -33847431, "otherCashflowsFromFinancingActivities": -1035473, "totalCashFromFinancingActivities": -34882904, "changeInCash": -4043418}, {"maxAge": 1, "endDate": "2017-03-31", "netIncome": 2454151, "depreciation": 1409999, "changeToNetincome": 1890082, "changeToAccountReceivables": 3913530, "changeToLiabilities": 0, "changeToInventory": 6067764, "changeToOperatingActivities": -22442384, "totalCashFromOperatingActivities": -6706858, "capitalExpenditures": -1085351, "investments": 31793, "otherCashflowsFromInvestingActivities": 89768, "totalCashflowsFromInvestingActivities": -995583, "netBorrowings": 14038848, "otherCashflowsFromFinancingActivities": -2228596, "totalCashFromFinancingActivities": 11810252, "changeInCash": 4107811}], "maxAge": 86400}, "institutionOwnership": {"maxAge": 1, "ownershipList": []}, "balanceSheetHistoryQuarterly": {"balanceSheetStatements": [{"maxAge": 1, "endDate": "2020-06-30", "totalStockholderEquity": 215740075, "netTangibleAssets": 215740075}, {"maxAge": 1, "endDate": "2020-03-31", "cash": 21127779, "shortTermInvestments": 8838777, "netReceivables": 51376294, "inventory": 159600405, "otherCurrentAssets": 32281125, "totalCurrentAssets": 273338084, "longTermInvestments": 4420726, "propertyPlantEquipment": 10371546, "otherAssets": 56718584, "totalAssets": 344848940, "accountsPayable": 49185133, "shortLongTermDebt": 18179036, "otherCurrentLiab": 6489921, "longTermDebt": 1534865, "otherLiab": 4187, "totalCurrentLiabilities": 127569813, "totalLiab": 129108865, "commonStock": 125000000, "retainedEarnings": 49724075, "treasuryStock": 24858500, "capitalSurplus": 16157500, "otherStockholderEquity": 24858500, "totalStockholderEquity": 215740075, "netTangibleAssets": 215740075}, {"maxAge": 1, "endDate": "2019-12-31", "totalStockholderEquity": 205776000, "netTangibleAssets": 205776000}, {"maxAge": 1, "endDate": "2019-09-30", "cash": 8054000, "netReceivables": 16807000, "inventory": 145456000, "otherCurrentAssets": 91162000, "totalCurrentAssets": 261479000, "longTermInvestments": 3921000, "propertyPlantEquipment": 10978000, "otherAssets": 7641000, "totalAssets": 284019000, "accountsPayable": 21772000, "otherCurrentLiab": 81000, "longTermDebt": 28606000, "otherLiab": 263000, "totalCurrentLiabilities": 49373000, "totalLiab": 78242000, "commonStock": 125000000, "treasuryStock": 80776000, "otherStockholderEquity": 80776000, "totalStockholderEquity": 205776000, "netTangibleAssets": 205776000}], "maxAge": 86400}, "earningsHistory": {"history": [{"maxAge": 1, "epsActual": {}, "epsEstimate": {}, "epsDifference": {}, "surprisePercent": {}, "quarter": {}, "period": "-4q"}, {"maxAge": 1, "epsActual": {}, "epsEstimate": {}, "epsDifference": {}, "surprisePercent": {}, "quarter": {}, "period": "-3q"}, {"maxAge": 1, "epsActual": {}, "epsEstimate": {}, "epsDifference": {}, "surprisePercent": {}, "quarter": {}, "period": "-2q"}, {"maxAge": 1, "epsActual": {}, "epsEstimate": {}, "epsDifference": {}, "surprisePercent": {}, "quarter": {}, "period": "-1q"}], "maxAge": 86400}, "indexTrend": {"maxAge": 1, "symbol": "SP5", "peRatio": 19.7411, "pegRatio": 1.34172, "estimates": [{"period": "0q", "growth": 0.549}, {"period": "+1q", "growth": 0.431}, {"period": "0y", "growth": 0.305}, {"period": "+1y", "growth": 0.109}, {"period": "+5y", "growth": 0.120859005}, {"period": "-5y"}]}, "industryTrend": {"maxAge": 1, "symbol": null, "estimates": []}, "insiderTransactions": {"transactions": [{"maxAge": 1, "shares": 147500, "filerUrl": "", "transactionText": "", "filerName": "Patel (Nimesh Dashrathbhai)", "filerRelation": "Executive Chairman", "moneyText": "", "startDate": "2018-01-29", "ownership": "D"}, {"maxAge": 1, "shares": 231000, "filerUrl": "", "transactionText": "", "filerName": "Patel (Hiteshiben Nimeshbhai)", "filerRelation": "Promoter", "moneyText": "", "startDate": "2016-12-06", "ownership": "D"}, {"maxAge": 1, "shares": 625000, "filerUrl": "", "transactionText": "", "filerName": "Patel (Hiteshiben Nimeshbhai)", "filerRelation": "Promoter", "moneyText": "", "startDate": "2014-06-09", "ownership": "D"}, {"maxAge": 1, "shares": 400000, "filerUrl": "", "transactionText": "", "filerName": "Patel (Nimesh Dashrathbhai)", "filerRelation": "Executive Chairman", "moneyText": "", "startDate": "2014-06-09", "ownership": "D"}, {"maxAge": 1, "shares": 3000000, "filerUrl": "", "transactionText": "", "filerName": "Patel (Nimesh Dashrathbhai)", "filerRelation": "Executive Chairman", "moneyText": "", "startDate": "2010-09-16", "ownership": "D"}, {"maxAge": 1, "shares": 175000, "filerUrl": "", "transactionText": "", "filerName": "Patel (Hiteshiben Nimeshbhai)", "filerRelation": "Promoter", "moneyText": "", "startDate": "2010-03-15", "ownership": "D"}, {"maxAge": 1, "shares": 175000, "filerUrl": "", "transactionText": "", "filerName": "Patel (Hiteshiben Nimeshbhai)", "filerRelation": "Promoter", "moneyText": "", "startDate": "2010-03-15", "ownership": "D"}, {"maxAge": 1, "shares": 175000, "filerUrl": "", "transactionText": "", "filerName": "Patel (Paresh M.)", "filerRelation": "Director", "moneyText": "", "startDate": "2010-03-15", "ownership": "D"}], "maxAge": 1}, "quoteType": {"exchange": "BSE", "quoteType": "EQUITY", "symbol": "MAINFRA.BO", "underlyingSymbol": "MAINFRA.BO", "shortName": "MARUTI INFRASTRUCTURE LTD.", "longName": "Maruti Infrastructure Limited", "firstTradeDateEpochUtc": "2000-06-13 09:15:00", "timeZoneFullName": "Asia/Kolkata", "timeZoneShortName": "IST", "uuid": "e6043468-9652-300f-b288-b244334a9310", "messageBoardId": null, "gmtOffSetMilliseconds": 19800000, "maxAge": 1}, "incomeStatementHistory": {"incomeStatementHistory": [{"maxAge": 1, "endDate": "2020-03-31", "totalRevenue": 317115788, "costOfRevenue": 297475605, "grossProfit": 19640183, "researchDevelopment": {}, "sellingGeneralAdministrative": 4129586, "nonRecurring": {}, "otherOperatingExpenses": 3896962, "totalOperatingExpenses": 306735375, "operatingIncome": 10380413, "totalOtherIncomeExpenseNet": -1178646, "ebit": 10380413, "interestExpense": -3872850, "incomeBeforeTax": 9201767, "incomeTaxExpense": 2810787, "minorityInterest": {}, "netIncomeFromContinuingOps": 6390980, "discontinuedOperations": {}, "extraordinaryItems": {}, "effectOfAccountingCharges": {}, "otherItems": {}, "netIncome": 6390980, "netIncomeApplicableToCommonShares": 6390980}, {"maxAge": 1, "endDate": "2019-03-31", "totalRevenue": 292698964, "costOfRevenue": 278859767, "grossProfit": 13839197, "researchDevelopment": {}, "sellingGeneralAdministrative": 4156955, "nonRecurring": {}, "otherOperatingExpenses": 4242109, "totalOperatingExpenses": 288006854, "operatingIncome": 4692110, "totalOtherIncomeExpenseNet": -886500, "ebit": 4692110, "interestExpense": -3872575, "incomeBeforeTax": 3805610, "incomeTaxExpense": 1012778, "minorityInterest": {}, "netIncomeFromContinuingOps": 2792832, "discontinuedOperations": {}, "extraordinaryItems": {}, "effectOfAccountingCharges": {}, "otherItems": {}, "netIncome": 2792832, "netIncomeApplicableToCommonShares": 2792832}, {"maxAge": 1, "endDate": "2018-03-31", "totalRevenue": 221028372, "costOfRevenue": 195521898, "grossProfit": 25506474, "researchDevelopment": {}, "sellingGeneralAdministrative": 4245149, "nonRecurring": {}, "otherOperatingExpenses": 6887648, "totalOperatingExpenses": 207770363, "operatingIncome": 13258009, "totalOtherIncomeExpenseNet": -5221212, "ebit": 13258009, "interestExpense": -5701888, "incomeBeforeTax": 8036797, "incomeTaxExpense": 2352726, "minorityInterest": {}, "netIncomeFromContinuingOps": 5684071, "discontinuedOperations": {}, "extraordinaryItems": {}, "effectOfAccountingCharges": {}, "otherItems": {}, "netIncome": 5684071, "netIncomeApplicableToCommonShares": 5684071}, {"maxAge": 1, "endDate": "2017-03-31", "totalRevenue": 135324425, "costOfRevenue": 115196136, "grossProfit": 20128289, "researchDevelopment": {}, "sellingGeneralAdministrative": 3412243, "nonRecurring": {}, "otherOperatingExpenses": 9155068, "totalOperatingExpenses": 129173446, "operatingIncome": 6150979, "totalOtherIncomeExpenseNet": -2138828, "ebit": 6150979, "interestExpense": -2007653, "incomeBeforeTax": 4012151, "incomeTaxExpense": 1558000, "minorityInterest": {}, "netIncomeFromContinuingOps": 2454151, "discontinuedOperations": {}, "extraordinaryItems": {}, "effectOfAccountingCharges": {}, "otherItems": {}, "netIncome": 2454151, "netIncomeApplicableToCommonShares": 2454151}], "maxAge": 86400}, "fundOwnership": {"maxAge": 1, "ownershipList": []}, "summaryDetail": {"maxAge": 1, "priceHint": 2, "previousClose": 26.9, "open": 25.05, "dayLow": 25.05, "dayHigh": 27.0, "regularMarketPreviousClose": 26.9, "regularMarketOpen": 25.05, "regularMarketDayLow": 25.05, "regularMarketDayHigh": 27.0, "trailingPE": 33.031086, "volume": 1609, "regularMarketVolume": 1609, "averageVolume": 4651, "averageVolume10days": 6397, "averageDailyVolume10Day": 6397, "bid": 25.5, "ask": 26.85, "bidSize": 0, "askSize": 0, "marketCap": 318750016, "fiftyTwoWeekLow": 13.25, "fiftyTwoWeekHigh": 27.9, "fiftyDayAverage": 23.032858, "twoHundredDayAverage": 19.587227, "currency": "INR", "fromCurrency": null, "toCurrency": null, "lastMarket": null, "algorithm": null, "tradeable": false}, "sectorTrend": {"maxAge": 1, "symbol": null, "estimates": []}, "incomeStatementHistoryQuarterly": {"incomeStatementHistory": [{"maxAge": 1, "endDate": "2020-06-30", "totalRevenue": 0, "costOfRevenue": 4710000, "grossProfit": -4710000, "researchDevelopment": {}, "sellingGeneralAdministrative": 864000, "nonRecurring": {}, "otherOperatingExpenses": 64000, "totalOperatingExpenses": 5951000, "operatingIncome": -5951000, "totalOtherIncomeExpenseNet": 2835000, "ebit": -5951000, "interestExpense": -1192000, "incomeBeforeTax": -3116000, "incomeTaxExpense": 0, "minorityInterest": {}, "netIncomeFromContinuingOps": -3116000, "discontinuedOperations": {}, "extraordinaryItems": {}, "effectOfAccountingCharges": {}, "otherItems": {}, "netIncome": -3116000, "netIncomeApplicableToCommonShares": -3116000}, {"maxAge": 1, "endDate": "2020-03-31", "totalRevenue": 179306788, "costOfRevenue": 169010605, "grossProfit": 10296183, "researchDevelopment": {}, "sellingGeneralAdministrative": 1255586, "nonRecurring": {}, "otherOperatingExpenses": 775962, "totalOperatingExpenses": 171351375, "operatingIncome": 7955413, "totalOtherIncomeExpenseNet": -56646, "ebit": 7955413, "interestExpense": -1024850, "incomeBeforeTax": 7898767, "incomeTaxExpense": 685787, "minorityInterest": {}, "netIncomeFromContinuingOps": 7212980, "discontinuedOperations": {}, "extraordinaryItems": {}, "effectOfAccountingCharges": {}, "otherItems": {}, "netIncome": 7212980, "netIncomeApplicableToCommonShares": 7212980}, {"maxAge": 1, "endDate": "2019-12-31", "totalRevenue": 35999000, "costOfRevenue": 30510000, "grossProfit": 5489000, "researchDevelopment": {}, "sellingGeneralAdministrative": 1237000, "nonRecurring": {}, "otherOperatingExpenses": 810000, "totalOperatingExpenses": 32865000, "operatingIncome": 3134000, "totalOtherIncomeExpenseNet": -424000, "ebit": 3134000, "interestExpense": -1313000, "incomeBeforeTax": 2710000, "incomeTaxExpense": -30000, "minorityInterest": {}, "netIncomeFromContinuingOps": 2740000, "discontinuedOperations": {}, "extraordinaryItems": {}, "effectOfAccountingCharges": {}, "otherItems": {}, "netIncome": 2740000, "netIncomeApplicableToCommonShares": 2740000}, {"maxAge": 1, "endDate": "2019-09-30", "totalRevenue": 77579000, "costOfRevenue": 70827000, "grossProfit": 6752000, "researchDevelopment": {}, "sellingGeneralAdministrative": 748000, "nonRecurring": {}, "otherOperatingExpenses": 1800000, "totalOperatingExpenses": 73700000, "operatingIncome": 3879000, "totalOtherIncomeExpenseNet": -234000, "ebit": 3879000, "interestExpense": -761000, "incomeBeforeTax": 3645000, "incomeTaxExpense": 850000, "minorityInterest": {}, "netIncomeFromContinuingOps": 2795000, "discontinuedOperations": {}, "extraordinaryItems": {}, "effectOfAccountingCharges": {}, "otherItems": {}, "netIncome": 2795000, "netIncomeApplicableToCommonShares": 2795000}], "maxAge": 86400}, "cashflowStatementHistoryQuarterly": {"cashflowStatements": [{"maxAge": 1, "endDate": "2020-06-30", "netIncome": -3116000, "changeToLiabilities": 0}, {"maxAge": 1, "endDate": "2020-03-31", "netIncome": 7212980, "changeToLiabilities": 0}, {"maxAge": 1, "endDate": "2019-12-31", "netIncome": 2740000, "changeToLiabilities": 0}, {"maxAge": 1, "endDate": "2019-09-30", "netIncome": 2795000, "changeToLiabilities": 0}], "maxAge": 86400}, "insiderHolders": {"holders": [{"maxAge": 1, "name": "Patel (Hiteshiben Nimeshbhai)", "relation": "Promoter", "url": "", "transactionDescription": "Gift", "latestTransDate": "2016-12-06", "positionDirect": 1472600, "positionDirectDate": "2016-12-06"}, {"maxAge": 1, "name": "Patel (Nimesh Dashrathbhai)", "relation": "Executive Chairman", "url": "", "transactionDescription": "Other", "latestTransDate": "2018-01-29", "positionDirect": 4315100, "positionDirectDate": "2018-01-29"}, {"maxAge": 1, "name": "Patel (Paresh M.)", "relation": "Director", "url": "", "transactionDescription": "Sale", "latestTransDate": "2010-03-15", "positionDirect": 0, "positionDirectDate": "2010-03-15"}], "maxAge": 1}, "earnings": {"maxAge": 86400, "earningsChart": {"quarterly": [], "earningsDate": ["2020-09-14 05:30:S"]}, "financialsChart": {"yearly": [{"date": 2017, "revenue": 135324425, "earnings": 2454151}, {"date": 2018, "revenue": 221028372, "earnings": 5684071}, {"date": 2019, "revenue": 292698964, "earnings": 2792832}, {"date": 2020, "revenue": 317115788, "earnings": 6390980}], "quarterly": [{"date": "3Q2019", "revenue": 77579000, "earnings": 2795000}, {"date": "4Q2019", "revenue": 35999000, "earnings": 2740000}, {"date": "1Q2020", "revenue": 179306788, "earnings": 7212980}, {"date": "2Q2020", "revenue": 0, "earnings": -3116000}]}, "financialCurrency": "INR"}, "calendarEvents": {"maxAge": 1, "earnings": {"earningsDate": ["2020-09-14 05:30:S"]}}, "price": {"maxAge": 1, "regularMarketChangePercent": -0.052044597, "regularMarketChange": -1.3999996, "regularMarketTime": "2021-04-30 15:29:11", "priceHint": 2, "regularMarketPrice": 25.5, "regularMarketDayHigh": 27.0, "regularMarketDayLow": 25.05, "regularMarketVolume": 1609, "averageDailyVolume10Day": 6397, "averageDailyVolume3Month": 4651, "regularMarketPreviousClose": 26.9, "regularMarketSource": "FREE_REALTIME", "regularMarketOpen": 25.05, "exchange": "BSE", "exchangeName": "BSE", "exchangeDataDelayedBy": 0, "marketState": "CLOSED", "quoteType": "EQUITY", "symbol": "MAINFRA.BO", "underlyingSymbol": null, "shortName": "MARUTI INFRASTRUCTURE LTD.", "longName": "Maruti Infrastructure Limited", "currency": "INR", "quoteSourceName": "Delayed Quote", "currencySymbol": "\u20b9", "fromCurrency": null, "toCurrency": null, "lastMarket": null, "marketCap": 318750016}, "balanceSheetHistory": {"balanceSheetStatements": [{"maxAge": 1, "endDate": "2020-03-31", "cash": 21127779, "shortTermInvestments": 8838777, "netReceivables": 51376294, "inventory": 159600405, "otherCurrentAssets": 32281125, "totalCurrentAssets": 273338084, "longTermInvestments": 4420726, "propertyPlantEquipment": 10371546, "otherAssets": 56718584, "totalAssets": 344848940, "accountsPayable": 49185133, "shortLongTermDebt": 18179036, "otherCurrentLiab": 6489921, "longTermDebt": 1534865, "otherLiab": 4187, "totalCurrentLiabilities": 127569813, "totalLiab": 129108865, "commonStock": 125000000, "retainedEarnings": 49724075, "treasuryStock": 24858500, "capitalSurplus": 16157500, "otherStockholderEquity": 24858500, "totalStockholderEquity": 215740075, "netTangibleAssets": 215740075}, {"maxAge": 1, "endDate": "2019-03-31", "cash": 5938197, "shortTermInvestments": 6401899, "netReceivables": 44179187, "inventory": 190884565, "otherCurrentAssets": 9403305, "totalCurrentAssets": 257560607, "longTermInvestments": 3920726, "propertyPlantEquipment": 10358696, "otherAssets": 52839873, "deferredLongTermAssetCharges": 67034, "totalAssets": 324679902, "accountsPayable": 41485980, "shortLongTermDebt": 23716743, "otherCurrentLiab": 3639397, "longTermDebt": 34173417, "otherLiab": -2, "totalCurrentLiabilities": 81157392, "totalLiab": 115330807, "commonStock": 125000000, "retainedEarnings": 43333095, "treasuryStock": 24858500, "capitalSurplus": 16157500, "otherStockholderEquity": 24858500, "totalStockholderEquity": 209349095, "netTangibleAssets": 209349095}, {"maxAge": 1, "endDate": "2018-03-31", "cash": 3810126, "shortTermInvestments": 69058, "netReceivables": 4044377, "inventory": 263461233, "otherCurrentAssets": 9842430, "totalCurrentAssets": 281227224, "longTermInvestments": 515397, "propertyPlantEquipment": 5189591, "otherAssets": 4300955, "deferredLongTermAssetCharges": 150255, "totalAssets": 291233167, "accountsPayable": 6375299, "shortLongTermDebt": 25413468, "otherCurrentLiab": 2877135, "longTermDebt": 44253699, "totalCurrentLiabilities": 40423206, "totalLiab": 84676905, "commonStock": 125000000, "retainedEarnings": 40540262, "treasuryStock": 24858500, "capitalSurplus": 16157500, "otherStockholderEquity": 24858500, "totalStockholderEquity": 206556262, "netTangibleAssets": 206556262}, {"maxAge": 1, "endDate": "2017-03-31", "cash": 7853543, "shortTermInvestments": 793512, "netReceivables": 2572192, "inventory": 280555462, "otherCurrentAssets": 21084374, "totalCurrentAssets": 312859083, "longTermInvestments": 547190, "propertyPlantEquipment": 4336246, "otherAssets": 19259731, "totalAssets": 337002250, "accountsPayable": 6528158, "shortLongTermDebt": 4170531, "otherCurrentLiab": 39994185, "longTermDebt": 78630958, "otherLiab": 27461, "totalCurrentLiabilities": 57471640, "totalLiab": 136130059, "commonStock": 125000000, "retainedEarnings": 34856191, "treasuryStock": 24858500, "capitalSurplus": 16157500, "otherStockholderEquity": 24858500, "totalStockholderEquity": 200872191, "netTangibleAssets": 200872191}], "maxAge": 86400}, "earningsTrend": {"trend": [{"maxAge": 1, "period": "0q", "endDate": null, "growth": {}, "earningsEstimate": {"avg": 0.0, "low": 0.0, "high": 0.0, "yearAgoEps": {}, "numberOfAnalysts": 0, "growth": {}}, "revenueEstimate": {"avg": 0, "low": 0, "high": 0, "numberOfAnalysts": 0, "yearAgoRevenue": {}, "growth": {}}, "epsTrend": {"current": 0.0, "7daysAgo": 0.0, "30daysAgo": 0.0, "60daysAgo": 0.0, "90daysAgo": 0.0}, "epsRevisions": {"upLast7days": 0, "upLast30days": 0, "downLast30days": 0, "downLast90days": {}}}, {"maxAge": 1, "period": "+1q", "endDate": null, "growth": {}, "earningsEstimate": {"avg": 0.0, "low": 0.0, "high": 0.0, "yearAgoEps": {}, "numberOfAnalysts": 0, "growth": {}}, "revenueEstimate": {"avg": 0, "low": 0, "high": 0, "numberOfAnalysts": 0, "yearAgoRevenue": {}, "growth": {}}, "epsTrend": {"current": 0.0, "7daysAgo": 0.0, "30daysAgo": 0.0, "60daysAgo": 0.0, "90daysAgo": 0.0}, "epsRevisions": {"upLast7days": 0, "upLast30days": 0, "downLast30days": 0, "downLast90days": {}}}, {"maxAge": 1, "period": "0y", "endDate": null, "growth": {}, "earningsEstimate": {"avg": 0.0, "low": 0.0, "high": 0.0, "yearAgoEps": {}, "numberOfAnalysts": 0, "growth": {}}, "revenueEstimate": {"avg": 0, "low": 0, "high": 0, "numberOfAnalysts": 0, "yearAgoRevenue": {}, "growth": {}}, "epsTrend": {"current": 0.0, "7daysAgo": 0.0, "30daysAgo": 0.0, "60daysAgo": 0.0, "90daysAgo": 0.0}, "epsRevisions": {"upLast7days": 0, "upLast30days": 0, "downLast30days": 0, "downLast90days": {}}}, {"maxAge": 1, "period": "+1y", "endDate": null, "growth": {}, "earningsEstimate": {"avg": 0.0, "low": 0.0, "high": 0.0, "yearAgoEps": {}, "numberOfAnalysts": 0, "growth": {}}, "revenueEstimate": {"avg": 0, "low": 0, "high": 0, "numberOfAnalysts": 0, "yearAgoRevenue": {}, "growth": {}}, "epsTrend": {"current": 0.0, "7daysAgo": 0.0, "30daysAgo": 0.0, "60daysAgo": 0.0, "90daysAgo": 0.0}, "epsRevisions": {"upLast7days": 0, "upLast30days": 0, "downLast30days": 0, "downLast90days": {}}}, {"maxAge": 1, "period": "+5y", "endDate": null, "growth": {}, "earningsEstimate": {"avg": {}, "low": {}, "high": {}, "yearAgoEps": {}, "numberOfAnalysts": {}, "growth": {}}, "revenueEstimate": {"avg": {}, "low": {}, "high": {}, "numberOfAnalysts": {}, "yearAgoRevenue": {}, "growth": {}}, "epsTrend": {"current": {}, "7daysAgo": {}, "30daysAgo": {}, "60daysAgo": {}, "90daysAgo": {}}, "epsRevisions": {"upLast7days": {}, "upLast30days": {}, "downLast30days": {}, "downLast90days": {}}}, {"maxAge": 1, "period": "-5y", "endDate": null, "growth": {}, "earningsEstimate": {"avg": {}, "low": {}, "high": {}, "yearAgoEps": {}, "numberOfAnalysts": {}, "growth": {}}, "revenueEstimate": {"avg": {}, "low": {}, "high": {}, "numberOfAnalysts": {}, "yearAgoRevenue": {}, "growth": {}}, "epsTrend": {"current": {}, "7daysAgo": {}, "30daysAgo": {}, "60daysAgo": {}, "90daysAgo": {}}, "epsRevisions": {"upLast7days": {}, "upLast30days": {}, "downLast30days": {}, "downLast90days": {}}}], "maxAge": 1}, "financialData": {"maxAge": 86400, "currentPrice": 25.5, "recommendationKey": "none", "grossProfits": 19640183, "financialCurrency": "INR"}}}