{"MAJESAUT.BO": {"cashflowStatementHistory": {"cashflowStatements": [{"maxAge": 1, "endDate": "2020-03-31", "netIncome": -160252000, "depreciation": 92098000, "changeToNetincome": 470032000, "changeToAccountReceivables": 6875000, "changeToLiabilities": -10395000, "changeToInventory": -1446000, "changeToOperatingActivities": 3902000, "totalCashFromOperatingActivities": 401185000, "capitalExpenditures": -2975000, "investments": -61658000, "otherCashflowsFromInvestingActivities": 92265000, "totalCashflowsFromInvestingActivities": 3066000, "netBorrowings": -250391000, "otherCashflowsFromFinancingActivities": -184130000, "totalCashFromFinancingActivities": -434521000, "changeInCash": -30269000}, {"maxAge": 1, "endDate": "2019-03-31", "netIncome": 436027000, "depreciation": 69611000, "changeToNetincome": 225846000, "changeToAccountReceivables": 62150000, "changeToLiabilities": -4191000, "changeToInventory": 30541000, "changeToOperatingActivities": 165072000, "totalCashFromOperatingActivities": 985300000, "capitalExpenditures": -6621000, "investments": -42737000, "otherCashflowsFromInvestingActivities": 87581000, "totalCashflowsFromInvestingActivities": -44456000, "netBorrowings": -709310000, "otherCashflowsFromFinancingActivities": -202468000, "totalCashFromFinancingActivities": -911778000, "changeInCash": 29065000}, {"maxAge": 1, "endDate": "2018-03-31", "netIncome": -35973000, "depreciation": 81723000, "changeToNetincome": 215864000, "changeToAccountReceivables": 236834000, "changeToLiabilities": -304155000, "changeToInventory": 145448000, "changeToOperatingActivities": 97321000, "totalCashFromOperatingActivities": 437273000, "capitalExpenditures": -13048000, "investments": 223696000, "otherCashflowsFromInvestingActivities": 74999000, "totalCashflowsFromInvestingActivities": 576212000, "netBorrowings": -735840000, "otherCashflowsFromFinancingActivities": -278559000, "totalCashFromFinancingActivities": -1014399000, "changeInCash": -914000}, {"maxAge": 1, "endDate": "2017-03-31", "netIncome": -111856000, "depreciation": 82781000, "changeToNetincome": 354832000, "changeToAccountReceivables": -80965000, "changeToLiabilities": 100544000, "changeToInventory": 3756000, "changeToOperatingActivities": -107127000, "totalCashFromOperatingActivities": 242299000, "capitalExpenditures": -40508000, "investments": 56249000, "otherCashflowsFromInvestingActivities": 88273000, "totalCashflowsFromInvestingActivities": 285920000, "netBorrowings": -184848000, "otherCashflowsFromFinancingActivities": -349314000, "totalCashFromFinancingActivities": -534162000, "changeInCash": -5943000}], "maxAge": 86400}, "institutionOwnership": {"maxAge": 1, "ownershipList": []}, "balanceSheetHistoryQuarterly": {"balanceSheetStatements": [{"maxAge": 1, "endDate": "2020-06-30", "totalStockholderEquity": 2995843000, "netTangibleAssets": 2566557000}, {"maxAge": 1, "endDate": "2020-03-31", "cash": 2667000, "shortTermInvestments": 1038000, "netReceivables": 50237000, "inventory": 22171000, "otherCurrentAssets": 89515000, "totalCurrentAssets": 188142000, "propertyPlantEquipment": 256470000, "goodWill": 408737000, "intangibleAssets": 20549000, "otherAssets": 4727579000, "deferredLongTermAssetCharges": 273226000, "totalAssets": 5601477000, "accountsPayable": 14600000, "shortLongTermDebt": 240763000, "otherCurrentLiab": 44476000, "longTermDebt": 1681913000, "otherLiab": 451700000, "minorityInterest": 68761000, "totalCurrentLiabilities": 339653000, "totalLiab": 2536873000, "commonStock": 103982000, "retainedEarnings": 1895696000, "treasuryStock": 983213000, "capitalSurplus": 12952000, "otherStockholderEquity": 983213000, "totalStockholderEquity": 2995843000, "netTangibleAssets": 2566557000}, {"maxAge": 1, "endDate": "2019-12-31", "totalStockholderEquity": 4094701000, "netTangibleAssets": 3661724000}, {"maxAge": 1, "endDate": "2019-09-30", "cash": 39024000, "shortTermInvestments": 97315000, "netReceivables": 33744000, "inventory": 20676000, "otherCurrentAssets": 26192000, "totalCurrentAssets": 216951000, "longTermInvestments": 2491075000, "propertyPlantEquipment": 262680000, "goodWill": 408737000, "intangibleAssets": 24240000, "otherAssets": 3190188000, "deferredLongTermAssetCharges": 215018000, "totalAssets": 6593871000, "accountsPayable": 11597000, "otherCurrentLiab": 360892000, "longTermDebt": 1871615000, "otherLiab": 128775000, "minorityInterest": 124464000, "totalCurrentLiabilities": 374316000, "totalLiab": 2374706000, "commonStock": 103982000, "treasuryStock": 3990719000, "otherStockholderEquity": 3990719000, "totalStockholderEquity": 4094701000, "netTangibleAssets": 3661724000}], "maxAge": 86400}, "indexTrend": {"maxAge": 1, "symbol": "SP5", "peRatio": 19.7411, "pegRatio": 1.34172, "estimates": [{"period": "0q", "growth": 0.549}, {"period": "+1q", "growth": 0.431}, {"period": "0y", "growth": 0.305}, {"period": "+1y", "growth": 0.109}, {"period": "+5y", "growth": 0.120859005}, {"period": "-5y"}]}, "insiderTransactions": {"transactions": [{"maxAge": 1, "shares": 0, "filerUrl": "", "transactionText": "", "filerName": "Munjal (Mahesh)", "filerRelation": "Executive Chairman", "moneyText": "", "startDate": "2017-03-24", "ownership": "I"}, {"maxAge": 1, "shares": 6527675, "filerUrl": "", "transactionText": "", "filerName": "Anadi Investments Pvt Ltd", "filerRelation": "Institution- Corporation", "moneyText": "", "startDate": "2011-03-29", "ownership": "D"}, {"maxAge": 1, "shares": 40421, "filerUrl": "", "transactionText": "", "filerName": "Munjal (Mahesh)", "filerRelation": "Executive Chairman", "moneyText": "", "startDate": "2011-03-29", "ownership": "D"}, {"maxAge": 1, "shares": 815490, "filerUrl": "", "transactionText": "", "filerName": "Munjal (Sameer)", "filerRelation": "UNREPORTED", "moneyText": "", "startDate": "2011-03-29", "ownership": "D"}, {"maxAge": 1, "shares": 1209866, "filerUrl": "", "transactionText": "", "filerName": "Anadi Investments Pvt Ltd", "filerRelation": "Institution- Corporation", "moneyText": "", "startDate": "2011-03-21", "ownership": "D"}, {"maxAge": 1, "shares": 204853, "filerUrl": "", "transactionText": "", "filerName": "Bachhawat (Rajendra Kumar)", "filerRelation": "UNREPORTED", "moneyText": "", "startDate": "2010-05-17", "ownership": "D"}, {"maxAge": 1, "shares": 10000, "filerUrl": "", "transactionText": "", "filerName": "Bachhawat (Rajendra Kumar)", "filerRelation": "UNREPORTED", "moneyText": "", "startDate": "2009-10-26", "ownership": "D"}], "maxAge": 1}, "quoteType": {"exchange": "BSE", "quoteType": "EQUITY", "symbol": "MAJESAUT.BO", "underlyingSymbol": "MAJESAUT.BO", "shortName": "MAJESTIC AUTO LTD.", "longName": "Majestic Auto Limited", "firstTradeDateEpochUtc": "2002-07-01 09:15:00", "timeZoneFullName": "Asia/Kolkata", "timeZoneShortName": "IST", "uuid": "4e2b8d72-1aec-3990-ae62-90cfbd7cf9b6", "messageBoardId": null, "gmtOffSetMilliseconds": 19800000, "maxAge": 1}, "incomeStatementHistory": {"incomeStatementHistory": [{"maxAge": 1, "endDate": "2020-03-31", "totalRevenue": 691621000, "costOfRevenue": 159424000, "grossProfit": 532197000, "researchDevelopment": {}, "sellingGeneralAdministrative": 54935000, "nonRecurring": {}, "otherOperatingExpenses": 36072000, "totalOperatingExpenses": 342900000, "operatingIncome": 348721000, "totalOtherIncomeExpenseNet": -112388000, "ebit": 348721000, "interestExpense": -199793000, "incomeBeforeTax": 236333000, "incomeTaxExpense": 445348000, "minorityInterest": 68761000, "netIncomeFromContinuingOps": -209015000, "discontinuedOperations": {}, "extraordinaryItems": {}, "effectOfAccountingCharges": {}, "otherItems": {}, "netIncome": -160252000, "netIncomeApplicableToCommonShares": -160252000}, {"maxAge": 1, "endDate": "2019-03-31", "totalRevenue": 1167026000, "costOfRevenue": 311549000, "grossProfit": 855477000, "researchDevelopment": {}, "sellingGeneralAdministrative": 56004000, "nonRecurring": {}, "otherOperatingExpenses": 49721000, "totalOperatingExpenses": 487129000, "operatingIncome": 679897000, "totalOtherIncomeExpenseNet": -114000000, "ebit": 679897000, "interestExpense": -216024000, "incomeBeforeTax": 565897000, "incomeTaxExpense": 975000, "minorityInterest": 117524000, "netIncomeFromContinuingOps": 564922000, "discontinuedOperations": -114849000, "extraordinaryItems": {}, "effectOfAccountingCharges": {}, "otherItems": {}, "netIncome": 436027000, "netIncomeApplicableToCommonShares": 436027000}, {"maxAge": 1, "endDate": "2018-03-31", "totalRevenue": 557724000, "costOfRevenue": 106278000, "grossProfit": 451446000, "researchDevelopment": {}, "sellingGeneralAdministrative": 45560000, "nonRecurring": {}, "otherOperatingExpenses": 73359000, "totalOperatingExpenses": 307131000, "operatingIncome": 250593000, "totalOtherIncomeExpenseNet": -141944000, "ebit": 250593000, "interestExpense": -229522000, "incomeBeforeTax": 108649000, "incomeTaxExpense": 4913000, "minorityInterest": 103478000, "netIncomeFromContinuingOps": 103736000, "discontinuedOperations": -130206000, "extraordinaryItems": {}, "effectOfAccountingCharges": {}, "otherItems": {}, "netIncome": -35973000, "netIncomeApplicableToCommonShares": -35973000}, {"maxAge": 1, "endDate": "2017-03-31", "totalRevenue": 566026000, "costOfRevenue": 124650000, "grossProfit": 441376000, "researchDevelopment": {}, "sellingGeneralAdministrative": 61769000, "nonRecurring": {}, "otherOperatingExpenses": 30873000, "totalOperatingExpenses": 300507000, "operatingIncome": 265519000, "totalOtherIncomeExpenseNet": -176097000, "ebit": 265519000, "interestExpense": -269206000, "incomeBeforeTax": 89422000, "incomeTaxExpense": -14070000, "minorityInterest": 93975000, "netIncomeFromContinuingOps": 103492000, "discontinuedOperations": -206593000, "extraordinaryItems": {}, "effectOfAccountingCharges": {}, "otherItems": {}, "netIncome": -111856000, "netIncomeApplicableToCommonShares": -111856000}], "maxAge": 86400}, "fundOwnership": {"maxAge": 1, "ownershipList": []}, "summaryDetail": {"maxAge": 1, "priceHint": 2, "previousClose": 104.5, "open": 105.0, "dayLow": 100.05, "dayHigh": 105.0, "regularMarketPreviousClose": 104.5, "regularMarketOpen": 105.0, "regularMarketDayLow": 100.05, "regularMarketDayHigh": 105.0, "volume": 4428, "regularMarketVolume": 4428, "averageVolume": 6477, "averageVolume10days": 4088, "averageDailyVolume10Day": 4088, "bid": 100.5, "ask": 101.9, "bidSize": 0, "askSize": 0, "marketCap": 1042349376, "fiftyTwoWeekLow": 54.0, "fiftyTwoWeekHigh": 138.7, "fiftyDayAverage": 114.47429, "twoHundredDayAverage": 101.40657, "currency": "INR", "fromCurrency": null, "toCurrency": null, "lastMarket": null, "algorithm": null, "tradeable": false}, "incomeStatementHistoryQuarterly": {"incomeStatementHistory": [{"maxAge": 1, "endDate": "2020-06-30", "totalRevenue": 150420000, "costOfRevenue": 17484000, "grossProfit": 132936000, "researchDevelopment": {}, "sellingGeneralAdministrative": 10970000, "nonRecurring": {}, "otherOperatingExpenses": 15790000, "totalOperatingExpenses": 67873000, "operatingIncome": 82547000, "totalOtherIncomeExpenseNet": -33414000, "ebit": 82547000, "interestExpense": -43239000, "incomeBeforeTax": 49133000, "incomeTaxExpense": 12282000, "minorityInterest": {}, "netIncomeFromContinuingOps": 36851000, "discontinuedOperations": {}, "extraordinaryItems": {}, "effectOfAccountingCharges": {}, "otherItems": {}, "netIncome": 31757000, "netIncomeApplicableToCommonShares": 31757000}, {"maxAge": 1, "endDate": "2020-03-31", "totalRevenue": 170054000, "costOfRevenue": 66993000, "grossProfit": 103061000, "researchDevelopment": {}, "sellingGeneralAdministrative": 23232000, "nonRecurring": {}, "otherOperatingExpenses": -32390000, "totalOperatingExpenses": 81138000, "operatingIncome": 88916000, "totalOtherIncomeExpenseNet": 924000, "ebit": 88916000, "interestExpense": -47520000, "incomeBeforeTax": 89840000, "incomeTaxExpense": 424998000, "minorityInterest": 68761000, "netIncomeFromContinuingOps": -335158000, "discontinuedOperations": {}, "extraordinaryItems": {}, "effectOfAccountingCharges": {}, "otherItems": {}, "netIncome": -277662000, "netIncomeApplicableToCommonShares": -277662000}, {"maxAge": 1, "endDate": "2019-12-31", "totalRevenue": 169316000, "costOfRevenue": 29859000, "grossProfit": 139457000, "researchDevelopment": {}, "sellingGeneralAdministrative": 10606000, "nonRecurring": {}, "otherOperatingExpenses": 28496000, "totalOperatingExpenses": 92229000, "operatingIncome": 77087000, "totalOtherIncomeExpenseNet": -46868000, "ebit": 77087000, "interestExpense": -49090000, "incomeBeforeTax": 30219000, "incomeTaxExpense": 4206000, "minorityInterest": 68761000, "netIncomeFromContinuingOps": 26013000, "discontinuedOperations": {}, "extraordinaryItems": {}, "effectOfAccountingCharges": {}, "otherItems": {}, "netIncome": 24219000, "netIncomeApplicableToCommonShares": 24219000}, {"maxAge": 1, "endDate": "2019-09-30", "totalRevenue": 168566000, "costOfRevenue": 30376000, "grossProfit": 138190000, "researchDevelopment": {}, "sellingGeneralAdministrative": 10602000, "nonRecurring": {}, "otherOperatingExpenses": 26340000, "totalOperatingExpenses": 90811000, "operatingIncome": 77755000, "totalOtherIncomeExpenseNet": -15941000, "ebit": 77755000, "interestExpense": -50975000, "incomeBeforeTax": 61814000, "incomeTaxExpense": 9735000, "minorityInterest": 124464000, "netIncomeFromContinuingOps": 52079000, "discontinuedOperations": {}, "extraordinaryItems": {}, "effectOfAccountingCharges": {}, "otherItems": {}, "netIncome": 50192000, "netIncomeApplicableToCommonShares": 50192000}], "maxAge": 86400}, "cashflowStatementHistoryQuarterly": {"cashflowStatements": [{"maxAge": 1, "endDate": "2020-06-30", "netIncome": 31757000, "changeToLiabilities": 0}, {"maxAge": 1, "endDate": "2020-03-31", "netIncome": -277662000, "changeToLiabilities": 0}, {"maxAge": 1, "endDate": "2019-12-31", "netIncome": 24219000, "changeToLiabilities": 0}, {"maxAge": 1, "endDate": "2019-09-30", "netIncome": 50192000, "changeToLiabilities": 0}], "maxAge": 86400}, "insiderHolders": {"holders": [{"maxAge": 1, "name": "Anadi Investments Pvt Ltd", "relation": "Institution- Corporation", "url": "", "transactionDescription": "Acquisition", "latestTransDate": "2011-03-29", "positionDirect": 7757688, "positionDirectDate": "2011-03-29"}, {"maxAge": 1, "name": "Bachhawat (Rajendra Kumar)", "relation": "UNREPORTED", "url": "", "transactionDescription": "Sale", "latestTransDate": "2010-05-17", "positionDirect": 310494, "positionDirectDate": "2010-05-17"}, {"maxAge": 1, "name": "Munjal (Mahesh)", "relation": "Executive Chairman", "url": "", "transactionDescription": "Sale", "latestTransDate": "2017-03-24", "positionIndirect": 40421, "positionIndirectDate": 1490313600}, {"maxAge": 1, "name": "Munjal (Sameer)", "relation": "UNREPORTED", "url": "", "transactionDescription": "Sale", "latestTransDate": "2011-03-29", "positionDirect": 0, "positionDirectDate": "2011-03-29"}], "maxAge": 1}, "calendarEvents": {"maxAge": 1, "earnings": {"earningsDate": []}}, "price": {"maxAge": 1, "regularMarketChangePercent": -0.040669855, "regularMarketChange": -4.25, "regularMarketTime": "2021-04-30 15:29:50", "priceHint": 2, "regularMarketPrice": 100.25, "regularMarketDayHigh": 105.0, "regularMarketDayLow": 100.05, "regularMarketVolume": 4428, "averageDailyVolume10Day": 4088, "averageDailyVolume3Month": 6477, "regularMarketPreviousClose": 104.5, "regularMarketSource": "FREE_REALTIME", "regularMarketOpen": 105.0, "exchange": "BSE", "exchangeName": "BSE", "exchangeDataDelayedBy": 0, "marketState": "CLOSED", "quoteType": "EQUITY", "symbol": "MAJESAUT.BO", "underlyingSymbol": null, "shortName": "MAJESTIC AUTO LTD.", "longName": "Majestic Auto Limited", "currency": "INR", "quoteSourceName": "Delayed Quote", "currencySymbol": "\u20b9", "fromCurrency": null, "toCurrency": null, "lastMarket": null, "marketCap": 1042349376}, "balanceSheetHistory": {"balanceSheetStatements": [{"maxAge": 1, "endDate": "2020-03-31", "cash": 2667000, "shortTermInvestments": 1038000, "netReceivables": 50237000, "inventory": 22171000, "otherCurrentAssets": 89515000, "totalCurrentAssets": 188142000, "propertyPlantEquipment": 256470000, "goodWill": 408737000, "intangibleAssets": 20549000, "otherAssets": 4727579000, "deferredLongTermAssetCharges": 273226000, "totalAssets": 5601477000, "accountsPayable": 14600000, "shortLongTermDebt": 240763000, "otherCurrentLiab": 44476000, "longTermDebt": 1681913000, "otherLiab": 451700000, "minorityInterest": 68761000, "totalCurrentLiabilities": 339653000, "totalLiab": 2536873000, "commonStock": 103982000, "retainedEarnings": 1895696000, "treasuryStock": 983213000, "capitalSurplus": 12952000, "otherStockholderEquity": 983213000, "totalStockholderEquity": 2995843000, "netTangibleAssets": 2566557000}, {"maxAge": 1, "endDate": "2019-03-31", "cash": 32936000, "shortTermInvestments": 25000, "netReceivables": 61712000, "inventory": 20725000, "otherCurrentAssets": 28100000, "totalCurrentAssets": 191716000, "propertyPlantEquipment": 247702000, "goodWill": 408737000, "intangibleAssets": 27928000, "otherAssets": 5572848000, "deferredLongTermAssetCharges": 245514000, "totalAssets": 6448931000, "accountsPayable": 25336000, "shortLongTermDebt": 138671000, "otherCurrentLiab": 70887000, "longTermDebt": 2026711000, "otherLiab": 99017000, "minorityInterest": 117524000, "totalCurrentLiabilities": 264255000, "totalLiab": 2439243000, "commonStock": 103982000, "retainedEarnings": 2056362000, "treasuryStock": 1718868000, "capitalSurplus": 12952000, "otherStockholderEquity": 1718868000, "totalStockholderEquity": 3892164000, "netTangibleAssets": 3455499000}, {"maxAge": 1, "endDate": "2018-03-31", "cash": 3871000, "netReceivables": 149214000, "inventory": 38451000, "otherCurrentAssets": 393103000, "totalCurrentAssets": 586628000, "propertyPlantEquipment": 723358000, "goodWill": 408737000, "intangibleAssets": 35180000, "otherAssets": 5811690000, "deferredLongTermAssetCharges": 15605000, "totalAssets": 7565593000, "accountsPayable": 30911000, "shortLongTermDebt": 160597000, "otherCurrentLiab": 112375000, "longTermDebt": 2659111000, "otherLiab": 164561000, "minorityInterest": 103478000, "totalCurrentLiabilities": 434987000, "totalLiab": 3306065000, "commonStock": 103982000, "retainedEarnings": 1621367000, "treasuryStock": 2417749000, "capitalSurplus": 12952000, "otherStockholderEquity": 2417749000, "totalStockholderEquity": 4156050000, "netTangibleAssets": 3712133000}, {"maxAge": 1, "endDate": "2017-03-31", "cash": 4598000, "netReceivables": 330095000, "inventory": 183899000, "otherCurrentAssets": 54177000, "totalCurrentAssets": 575096000, "propertyPlantEquipment": 1473627000, "goodWill": 408737000, "intangibleAssets": 43156000, "otherAssets": 5742606000, "deferredLongTermAssetCharges": 19864000, "totalAssets": 8243222000, "accountsPayable": 336372000, "shortLongTermDebt": 193869000, "otherCurrentLiab": 19190000, "longTermDebt": 3212674000, "otherLiab": 197167000, "minorityInterest": 93975000, "totalCurrentLiabilities": 810415000, "totalLiab": 4265976000, "commonStock": 103982000, "retainedEarnings": 1439007000, "treasuryStock": 2327330000, "capitalSurplus": 12952000, "otherStockholderEquity": 2327330000, "totalStockholderEquity": 3883271000, "netTangibleAssets": 3431378000}], "maxAge": 86400}, "financialData": {"maxAge": 86400, "currentPrice": 100.25, "recommendationKey": "none", "grossProfits": 532197000, "financialCurrency": "INR"}}}