{"MAKERSL.BO": {"recommendationTrend": {"trend": [{"period": "0m", "strongBuy": 0, "buy": 0, "hold": 0, "sell": 0, "strongSell": 0}, {"period": "-1m", "strongBuy": 0, "buy": 0, "hold": 0, "sell": 0, "strongSell": 0}, {"period": "-2m", "strongBuy": 0, "buy": 0, "hold": 0, "sell": 0, "strongSell": 0}, {"period": "-3m", "strongBuy": 0, "buy": 0, "hold": 0, "sell": 0, "strongSell": 0}], "maxAge": 86400}, "cashflowStatementHistory": {"cashflowStatements": [{"maxAge": 1, "endDate": "2020-03-31", "netIncome": -1238000, "depreciation": 19814000, "changeToNetincome": 12530000, "changeToAccountReceivables": -32098000, "changeToLiabilities": 0, "changeToInventory": 9598000, "changeToOperatingActivities": 33602000, "totalCashFromOperatingActivities": 42269000, "capitalExpenditures": -85896000, "investments": 446000, "otherCashflowsFromInvestingActivities": 1083000, "totalCashflowsFromInvestingActivities": -84286000, "dividendsPaid": -5901000, "netBorrowings": 26516000, "otherCashflowsFromFinancingActivities": 8464000, "totalCashFromFinancingActivities": 29079000, "changeInCash": -12938000}, {"maxAge": 1, "endDate": "2019-03-31", "netIncome": 24488000, "depreciation": 15009000, "changeToNetincome": -3073000, "changeToAccountReceivables": 38341000, "changeToLiabilities": 0, "changeToInventory": 17004000, "changeToOperatingActivities": -37913000, "totalCashFromOperatingActivities": 53875000, "capitalExpenditures": -89247000, "investments": 446000, "otherCashflowsFromInvestingActivities": 5836000, "totalCashflowsFromInvestingActivities": -83074000, "dividendsPaid": -5735000, "netBorrowings": 46970000, "otherCashflowsFromFinancingActivities": -2059000, "totalCashFromFinancingActivities": 39176000, "changeInCash": 9977000}, {"maxAge": 1, "endDate": "2018-03-31", "netIncome": 30569000, "depreciation": 15609000, "changeToNetincome": 220000, "changeToAccountReceivables": -3588000, "changeToLiabilities": 0, "changeToInventory": -53533000, "changeToOperatingActivities": 12735000, "totalCashFromOperatingActivities": 2118000, "capitalExpenditures": -20957000, "investments": -7738000, "otherCashflowsFromInvestingActivities": 4120000, "totalCashflowsFromInvestingActivities": -20637000, "dividendsPaid": -4917000, "netBorrowings": -1431000, "otherCashflowsFromFinancingActivities": -4583000, "totalCashFromFinancingActivities": -10931000, "changeInCash": -29450000}, {"maxAge": 1, "endDate": "2017-03-31", "netIncome": 36997000, "depreciation": 10451000, "changeToNetincome": -7923000, "changeToAccountReceivables": 22446000, "changeToLiabilities": 0, "changeToInventory": -14430000, "changeToOperatingActivities": 7440000, "totalCashFromOperatingActivities": 55304000, "capitalExpenditures": -88719000, "investments": -7738000, "otherCashflowsFromInvestingActivities": 1618000, "totalCashflowsFromInvestingActivities": -29643000, "dividendsPaid": -4917000, "netBorrowings": 12527000, "otherCashflowsFromFinancingActivities": -3713000, "totalCashFromFinancingActivities": 3897000, "changeInCash": 29558000}], "maxAge": 86400}, "institutionOwnership": {"maxAge": 1, "ownershipList": []}, "balanceSheetHistoryQuarterly": {"balanceSheetStatements": [{"maxAge": 1, "endDate": "2020-06-30", "totalStockholderEquity": 446193000, "netTangibleAssets": 445501000}, {"maxAge": 1, "endDate": "2020-03-31", "cash": 8666000, "netReceivables": 115697000, "inventory": 106854000, "otherCurrentAssets": 5729000, "totalCurrentAssets": 237686000, "longTermInvestments": 150365000, "propertyPlantEquipment": 335042000, "intangibleAssets": 692000, "otherAssets": 14965000, "totalAssets": 738750000, "accountsPayable": 77111000, "shortLongTermDebt": 21750000, "otherCurrentLiab": 55707000, "longTermDebt": 59812000, "otherLiab": 18676000, "totalCurrentLiabilities": 193604000, "totalLiab": 292557000, "commonStock": 49170000, "retainedEarnings": 239219000, "treasuryStock": 146940000, "capitalSurplus": 10864000, "otherStockholderEquity": 146940000, "totalStockholderEquity": 446193000, "netTangibleAssets": 445501000}, {"maxAge": 1, "endDate": "2019-12-31", "totalStockholderEquity": 399627000, "netTangibleAssets": 399609000}, {"maxAge": 1, "endDate": "2019-09-30", "cash": 8132000, "shortTermInvestments": 5473000, "netReceivables": 147475000, "inventory": 89436000, "otherCurrentAssets": 28155000, "totalCurrentAssets": 278671000, "longTermInvestments": 102725000, "propertyPlantEquipment": 310856000, "intangibleAssets": 18000, "otherAssets": 15155000, "totalAssets": 707425000, "accountsPayable": 106472000, "otherCurrentLiab": 98123000, "longTermDebt": 70687000, "otherLiab": 32516000, "totalCurrentLiabilities": 204595000, "totalLiab": 307798000, "commonStock": 49170000, "treasuryStock": 350457000, "otherStockholderEquity": 350457000, "totalStockholderEquity": 399627000, "netTangibleAssets": 399609000}], "maxAge": 86400}, "earningsHistory": {"history": [{"maxAge": 1, "epsActual": {}, "epsEstimate": {}, "epsDifference": {}, "surprisePercent": {}, "quarter": {}, "period": "-4q"}, {"maxAge": 1, "epsActual": {}, "epsEstimate": {}, "epsDifference": {}, "surprisePercent": {}, "quarter": {}, "period": "-3q"}, {"maxAge": 1, "epsActual": {}, "epsEstimate": {}, "epsDifference": {}, "surprisePercent": {}, "quarter": {}, "period": "-2q"}, {"maxAge": 1, "epsActual": {}, "epsEstimate": {}, "epsDifference": {}, "surprisePercent": {}, "quarter": {}, "period": "-1q"}], "maxAge": 86400}, "indexTrend": {"maxAge": 1, "symbol": "SP5", "peRatio": 19.7411, "pegRatio": 1.34172, "estimates": [{"period": "0q", "growth": 0.549}, {"period": "+1q", "growth": 0.431}, {"period": "0y", "growth": 0.305}, {"period": "+1y", "growth": 0.109}, {"period": "+5y", "growth": 0.120859005}, {"period": "-5y"}]}, "industryTrend": {"maxAge": 1, "symbol": null, "estimates": []}, "quoteType": {"exchange": "BSE", "quoteType": "EQUITY", "symbol": "MAKERSL.BO", "underlyingSymbol": "MAKERSL.BO", "shortName": "MAKERS LABORATORIES LTD.", "longName": "Makers Laboratories Limited", "firstTradeDateEpochUtc": "2002-01-14 09:15:00", "timeZoneFullName": "Asia/Kolkata", "timeZoneShortName": "IST", "uuid": "67e88845-df42-3bc8-b778-69798ea61ee6", "messageBoardId": null, "gmtOffSetMilliseconds": 19800000, "maxAge": 1}, "incomeStatementHistory": {"incomeStatementHistory": [{"maxAge": 1, "endDate": "2020-03-31", "totalRevenue": 513966000, "costOfRevenue": 299199000, "grossProfit": 214767000, "researchDevelopment": {}, "sellingGeneralAdministrative": 81777000, "nonRecurring": {}, "otherOperatingExpenses": 101745000, "totalOperatingExpenses": 502596000, "operatingIncome": 11370000, "totalOtherIncomeExpenseNet": -8880000, "ebit": 11370000, "interestExpense": -7031000, "incomeBeforeTax": 2490000, "incomeTaxExpense": 3728000, "minorityInterest": {}, "netIncomeFromContinuingOps": -1238000, "discontinuedOperations": {}, "extraordinaryItems": {}, "effectOfAccountingCharges": {}, "otherItems": {}, "netIncome": -1238000, "netIncomeApplicableToCommonShares": -1238000}, {"maxAge": 1, "endDate": "2019-03-31", "totalRevenue": 466250000, "costOfRevenue": 292004000, "grossProfit": 174246000, "researchDevelopment": {}, "sellingGeneralAdministrative": 74361000, "nonRecurring": {}, "otherOperatingExpenses": 54961000, "totalOperatingExpenses": 436354000, "operatingIncome": 29896000, "totalOtherIncomeExpenseNet": 266000, "ebit": 29896000, "interestExpense": -2541000, "incomeBeforeTax": 30162000, "incomeTaxExpense": 5674000, "minorityInterest": {}, "netIncomeFromContinuingOps": 24488000, "discontinuedOperations": {}, "extraordinaryItems": {}, "effectOfAccountingCharges": {}, "otherItems": {}, "netIncome": 24488000, "netIncomeApplicableToCommonShares": 24488000}, {"maxAge": 1, "endDate": "2018-03-31", "totalRevenue": 559458000, "costOfRevenue": 362841000, "grossProfit": 196617000, "researchDevelopment": {}, "sellingGeneralAdministrative": 66002000, "nonRecurring": {}, "otherOperatingExpenses": 71684000, "totalOperatingExpenses": 516242000, "operatingIncome": 43216000, "totalOtherIncomeExpenseNet": -861000, "ebit": 43216000, "interestExpense": -3582000, "incomeBeforeTax": 42355000, "incomeTaxExpense": 11786000, "minorityInterest": {}, "netIncomeFromContinuingOps": 30569000, "discontinuedOperations": {}, "extraordinaryItems": {}, "effectOfAccountingCharges": {}, "otherItems": {}, "netIncome": 30569000, "netIncomeApplicableToCommonShares": 30569000}, {"maxAge": 1, "endDate": "2017-03-31", "totalRevenue": 577558000, "costOfRevenue": 348846000, "grossProfit": 228712000, "researchDevelopment": {}, "sellingGeneralAdministrative": 67477000, "nonRecurring": {}, "otherOperatingExpenses": 105500000, "totalOperatingExpenses": 532597000, "operatingIncome": 44961000, "totalOtherIncomeExpenseNet": 8403000, "ebit": 44961000, "interestExpense": -2712000, "incomeBeforeTax": 53364000, "incomeTaxExpense": 16367000, "minorityInterest": {}, "netIncomeFromContinuingOps": 36997000, "discontinuedOperations": {}, "extraordinaryItems": {}, "effectOfAccountingCharges": {}, "otherItems": {}, "netIncome": 36997000, "netIncomeApplicableToCommonShares": 36997000}], "maxAge": 86400}, "fundOwnership": {"maxAge": 1, "ownershipList": []}, "summaryDetail": {"maxAge": 1, "priceHint": 2, "previousClose": 246.9, "open": 248.0, "dayLow": 240.1, "dayHigh": 258.0, "regularMarketPreviousClose": 246.9, "regularMarketOpen": 248.0, "regularMarketDayLow": 240.1, "regularMarketDayHigh": 258.0, "trailingPE": 241.6911, "forwardPE": 24.263985, "volume": 7267, "regularMarketVolume": 7267, "averageVolume": 23460, "averageVolume10days": 9005, "averageDailyVolume10Day": 9005, "bid": 248.0, "ask": 251.0, "bidSize": 0, "askSize": 0, "marketCap": 1215723264, "fiftyTwoWeekLow": 23.2, "fiftyTwoWeekHigh": 344.8, "fiftyDayAverage": 279.69284, "twoHundredDayAverage": 163.97554, "trailingAnnualDividendRate": 1.0, "trailingAnnualDividendYield": 0.0040502227, "currency": "INR", "fromCurrency": null, "toCurrency": null, "lastMarket": null, "algorithm": null, "tradeable": false}, "sectorTrend": {"maxAge": 1, "symbol": null, "estimates": []}, "incomeStatementHistoryQuarterly": {"incomeStatementHistory": [{"maxAge": 1, "endDate": "2020-06-30", "totalRevenue": 91382000, "costOfRevenue": 39777000, "grossProfit": 51605000, "researchDevelopment": {}, "sellingGeneralAdministrative": 19418000, "nonRecurring": {}, "otherOperatingExpenses": 20471000, "totalOperatingExpenses": 89676000, "operatingIncome": 1706000, "totalOtherIncomeExpenseNet": -2020000, "ebit": 1706000, "interestExpense": -3956000, "incomeBeforeTax": -314000, "incomeTaxExpense": -470000, "minorityInterest": {}, "netIncomeFromContinuingOps": 156000, "discontinuedOperations": {}, "extraordinaryItems": {}, "effectOfAccountingCharges": {}, "otherItems": {}, "netIncome": 156000, "netIncomeApplicableToCommonShares": 156000}, {"maxAge": 1, "endDate": "2020-03-31", "totalRevenue": 125358000, "costOfRevenue": 67115000, "grossProfit": 58243000, "researchDevelopment": {}, "sellingGeneralAdministrative": 23357000, "nonRecurring": {}, "otherOperatingExpenses": 16228000, "totalOperatingExpenses": 112894000, "operatingIncome": 12464000, "totalOtherIncomeExpenseNet": -4497000, "ebit": 12464000, "interestExpense": -2648000, "incomeBeforeTax": 7967000, "incomeTaxExpense": 4643000, "minorityInterest": {}, "netIncomeFromContinuingOps": 3324000, "discontinuedOperations": {}, "extraordinaryItems": {}, "effectOfAccountingCharges": {}, "otherItems": {}, "netIncome": 3324000, "netIncomeApplicableToCommonShares": 3324000}, {"maxAge": 1, "endDate": "2019-12-31", "totalRevenue": 112470000, "costOfRevenue": 65636000, "grossProfit": 46834000, "researchDevelopment": {}, "sellingGeneralAdministrative": 18435000, "nonRecurring": {}, "otherOperatingExpenses": 26410000, "totalOperatingExpenses": 115289000, "operatingIncome": -2819000, "totalOtherIncomeExpenseNet": -1904000, "ebit": -2819000, "interestExpense": -1904000, "incomeBeforeTax": -4723000, "incomeTaxExpense": -3181000, "minorityInterest": {}, "netIncomeFromContinuingOps": -1542000, "discontinuedOperations": {}, "extraordinaryItems": {}, "effectOfAccountingCharges": {}, "otherItems": {}, "netIncome": -1542000, "netIncomeApplicableToCommonShares": -1542000}, {"maxAge": 1, "endDate": "2019-09-30", "totalRevenue": 173649000, "costOfRevenue": 107580000, "grossProfit": 66069000, "researchDevelopment": {}, "sellingGeneralAdministrative": 20730000, "nonRecurring": {}, "otherOperatingExpenses": 33848000, "totalOperatingExpenses": 167255000, "operatingIncome": 6394000, "totalOtherIncomeExpenseNet": -1793000, "ebit": 6394000, "interestExpense": -1793000, "incomeBeforeTax": 4601000, "incomeTaxExpense": 1433000, "minorityInterest": {}, "netIncomeFromContinuingOps": 3168000, "discontinuedOperations": {}, "extraordinaryItems": {}, "effectOfAccountingCharges": {}, "otherItems": {}, "netIncome": 3168000, "netIncomeApplicableToCommonShares": 3168000}], "maxAge": 86400}, "cashflowStatementHistoryQuarterly": {"cashflowStatements": [{"maxAge": 1, "endDate": "2020-06-30", "netIncome": 156000, "changeToLiabilities": 0}, {"maxAge": 1, "endDate": "2020-03-31", "netIncome": 3324000, "changeToLiabilities": 0}, {"maxAge": 1, "endDate": "2019-12-31", "netIncome": -1542000, "changeToLiabilities": 0}, {"maxAge": 1, "endDate": "2019-09-30", "netIncome": 3168000, "changeToLiabilities": 0}], "maxAge": 86400}, "insiderHolders": {"holders": [], "maxAge": 1}, "earnings": {"maxAge": 86400, "earningsChart": {"quarterly": [], "earningsDate": ["2020-08-12 05:30:S"]}, "financialsChart": {"yearly": [{"date": 2017, "revenue": 577558000, "earnings": 36997000}, {"date": 2018, "revenue": 559458000, "earnings": 30569000}, {"date": 2019, "revenue": 466250000, "earnings": 24488000}, {"date": 2020, "revenue": 513966000, "earnings": -1238000}], "quarterly": [{"date": "3Q2019", "revenue": 173649000, "earnings": 3168000}, {"date": "4Q2019", "revenue": 112470000, "earnings": -1542000}, {"date": "1Q2020", "revenue": 125358000, "earnings": 3324000}, {"date": "2Q2020", "revenue": 91382000, "earnings": 156000}]}, "financialCurrency": "INR"}, "calendarEvents": {"maxAge": 1, "earnings": {"earningsDate": ["2020-08-12 05:30:S"]}}, "price": {"maxAge": 1, "regularMarketChangePercent": 0.0014176028, "regularMarketChange": 0.3500061, "regularMarketTime": "2021-04-30 15:57:48", "priceHint": 2, "regularMarketPrice": 247.25, "regularMarketDayHigh": 258.0, "regularMarketDayLow": 240.1, "regularMarketVolume": 7267, "averageDailyVolume10Day": 9005, "averageDailyVolume3Month": 23460, "regularMarketPreviousClose": 246.9, "regularMarketSource": "FREE_REALTIME", "regularMarketOpen": 248.0, "exchange": "BSE", "exchangeName": "BSE", "exchangeDataDelayedBy": 0, "marketState": "CLOSED", "quoteType": "EQUITY", "symbol": "MAKERSL.BO", "underlyingSymbol": null, "shortName": "MAKERS LABORATORIES LTD.", "longName": "Makers Laboratories Limited", "currency": "INR", "quoteSourceName": "Delayed Quote", "currencySymbol": "\u20b9", "fromCurrency": null, "toCurrency": null, "lastMarket": null, "marketCap": 1215723264}, "balanceSheetHistory": {"balanceSheetStatements": [{"maxAge": 1, "endDate": "2020-03-31", "cash": 8666000, "netReceivables": 115697000, "inventory": 106854000, "otherCurrentAssets": 5729000, "totalCurrentAssets": 237686000, "longTermInvestments": 150365000, "propertyPlantEquipment": 335042000, "intangibleAssets": 692000, "otherAssets": 14965000, "totalAssets": 738750000, "accountsPayable": 77111000, "shortLongTermDebt": 21750000, "otherCurrentLiab": 55707000, "longTermDebt": 59812000, "otherLiab": 18676000, "totalCurrentLiabilities": 193604000, "totalLiab": 292557000, "commonStock": 49170000, "retainedEarnings": 239219000, "treasuryStock": 146940000, "capitalSurplus": 10864000, "otherStockholderEquity": 146940000, "totalStockholderEquity": 446193000, "netTangibleAssets": 445501000}, {"maxAge": 1, "endDate": "2019-03-31", "cash": 21604000, "netReceivables": 84743000, "inventory": 116452000, "otherCurrentAssets": 4391000, "totalCurrentAssets": 227872000, "longTermInvestments": 111648000, "propertyPlantEquipment": 245165000, "intangibleAssets": 26000, "otherAssets": 15419000, "totalAssets": 600130000, "accountsPayable": 39304000, "shortLongTermDebt": 3980000, "otherCurrentLiab": 59550000, "longTermDebt": 59704000, "otherLiab": 10520000, "totalCurrentLiabilities": 112891000, "totalLiab": 183115000, "commonStock": 49170000, "retainedEarnings": 247109000, "treasuryStock": 109872000, "capitalSurplus": 10864000, "otherStockholderEquity": 109872000, "totalStockholderEquity": 417015000, "netTangibleAssets": 416989000}, {"maxAge": 1, "endDate": "2018-03-31", "cash": 1608000, "netReceivables": 128744000, "inventory": 133456000, "otherCurrentAssets": 2036000, "totalCurrentAssets": 276445000, "longTermInvestments": 81750000, "propertyPlantEquipment": 167183000, "intangibleAssets": 46000, "otherAssets": 7502000, "totalAssets": 532926000, "accountsPayable": 66810000, "otherCurrentLiab": 71171000, "otherLiab": 9278000, "totalCurrentLiabilities": 155429000, "totalLiab": 164707000, "commonStock": 49170000, "retainedEarnings": 227143000, "treasuryStock": 81042000, "capitalSurplus": 10864000, "otherStockholderEquity": 81042000, "totalStockholderEquity": 368219000, "netTangibleAssets": 368173000}, {"maxAge": 1, "endDate": "2017-03-31", "cash": 41077000, "netReceivables": 123515000, "inventory": 79924000, "otherCurrentAssets": 4650000, "totalCurrentAssets": 249991000, "longTermInvestments": 71161000, "propertyPlantEquipment": 174349000, "intangibleAssets": 152000, "otherAssets": 6356000, "totalAssets": 502009000, "accountsPayable": 71622000, "otherCurrentLiab": 59337000, "otherLiab": 10319000, "totalCurrentLiabilities": 151053000, "totalLiab": 161372000, "commonStock": 49170000, "retainedEarnings": 202527000, "treasuryStock": 78076000, "capitalSurplus": 10864000, "otherStockholderEquity": 78076000, "totalStockholderEquity": 340637000, "netTangibleAssets": 340485000}], "maxAge": 86400}, "earningsTrend": {"trend": [{"maxAge": 1, "period": "0q", "endDate": null, "growth": {}, "earningsEstimate": {"avg": 0.0, "low": 0.0, "high": 0.0, "yearAgoEps": {}, "numberOfAnalysts": 0, "growth": {}}, "revenueEstimate": {"avg": 0, "low": 0, "high": 0, "numberOfAnalysts": 0, "yearAgoRevenue": {}, "growth": {}}, "epsTrend": {"current": 0.0, "7daysAgo": 0.0, "30daysAgo": 0.0, "60daysAgo": 0.0, "90daysAgo": 0.0}, "epsRevisions": {"upLast7days": 0, "upLast30days": 0, "downLast30days": 0, "downLast90days": {}}}, {"maxAge": 1, "period": "+1q", "endDate": null, "growth": {}, "earningsEstimate": {"avg": 0.0, "low": 0.0, "high": 0.0, "yearAgoEps": {}, "numberOfAnalysts": 0, "growth": {}}, "revenueEstimate": {"avg": 0, "low": 0, "high": 0, "numberOfAnalysts": 0, "yearAgoRevenue": {}, "growth": {}}, "epsTrend": {"current": 0.0, "7daysAgo": 0.0, "30daysAgo": 0.0, "60daysAgo": 0.0, "90daysAgo": 0.0}, "epsRevisions": {"upLast7days": 0, "upLast30days": 0, "downLast30days": 0, "downLast90days": {}}}, {"maxAge": 1, "period": "0y", "endDate": null, "growth": {}, "earningsEstimate": {"avg": 0.0, "low": 0.0, "high": 0.0, "yearAgoEps": {}, "numberOfAnalysts": 0, "growth": {}}, "revenueEstimate": {"avg": 0, "low": 0, "high": 0, "numberOfAnalysts": 0, "yearAgoRevenue": {}, "growth": {}}, "epsTrend": {"current": 0.0, "7daysAgo": 0.0, "30daysAgo": 0.0, "60daysAgo": 0.0, "90daysAgo": 0.0}, "epsRevisions": {"upLast7days": 0, "upLast30days": 0, "downLast30days": 0, "downLast90days": {}}}, {"maxAge": 1, "period": "+1y", "endDate": null, "growth": {}, "earningsEstimate": {"avg": 0.0, "low": 0.0, "high": 0.0, "yearAgoEps": {}, "numberOfAnalysts": 0, "growth": {}}, "revenueEstimate": {"avg": 0, "low": 0, "high": 0, "numberOfAnalysts": 0, "yearAgoRevenue": {}, "growth": {}}, "epsTrend": {"current": 0.0, "7daysAgo": 0.0, "30daysAgo": 0.0, "60daysAgo": 0.0, "90daysAgo": 0.0}, "epsRevisions": {"upLast7days": 0, "upLast30days": 0, "downLast30days": 0, "downLast90days": {}}}, {"maxAge": 1, "period": "+5y", "endDate": null, "growth": {}, "earningsEstimate": {"avg": {}, "low": {}, "high": {}, "yearAgoEps": {}, "numberOfAnalysts": {}, "growth": {}}, "revenueEstimate": {"avg": {}, "low": {}, "high": {}, "numberOfAnalysts": {}, "yearAgoRevenue": {}, "growth": {}}, "epsTrend": {"current": {}, "7daysAgo": {}, "30daysAgo": {}, "60daysAgo": {}, "90daysAgo": {}}, "epsRevisions": {"upLast7days": {}, "upLast30days": {}, "downLast30days": {}, "downLast90days": {}}}, {"maxAge": 1, "period": "-5y", "endDate": null, "growth": {}, "earningsEstimate": {"avg": {}, "low": {}, "high": {}, "yearAgoEps": {}, "numberOfAnalysts": {}, "growth": {}}, "revenueEstimate": {"avg": {}, "low": {}, "high": {}, "numberOfAnalysts": {}, "yearAgoRevenue": {}, "growth": {}}, "epsTrend": {"current": {}, "7daysAgo": {}, "30daysAgo": {}, "60daysAgo": {}, "90daysAgo": {}}, "epsRevisions": {"upLast7days": {}, "upLast30days": {}, "downLast30days": {}, "downLast90days": {}}}], "maxAge": 1}, "financialData": {"maxAge": 86400, "currentPrice": 247.25, "targetHighPrice": 103.0, "targetLowPrice": 103.0, "targetMeanPrice": 103.0, "targetMedianPrice": 103.0, "recommendationKey": "none", "numberOfAnalystOpinions": 1, "grossProfits": 214767000, "financialCurrency": "INR"}}}