{"MALLCOM.BO": {"cashflowStatementHistory": {"cashflowStatements": [{"maxAge": 1, "endDate": "2020-03-31", "netIncome": 188843000, "depreciation": 55488000, "changeToNetincome": 25183000, "changeToAccountReceivables": 241405000, "changeToLiabilities": -55173000, "changeToInventory": -79760000, "totalCashFromOperatingActivities": 376828000, "capitalExpenditures": -55821000, "investments": -158034000, "otherCashflowsFromInvestingActivities": 367000, "totalCashflowsFromInvestingActivities": -213488000, "netBorrowings": -129395000, "otherCashflowsFromFinancingActivities": -10623000, "totalCashFromFinancingActivities": -140018000, "changeInCash": 23322000}, {"maxAge": 1, "endDate": "2019-03-31", "netIncome": 149911000, "depreciation": 56515000, "changeToNetincome": 43414000, "changeToAccountReceivables": -152770000, "changeToLiabilities": 144975000, "changeToInventory": -28513000, "totalCashFromOperatingActivities": 213532000, "capitalExpenditures": -85331000, "investments": -52018000, "otherCashflowsFromInvestingActivities": 504000, "totalCashflowsFromInvestingActivities": -136845000, "dividendsPaid": -12480000, "netBorrowings": -17945000, "otherCashflowsFromFinancingActivities": -36185000, "totalCashFromFinancingActivities": -66610000, "changeInCash": 10077000}, {"maxAge": 1, "endDate": "2018-03-31", "netIncome": 84454000, "depreciation": 53771000, "changeToNetincome": 31074000, "changeToAccountReceivables": -27921000, "changeToLiabilities": 33724000, "changeToInventory": -119368000, "totalCashFromOperatingActivities": 55734000, "capitalExpenditures": -51132000, "investments": 61511000, "otherCashflowsFromInvestingActivities": 604000, "totalCashflowsFromInvestingActivities": 15795000, "dividendsPaid": -15021000, "netBorrowings": -19490000, "otherCashflowsFromFinancingActivities": -33926000, "totalCashFromFinancingActivities": -68437000, "changeInCash": 3091000}, {"maxAge": 1, "endDate": "2017-03-31", "netIncome": 100750000, "depreciation": 51700000, "changeToNetincome": 11146000, "changeToAccountReceivables": 18916000, "changeToLiabilities": 52737000, "changeToInventory": 39813000, "totalCashFromOperatingActivities": 276327000, "capitalExpenditures": -49553000, "investments": -63977000, "otherCashflowsFromInvestingActivities": 433000, "totalCashflowsFromInvestingActivities": -104228000, "dividendsPaid": -12480000, "netBorrowings": -126362000, "otherCashflowsFromFinancingActivities": -32125000, "totalCashFromFinancingActivities": -170967000, "changeInCash": 1133000}], "maxAge": 86400}, "institutionOwnership": {"ownershipList": [], "maxAge": 1}, "balanceSheetHistoryQuarterly": {"balanceSheetStatements": [{"maxAge": 1, "endDate": "2020-06-30", "totalStockholderEquity": 1106284000, "netTangibleAssets": 1098907000}, {"maxAge": 1, "endDate": "2020-03-31", "cash": 52473000, "shortTermInvestments": 212519000, "netReceivables": 224830000, "inventory": 757348000, "otherCurrentAssets": 235949000, "totalCurrentAssets": 1484863000, "propertyPlantEquipment": 452008000, "goodWill": 4329000, "intangibleAssets": 3705000, "otherAssets": 28069000, "totalAssets": 1972974000, "accountsPayable": 333214000, "otherCurrentLiab": 152564000, "longTermDebt": 35513000, "otherLiab": 8377000, "totalCurrentLiabilities": 822800000, "totalLiab": 866690000, "commonStock": 62400000, "retainedEarnings": 876923000, "treasuryStock": 40149000, "capitalSurplus": 126812000, "otherStockholderEquity": 40149000, "totalStockholderEquity": 1106284000, "netTangibleAssets": 1098250000}, {"maxAge": 1, "endDate": "2019-12-31", "totalStockholderEquity": 1002955000, "netTangibleAssets": 999380000}, {"maxAge": 1, "endDate": "2019-09-30", "cash": 12511000, "shortTermInvestments": 56694000, "netReceivables": 385635000, "inventory": 689750000, "otherCurrentAssets": 394371000, "totalCurrentAssets": 1538961000, "longTermInvestments": 6000, "propertyPlantEquipment": 486595000, "intangibleAssets": 3575000, "otherAssets": 51421000, "totalAssets": 2080558000, "accountsPayable": 328503000, "otherCurrentLiab": 179272000, "longTermDebt": 35517000, "otherLiab": 5710000, "totalCurrentLiabilities": 1036376000, "totalLiab": 1077603000, "commonStock": 62400000, "treasuryStock": 940555000, "otherStockholderEquity": 940555000, "totalStockholderEquity": 1002955000, "netTangibleAssets": 999380000}], "maxAge": 86400}, "indexTrend": {"maxAge": 1, "symbol": "SP5", "peRatio": 19.7411, "pegRatio": 1.34172, "estimates": [{"period": "0q", "growth": 0.549}, {"period": "+1q", "growth": 0.431}, {"period": "0y", "growth": 0.305}, {"period": "+1y", "growth": 0.109}, {"period": "+5y", "growth": 0.120859005}, {"period": "-5y"}]}, "insiderTransactions": {"transactions": [{"maxAge": 1, "shares": 6500, "filerUrl": "", "transactionText": "", "filerName": "Chaturbujh Construction Pvt. Ltd.", "filerRelation": "Promoter", "moneyText": "", "startDate": "2018-03-06", "ownership": "D"}, {"maxAge": 1, "shares": 6500, "filerUrl": "", "transactionText": "", "filerName": "Mall (Sunita)", "filerRelation": "Promoter", "moneyText": "", "startDate": "2018-03-06", "ownership": "D"}, {"maxAge": 1, "shares": 12500, "filerUrl": "", "transactionText": "", "filerName": "Mallcom Holdings Pvt. Ltd.", "filerRelation": "Promoter", "moneyText": "", "startDate": "2018-03-05", "ownership": "D"}, {"maxAge": 1, "shares": 12500, "filerUrl": "", "transactionText": "", "filerName": "Mall (Sunita)", "filerRelation": "Promoter", "moneyText": "", "startDate": "2018-03-05", "ownership": "D"}, {"maxAge": 1, "shares": 25000, "filerUrl": "", "transactionText": "", "filerName": "Anmol Component Pvt Ltd", "filerRelation": "Promoter", "moneyText": "", "startDate": "2018-02-28", "ownership": "D"}, {"maxAge": 1, "shares": 25000, "filerUrl": "", "transactionText": "", "filerName": "Mall (Ajay Kumar)", "filerRelation": "Managing Director", "moneyText": "", "startDate": "2018-02-28", "ownership": "D"}, {"maxAge": 1, "shares": 25000, "filerUrl": "", "transactionText": "", "filerName": "Mall (Ajay Kumar)", "filerRelation": "Managing Director", "moneyText": "", "startDate": "2018-02-27", "ownership": "D"}, {"maxAge": 1, "shares": 25000, "filerUrl": "", "transactionText": "", "filerName": "Anmol Component Pvt Ltd", "filerRelation": "Promoter", "moneyText": "", "startDate": "2018-02-27", "ownership": "D"}, {"maxAge": 1, "shares": 5000, "filerUrl": "", "transactionText": "", "filerName": "Kadambini Securities Pvt. Ltd.", "filerRelation": "Promoter", "moneyText": "", "startDate": "2018-02-08", "ownership": "D"}, {"maxAge": 1, "shares": 4500, "filerUrl": "", "transactionText": "", "filerName": "Mall (Ajay Kumar)", "filerRelation": "Managing Director", "moneyText": "", "startDate": "2018-02-08", "ownership": "D"}, {"maxAge": 1, "shares": 30000, "filerUrl": "", "transactionText": "", "filerName": "DNB Construction Pvt. Ltd.", "filerRelation": "Promoter", "moneyText": "", "startDate": "2017-04-18", "ownership": "D"}, {"maxAge": 1, "shares": 14500, "filerUrl": "", "transactionText": "", "filerName": "Chaturbujh Construction Pvt. Ltd.", "filerRelation": "Promoter", "moneyText": "", "startDate": "2017-04-04", "ownership": "D"}, {"maxAge": 1, "shares": 8000, "filerUrl": "", "transactionText": "", "filerName": "Kadambini Securities Pvt. Ltd.", "filerRelation": "Promoter", "moneyText": "", "startDate": "2016-05-05", "ownership": "D"}, {"maxAge": 1, "shares": 20000, "filerUrl": "", "transactionText": "", "filerName": "Mall (Ajay Kumar)", "filerRelation": "Managing Director", "moneyText": "", "startDate": "2016-04-25", "ownership": "D"}, {"maxAge": 1, "shares": 20000, "filerUrl": "", "transactionText": "", "filerName": "Kadambini Securities Pvt. Ltd.", "filerRelation": "Promoter", "moneyText": "", "startDate": "2016-04-25", "ownership": "D"}, {"maxAge": 1, "shares": 13620, "filerUrl": "", "transactionText": "", "filerName": "Kadambini Securities Pvt. Ltd.", "filerRelation": "Promoter", "moneyText": "", "startDate": "2016-04-22", "ownership": "D"}, {"maxAge": 1, "shares": 17000, "filerUrl": "", "transactionText": "", "filerName": "Vikram Traders Pvt. Ltd.", "filerRelation": "Promoter", "moneyText": "", "startDate": "2016-04-22", "ownership": "D"}], "maxAge": 1}, "quoteType": {"exchange": "BSE", "quoteType": "EQUITY", "symbol": "MALLCOM.BO", "underlyingSymbol": "MALLCOM.BO", "shortName": "MALLCOM (INDIA) LTD.", "longName": "Mallcom (India) Limited", "firstTradeDateEpochUtc": "2015-10-21 09:15:00", "timeZoneFullName": "Asia/Kolkata", "timeZoneShortName": "IST", "uuid": "62d28ca2-a8d9-30ef-81bf-1ac61306e4fd", "gmtOffSetMilliseconds": 19800000, "maxAge": 1}, "incomeStatementHistory": {"incomeStatementHistory": [{"maxAge": 1, "endDate": "2020-03-31", "totalRevenue": 2876909000, "costOfRevenue": 2361731000, "grossProfit": 515178000, "researchDevelopment": {}, "sellingGeneralAdministrative": 166526000, "nonRecurring": {}, "otherOperatingExpenses": 33274000, "totalOperatingExpenses": 2618070000, "operatingIncome": 258839000, "totalOtherIncomeExpenseNet": -5815000, "ebit": 258839000, "interestExpense": -18934000, "incomeBeforeTax": 253024000, "incomeTaxExpense": 64181000, "minorityInterest": {}, "netIncomeFromContinuingOps": 188843000, "discontinuedOperations": {}, "extraordinaryItems": {}, "effectOfAccountingCharges": {}, "otherItems": {}, "netIncome": 188843000, "netIncomeApplicableToCommonShares": 188843000}, {"maxAge": 1, "endDate": "2019-03-31", "totalRevenue": 3007876000, "costOfRevenue": 2473146000, "grossProfit": 534730000, "researchDevelopment": {}, "sellingGeneralAdministrative": 170126000, "nonRecurring": {}, "otherOperatingExpenses": 36666000, "totalOperatingExpenses": 2743295000, "operatingIncome": 264581000, "totalOtherIncomeExpenseNet": -37681000, "ebit": 264581000, "interestExpense": -33620000, "incomeBeforeTax": 226900000, "incomeTaxExpense": 76989000, "minorityInterest": {}, "netIncomeFromContinuingOps": 149911000, "discontinuedOperations": {}, "extraordinaryItems": {}, "effectOfAccountingCharges": {}, "otherItems": {}, "netIncome": 149911000, "netIncomeApplicableToCommonShares": 149911000}, {"maxAge": 1, "endDate": "2018-03-31", "totalRevenue": 2472337000, "costOfRevenue": 2056085000, "grossProfit": 416252000, "researchDevelopment": {}, "sellingGeneralAdministrative": 153681000, "nonRecurring": {}, "otherOperatingExpenses": 25725000, "totalOperatingExpenses": 2289262000, "operatingIncome": 183075000, "totalOtherIncomeExpenseNet": -47662000, "ebit": 183075000, "interestExpense": -33926000, "incomeBeforeTax": 135413000, "incomeTaxExpense": 50959000, "minorityInterest": {}, "netIncomeFromContinuingOps": 84454000, "discontinuedOperations": {}, "extraordinaryItems": {}, "effectOfAccountingCharges": {}, "otherItems": {}, "netIncome": 84454000, "netIncomeApplicableToCommonShares": 84454000}, {"maxAge": 1, "endDate": "2017-03-31", "totalRevenue": 2527741000, "costOfRevenue": 2036552000, "grossProfit": 491189000, "researchDevelopment": {}, "sellingGeneralAdministrative": 125094000, "nonRecurring": {}, "otherOperatingExpenses": 155914000, "totalOperatingExpenses": 2370525000, "operatingIncome": 157216000, "totalOtherIncomeExpenseNet": -5607000, "ebit": 157216000, "interestExpense": -29585000, "incomeBeforeTax": 151609000, "incomeTaxExpense": 50842000, "minorityInterest": 163000, "netIncomeFromContinuingOps": 100767000, "discontinuedOperations": {}, "extraordinaryItems": {}, "effectOfAccountingCharges": {}, "otherItems": {}, "netIncome": 100750000, "netIncomeApplicableToCommonShares": 100750000}], "maxAge": 86400}, "fundOwnership": {"ownershipList": [], "maxAge": 1}, "summaryDetail": {"maxAge": 1, "priceHint": 2, "previousClose": 624.9, "open": 622.0, "dayLow": 600.0, "dayHigh": 653.4, "regularMarketPreviousClose": 624.9, "regularMarketOpen": 622.0, "regularMarketDayLow": 600.0, "regularMarketDayHigh": 653.4, "trailingPE": 21.301575, "volume": 3325, "regularMarketVolume": 3325, "averageVolume": 1471, "averageVolume10days": 1275, "averageDailyVolume10Day": 1275, "bid": 620.0, "ask": 634.9, "bidSize": 0, "askSize": 0, "marketCap": 3895008000, "fiftyTwoWeekLow": 132.85, "fiftyTwoWeekHigh": 653.4, "fiftyDayAverage": 306.52878, "twoHundredDayAverage": 260.29376, "trailingAnnualDividendRate": 2.0, "trailingAnnualDividendYield": 0.003200512, "currency": "INR", "fromCurrency": null, "lastMarket": null, "algorithm": null, "tradeable": false}, "incomeStatementHistoryQuarterly": {"incomeStatementHistory": [{"maxAge": 1, "endDate": "2020-06-30", "totalRevenue": 395001000, "costOfRevenue": 316904000, "grossProfit": 78097000, "researchDevelopment": {}, "sellingGeneralAdministrative": 22652000, "nonRecurring": {}, "otherOperatingExpenses": 6075000, "totalOperatingExpenses": 357971000, "operatingIncome": 37030000, "totalOtherIncomeExpenseNet": 2804000, "ebit": 37030000, "interestExpense": -2711000, "incomeBeforeTax": 39834000, "incomeTaxExpense": 10156000, "minorityInterest": {}, "netIncomeFromContinuingOps": 29678000, "discontinuedOperations": {}, "extraordinaryItems": {}, "effectOfAccountingCharges": {}, "otherItems": {}, "netIncome": 29678000, "netIncomeApplicableToCommonShares": 29678000}, {"maxAge": 1, "endDate": "2020-03-31", "totalRevenue": 700074000, "costOfRevenue": 606364000, "grossProfit": 93710000, "researchDevelopment": {}, "sellingGeneralAdministrative": 71255000, "nonRecurring": {}, "otherOperatingExpenses": -54979000, "totalOperatingExpenses": 639179000, "operatingIncome": 60895000, "totalOtherIncomeExpenseNet": 10587000, "ebit": 60895000, "interestExpense": -2711000, "incomeBeforeTax": 71482000, "incomeTaxExpense": 19752000, "minorityInterest": {}, "netIncomeFromContinuingOps": 51730000, "discontinuedOperations": {}, "extraordinaryItems": {}, "effectOfAccountingCharges": {}, "otherItems": {}, "netIncome": 51730000, "netIncomeApplicableToCommonShares": 51730000}, {"maxAge": 1, "endDate": "2019-12-31", "totalRevenue": 715129000, "costOfRevenue": 557400000, "grossProfit": 157729000, "researchDevelopment": {}, "sellingGeneralAdministrative": 26618000, "nonRecurring": {}, "otherOperatingExpenses": 48279000, "totalOperatingExpenses": 646419000, "operatingIncome": 68710000, "totalOtherIncomeExpenseNet": -5399000, "ebit": 68710000, "interestExpense": -8061000, "incomeBeforeTax": 63311000, "incomeTaxExpense": 10050000, "minorityInterest": {}, "netIncomeFromContinuingOps": 53261000, "discontinuedOperations": {}, "extraordinaryItems": {}, "effectOfAccountingCharges": {}, "otherItems": {}, "netIncome": 53261000, "netIncomeApplicableToCommonShares": 53261000}, {"maxAge": 1, "endDate": "2019-09-30", "totalRevenue": 760500000, "costOfRevenue": 615376000, "grossProfit": 145124000, "researchDevelopment": {}, "sellingGeneralAdministrative": 28764000, "nonRecurring": {}, "otherOperatingExpenses": 29210000, "totalOperatingExpenses": 686724000, "operatingIncome": 73776000, "totalOtherIncomeExpenseNet": -5121000, "ebit": 73776000, "interestExpense": -6144000, "incomeBeforeTax": 68655000, "incomeTaxExpense": 20514000, "minorityInterest": {}, "netIncomeFromContinuingOps": 48141000, "discontinuedOperations": {}, "extraordinaryItems": {}, "effectOfAccountingCharges": {}, "otherItems": {}, "netIncome": 48141000, "netIncomeApplicableToCommonShares": 48141000}], "maxAge": 86400}, "cashflowStatementHistoryQuarterly": {"cashflowStatements": [{"maxAge": 1, "endDate": "2020-06-30", "netIncome": 29678000, "changeToLiabilities": 0}, {"maxAge": 1, "endDate": "2020-03-31", "netIncome": 51730000, "changeToLiabilities": 0}, {"maxAge": 1, "endDate": "2019-12-31", "netIncome": 53261000, "changeToLiabilities": 0}, {"maxAge": 1, "endDate": "2019-09-30", "netIncome": 48141000, "changeToLiabilities": 0}], "maxAge": 86400}, "insiderHolders": {"holders": [{"maxAge": 1, "name": "Anmol Component Pvt Ltd", "relation": "Promoter", "url": "", "transactionDescription": "Acquisition", "latestTransDate": "2018-02-28", "positionDirect": 50000, "positionDirectDate": "2018-02-28"}, {"maxAge": 1, "name": "Chaturbujh Construction Pvt. Ltd.", "relation": "Promoter", "url": "", "transactionDescription": "Acquisition", "latestTransDate": "2018-03-06", "positionDirect": 104700, "positionDirectDate": "2018-03-06"}, {"maxAge": 1, "name": "DNB Construction Pvt. Ltd.", "relation": "Promoter", "url": "", "transactionDescription": "Sale", "latestTransDate": "2017-04-18", "positionDirect": 85300, "positionDirectDate": "2017-04-18"}, {"maxAge": 1, "name": "Kadambini Securities Pvt. Ltd.", "relation": "Promoter", "url": "", "transactionDescription": "Acquisition", "latestTransDate": "2018-02-08", "positionDirect": 2189606, "positionDirectDate": "2018-02-08"}, {"maxAge": 1, "name": "Mall (Ajay Kumar)", "relation": "Managing Director", "url": "", "transactionDescription": "Sale", "latestTransDate": "2018-02-28", "positionDirect": 1025820, "positionDirectDate": "2018-02-28"}, {"maxAge": 1, "name": "Mall (Sunita)", "relation": "Promoter", "url": "", "transactionDescription": "Sale", "latestTransDate": "2018-03-06", "positionDirect": 149200, "positionDirectDate": "2018-03-06"}, {"maxAge": 1, "name": "Mallcom Holdings Pvt. Ltd.", "relation": "Promoter", "url": "", "transactionDescription": "Acquisition", "latestTransDate": "2018-03-05", "positionDirect": 613600, "positionDirectDate": "2018-03-05"}, {"maxAge": 1, "name": "Vikram Traders Pvt. Ltd.", "relation": "Promoter", "url": "", "transactionDescription": "Sale", "latestTransDate": "2016-04-22", "positionDirect": 129260, "positionDirectDate": "2016-04-22"}], "maxAge": 1}, "calendarEvents": {"maxAge": 1, "earnings": {"earningsDate": ["2020-07-31 05:30:S"]}}, "upgradeDowngradeHistory": {"history": [], "maxAge": 86400}, "price": {"maxAge": 1, "regularMarketChangePercent": -0.0011201988, "regularMarketChange": -0.7000122, "regularMarketTime": "2021-04-30 15:29:39", "priceHint": 2, "regularMarketPrice": 624.2, "regularMarketDayHigh": 653.4, "regularMarketDayLow": 600.0, "regularMarketVolume": 3325, "averageDailyVolume10Day": 1275, "averageDailyVolume3Month": 1471, "regularMarketPreviousClose": 624.9, "regularMarketSource": "FREE_REALTIME", "regularMarketOpen": 622.0, "exchange": "BSE", "exchangeName": "BSE", "exchangeDataDelayedBy": 0, "marketState": "CLOSED", "quoteType": "EQUITY", "symbol": "MALLCOM.BO", "underlyingSymbol": null, "shortName": "MALLCOM (INDIA) LTD.", "longName": "Mallcom (India) Limited", "currency": "INR", "quoteSourceName": "Delayed Quote", "currencySymbol": "\u20b9", "fromCurrency": null, "lastMarket": null, "marketCap": 3895008000}, "balanceSheetHistory": {"balanceSheetStatements": [{"maxAge": 1, "endDate": "2020-03-31", "cash": 52473000, "shortTermInvestments": 212519000, "netReceivables": 224830000, "inventory": 757348000, "otherCurrentAssets": 235949000, "totalCurrentAssets": 1484863000, "propertyPlantEquipment": 452008000, "goodWill": 4329000, "intangibleAssets": 3705000, "otherAssets": 28069000, "totalAssets": 1972974000, "accountsPayable": 333214000, "otherCurrentLiab": 152564000, "longTermDebt": 35513000, "otherLiab": 8377000, "totalCurrentLiabilities": 822800000, "totalLiab": 866690000, "commonStock": 62400000, "retainedEarnings": 876923000, "treasuryStock": 40149000, "capitalSurplus": 126812000, "otherStockholderEquity": 40149000, "totalStockholderEquity": 1106284000, "netTangibleAssets": 1098250000}, {"maxAge": 1, "endDate": "2019-03-31", "cash": 29410000, "shortTermInvestments": 54485000, "netReceivables": 362093000, "inventory": 677588000, "otherCurrentAssets": 367016000, "totalCurrentAssets": 1491839000, "propertyPlantEquipment": 461286000, "intangibleAssets": 4999000, "otherAssets": 28927000, "totalAssets": 1987051000, "accountsPayable": 384048000, "otherCurrentLiab": 145020000, "longTermDebt": 35517000, "otherLiab": 6431000, "totalCurrentLiabilities": 1012968000, "totalLiab": 1054916000, "commonStock": 62400000, "retainedEarnings": 702774000, "treasuryStock": 40149000, "capitalSurplus": 126812000, "otherStockholderEquity": 40149000, "totalStockholderEquity": 932135000, "netTangibleAssets": 927136000}, {"maxAge": 1, "endDate": "2018-03-31", "cash": 19168000, "netReceivables": 344884000, "inventory": 649075000, "otherCurrentAssets": 244223000, "totalCurrentAssets": 1262116000, "propertyPlantEquipment": 426706000, "goodWill": 4325000, "intangibleAssets": 8979000, "otherAssets": 25779000, "totalAssets": 1727905000, "accountsPayable": 236734000, "otherCurrentLiab": 102307000, "longTermDebt": 35517000, "otherLiab": 3425000, "totalCurrentLiabilities": 898826000, "totalLiab": 937768000, "commonStock": 62400000, "retainedEarnings": 560776000, "treasuryStock": 40149000, "capitalSurplus": 126812000, "otherStockholderEquity": 40149000, "totalStockholderEquity": 790137000, "netTangibleAssets": 776833000}, {"maxAge": 1, "endDate": "2017-03-31", "cash": 16108000, "shortTermInvestments": 50384000, "netReceivables": 324089000, "inventory": 529707000, "otherCurrentAssets": 225142000, "totalCurrentAssets": 1161024000, "propertyPlantEquipment": 437867000, "goodWill": 4328000, "intangibleAssets": 612000, "otherAssets": 41927000, "totalAssets": 1645758000, "accountsPayable": 242147000, "otherCurrentLiab": 93600000, "longTermDebt": 54635000, "otherLiab": 2963000, "minorityInterest": 163000, "totalCurrentLiabilities": 882417000, "totalLiab": 940015000, "commonStock": 62400000, "retainedEarnings": 475785000, "treasuryStock": 40583000, "capitalSurplus": 126812000, "otherStockholderEquity": 40583000, "totalStockholderEquity": 705580000, "netTangibleAssets": 700640000}], "maxAge": 86400}, "financialData": {"maxAge": 86400, "currentPrice": 624.2, "recommendationKey": "none", "grossProfits": 515178000, "financialCurrency": "INR"}}}