{"MANAPPURAM.BO": {"recommendationTrend": {"trend": [{"period": "0m", "strongBuy": 0, "buy": 0, "hold": 0, "sell": 0, "strongSell": 0}, {"period": "-1m", "strongBuy": 0, "buy": 0, "hold": 0, "sell": 0, "strongSell": 0}, {"period": "-2m", "strongBuy": 0, "buy": 0, "hold": 0, "sell": 0, "strongSell": 0}, {"period": "-3m", "strongBuy": 0, "buy": 0, "hold": 0, "sell": 0, "strongSell": 0}], "maxAge": 86400}, "cashflowStatementHistory": {"cashflowStatements": [{"maxAge": 1, "endDate": "2020-03-31", "netIncome": 14677570000, "depreciation": 1596190000, "changeToNetincome": 2240050000, "changeToLiabilities": 410060000, "changeToOperatingActivities": -55222350000, "totalCashFromOperatingActivities": -36252900000, "capitalExpenditures": -1002570000, "investments": 455540000, "otherCashflowsFromInvestingActivities": 768000000, "totalCashflowsFromInvestingActivities": 261190000, "dividendsPaid": -2371990000, "netBorrowings": 62896250000, "otherCashflowsFromFinancingActivities": -487580000, "totalCashFromFinancingActivities": 60518660000, "changeInCash": 24526960000, "issuanceOfStock": 481980000}, {"maxAge": 1, "endDate": "2019-03-31", "netIncome": 9404600000, "depreciation": 710660000, "changeToNetincome": -774880000, "changeToLiabilities": 145010000, "changeToOperatingActivities": -26141390000, "totalCashFromOperatingActivities": -16614320000, "capitalExpenditures": -1282540000, "investments": -2546480000, "otherCashflowsFromInvestingActivities": 102430000, "totalCashflowsFromInvestingActivities": -3706680000, "dividendsPaid": -1811770000, "netBorrowings": 26010680000, "otherCashflowsFromFinancingActivities": -372410000, "totalCashFromFinancingActivities": 23881990000, "changeInCash": 3560990000, "issuanceOfStock": 55490000}, {"maxAge": 1, "endDate": "2018-03-31", "netIncome": 6771900000, "depreciation": 665080000, "changeToNetincome": 11644990000, "changeToLiabilities": 34980000, "changeToOperatingActivities": -19466110000, "totalCashFromOperatingActivities": -331650000, "capitalExpenditures": -1613120000, "investments": -231500000, "otherCashflowsFromInvestingActivities": 346250000, "totalCashflowsFromInvestingActivities": -1480580000, "dividendsPaid": -1683940000, "netBorrowings": 15818770000, "otherCashflowsFromFinancingActivities": -11257970000, "totalCashFromFinancingActivities": 2929090000, "changeInCash": 1116860000, "issuanceOfStock": 52230000}, {"maxAge": 1, "endDate": "2017-03-31", "netIncome": 7558480000, "depreciation": 612530000, "changeToNetincome": 874090000, "changeToLiabilities": 503450000, "changeToOperatingActivities": -22274470000, "totalCashFromOperatingActivities": -12706910000, "capitalExpenditures": -542050000, "investments": 268510000, "otherCashflowsFromInvestingActivities": 17990000, "totalCashflowsFromInvestingActivities": -249020000, "dividendsPaid": -1262560000, "netBorrowings": 13611300000, "otherCashflowsFromFinancingActivities": -257130000, "totalCashFromFinancingActivities": 12113260000, "changeInCash": -842670000, "issuanceOfStock": 21650000}], "maxAge": 86400}, "institutionOwnership": {"maxAge": 1, "ownershipList": []}, "balanceSheetHistoryQuarterly": {"balanceSheetStatements": [{"maxAge": 1, "endDate": "2020-06-30", "totalStockholderEquity": 57461200000, "netTangibleAssets": 56898600000}, {"maxAge": 1, "endDate": "2020-03-31", "cash": 32930760000, "netReceivables": 236968640000, "otherCurrentAssets": 5175030000, "totalCurrentAssets": 276444400000, "longTermInvestments": 2320100000, "propertyPlantEquipment": 7497450000, "goodWill": 355650000, "intangibleAssets": 207030000, "otherAssets": 2686820000, "deferredLongTermAssetCharges": 1013570000, "totalAssets": 289511450000, "accountsPayable": 1736720000, "shortLongTermDebt": 6597160000, "otherCurrentLiab": 3180610000, "longTermDebt": 122790670000, "otherLiab": 1395230000, "deferredLongTermLiab": 620000, "minorityInterest": 582800000, "totalCurrentLiabilities": 103589770000, "totalLiab": 231467550000, "commonStock": 1689990000, "retainedEarnings": 41253720000, "treasuryStock": 537610000, "capitalSurplus": 13979780000, "otherStockholderEquity": 537610000, "totalStockholderEquity": 57461100000, "netTangibleAssets": 56898420000}, {"maxAge": 1, "endDate": "2019-12-31", "totalStockholderEquity": 50556200000, "netTangibleAssets": 50018700000}, {"maxAge": 1, "endDate": "2019-09-30", "cash": 17230900000, "netReceivables": 210337500000, "otherCurrentAssets": 1065600000, "totalCurrentAssets": 228674900000, "longTermInvestments": 7066700000, "propertyPlantEquipment": 4986700000, "goodWill": 355600000, "intangibleAssets": 181900000, "otherAssets": 1500300000, "deferredLongTermAssetCharges": 828200000, "totalAssets": 242766100000, "accountsPayable": 1543800000, "otherCurrentLiab": 4619700000, "longTermDebt": 183461500000, "minorityInterest": 519000000, "totalCurrentLiabilities": 6163500000, "totalLiab": 191690900000, "commonStock": 1686500000, "treasuryStock": 48869700000, "otherStockholderEquity": 48869700000, "totalStockholderEquity": 50556200000, "netTangibleAssets": 50018700000}], "maxAge": 86400}, "earningsHistory": {"history": [{"maxAge": 1, "epsActual": {}, "epsEstimate": {}, "epsDifference": {}, "surprisePercent": {}, "quarter": {}, "period": "-4q"}, {"maxAge": 1, "epsActual": {}, "epsEstimate": {}, "epsDifference": {}, "surprisePercent": {}, "quarter": {}, "period": "-3q"}, {"maxAge": 1, "epsActual": 2.04, "epsEstimate": 2.0, "epsDifference": 0.04, "surprisePercent": 0.02, "quarter": "2017-12-31", "period": "-2q"}, {"maxAge": 1, "epsActual": 2.65, "epsEstimate": 2.4, "epsDifference": 0.25, "surprisePercent": 0.103999995, "quarter": "2018-09-30", "period": "-1q"}], "maxAge": 86400}, "indexTrend": {"maxAge": 1, "symbol": "SP5", "peRatio": 19.7411, "pegRatio": 1.34172, "estimates": [{"period": "0q", "growth": 0.549}, {"period": "+1q", "growth": 0.431}, {"period": "0y", "growth": 0.305}, {"period": "+1y", "growth": 0.109}, {"period": "+5y", "growth": 0.120865}, {"period": "-5y"}]}, "industryTrend": {"maxAge": 1, "symbol": null, "estimates": []}, "insiderTransactions": {"transactions": [{"maxAge": 1, "shares": 50000, "value": 106024, "filerUrl": "", "transactionText": "Sale at price 2.12 per share.", "filerName": "Bhardwaj (Aseem)", "filerRelation": "UNREPORTED", "moneyText": "", "startDate": "2020-09-30", "ownership": "D"}, {"maxAge": 1, "shares": 36000, "value": 77774, "filerUrl": "", "transactionText": "Sale at price 2.16 per share.", "filerName": "Narayan (Jeevandas)", "filerRelation": "UNREPORTED", "moneyText": "", "startDate": "2020-09-30", "ownership": "D"}, {"maxAge": 1, "shares": 24850, "value": 53780, "filerUrl": "", "transactionText": "Sale at price 2.16 per share.", "filerName": "Raju (N)", "filerRelation": "UNREPORTED", "moneyText": "", "startDate": "2020-09-30", "ownership": "D"}, {"maxAge": 1, "shares": 20000, "value": 42990, "filerUrl": "", "transactionText": "Sale at price 2.15 per share.", "filerName": "Rathinam (Rajiv)", "filerRelation": "UNREPORTED", "moneyText": "", "startDate": "2020-09-30", "ownership": "D"}, {"maxAge": 1, "shares": 0, "filerUrl": "", "transactionText": "", "filerName": "Joshy (K G)", "filerRelation": "UNREPORTED", "moneyText": "", "startDate": "2020-09-29", "ownership": "I"}, {"maxAge": 1, "shares": 8500, "value": 18439, "filerUrl": "", "transactionText": "Sale at price 2.17 per share.", "filerName": "Manikandan (T G)", "filerRelation": "UNREPORTED", "moneyText": "", "startDate": "2020-09-29", "ownership": "D"}, {"maxAge": 1, "shares": 0, "filerUrl": "", "transactionText": "", "filerName": "Satheshkumar (M)", "filerRelation": "UNREPORTED", "moneyText": "", "startDate": "2020-09-28", "ownership": "I"}, {"maxAge": 1, "shares": 20000, "value": 44020, "filerUrl": "", "transactionText": "Sale at price 2.20 per share.", "filerName": "Jain (Nikhilesh Kumar)", "filerRelation": "UNREPORTED", "moneyText": "", "startDate": "2020-09-16", "ownership": "D"}, {"maxAge": 1, "shares": 15000, "filerUrl": "", "transactionText": "", "filerName": "Patel (Vipul R)", "filerRelation": "UNREPORTED", "moneyText": "", "startDate": "2020-02-06", "ownership": "D"}, {"maxAge": 1, "shares": 9000, "filerUrl": "", "transactionText": "", "filerName": "Joshy (V K)", "filerRelation": "UNREPORTED", "moneyText": "", "startDate": "2019-12-19", "ownership": "D"}, {"maxAge": 1, "shares": 51000, "filerUrl": "", "transactionText": "", "filerName": "Bindu (A L)", "filerRelation": "Chief Financial Officer", "moneyText": "", "startDate": "2019-12-13", "ownership": "D"}, {"maxAge": 1, "shares": 5161, "filerUrl": "", "transactionText": "", "filerName": "Ghanta (Nagababu)", "filerRelation": "UNREPORTED", "moneyText": "", "startDate": "2019-12-13", "ownership": "D"}, {"maxAge": 1, "shares": 6650, "filerUrl": "", "transactionText": "", "filerName": "Mani (Mathew K)", "filerRelation": "UNREPORTED", "moneyText": "", "startDate": "2019-12-13", "ownership": "D"}, {"maxAge": 1, "shares": 2500, "filerUrl": "", "transactionText": "", "filerName": "Michael (Joby M)", "filerRelation": "UNREPORTED", "moneyText": "", "startDate": "2019-12-13", "ownership": "D"}, {"maxAge": 1, "shares": 7200, "filerUrl": "", "transactionText": "", "filerName": "PS (Sreekumar)", "filerRelation": "UNREPORTED", "moneyText": "", "startDate": "2019-12-13", "ownership": "D"}, {"maxAge": 1, "shares": 200000, "filerUrl": "", "transactionText": "", "filerName": "Babu (Raveendra B N)", "filerRelation": "Director (Executive)", "moneyText": "", "startDate": "2019-12-12", "ownership": "D"}, {"maxAge": 1, "shares": 150000, "filerUrl": "", "transactionText": "", "filerName": "Manomohanan (P)", "filerRelation": "Director (Non-Executive)", "moneyText": "", "startDate": "2019-12-11", "ownership": "D"}, {"maxAge": 1, "shares": 6500, "filerUrl": "", "transactionText": "", "filerName": "Michael (Joby M)", "filerRelation": "UNREPORTED", "moneyText": "", "startDate": "2019-12-05", "ownership": "D"}, {"maxAge": 1, "shares": 6600, "filerUrl": "", "transactionText": "", "filerName": "Chintha (Prasad)", "filerRelation": "UNREPORTED", "moneyText": "", "startDate": "2019-11-19", "ownership": "D"}, {"maxAge": 1, "shares": 8400, "filerUrl": "", "transactionText": "", "filerName": "Kumar (Anil C)", "filerRelation": "UNREPORTED", "moneyText": "", "startDate": "2019-11-19", "ownership": "D"}, {"maxAge": 1, "shares": 9900, "filerUrl": "", "transactionText": "", "filerName": "Manikandan (T G)", "filerRelation": "UNREPORTED", "moneyText": "", "startDate": "2019-11-19", "ownership": "D"}, {"maxAge": 1, "shares": 20000, "filerUrl": "", "transactionText": "", "filerName": "Rajesh (K M)", "filerRelation": "UNREPORTED", "moneyText": "", "startDate": "2019-11-19", "ownership": "D"}, {"maxAge": 1, "shares": 6600, "filerUrl": "", "transactionText": "", "filerName": "Ramesan (C K)", "filerRelation": "UNREPORTED", "moneyText": "", "startDate": "2019-11-18", "ownership": "D"}, {"maxAge": 1, "shares": 22000, "filerUrl": "", "transactionText": "", "filerName": "Bhaskar (Muthu)", "filerRelation": "UNREPORTED", "moneyText": "", "startDate": "2019-11-14", "ownership": "D"}, {"maxAge": 1, "shares": 7000, "filerUrl": "", "transactionText": "", "filerName": "Kumar (Hareesh P V)", "filerRelation": "UNREPORTED", "moneyText": "", "startDate": "2019-11-14", "ownership": "D"}, {"maxAge": 1, "shares": 11000, "filerUrl": "", "transactionText": "", "filerName": "Kumar (Satheesh P)", "filerRelation": "UNREPORTED", "moneyText": "", "startDate": "2019-11-14", "ownership": "D"}, {"maxAge": 1, "shares": 14620, "filerUrl": "", "transactionText": "", "filerName": "Joshy (K G)", "filerRelation": "UNREPORTED", "moneyText": "", "startDate": "2019-11-13", "ownership": "D"}, {"maxAge": 1, "shares": 13000, "filerUrl": "", "transactionText": "", "filerName": "Neena (K P)", "filerRelation": "UNREPORTED", "moneyText": "", "startDate": "2019-11-13", "ownership": "D"}, {"maxAge": 1, "shares": 35000, "filerUrl": "", "transactionText": "", "filerName": "Renjith (P R)", "filerRelation": "UNREPORTED", "moneyText": "", "startDate": "2019-11-13", "ownership": "D"}, {"maxAge": 1, "shares": 70000, "filerUrl": "", "transactionText": "", "filerName": "Satheshkumar (M)", "filerRelation": "UNREPORTED", "moneyText": "", "startDate": "2019-11-13", "ownership": "D"}, {"maxAge": 1, "shares": 7537, "filerUrl": "", "transactionText": "", "filerName": "Selvakumar (R)", "filerRelation": "UNREPORTED", "moneyText": "", "startDate": "2019-11-13", "ownership": "D"}, {"maxAge": 1, "shares": 10403, "filerUrl": "", "transactionText": "", "filerName": "Vipin (K V)", "filerRelation": "UNREPORTED", "moneyText": "", "startDate": "2019-11-13", "ownership": "D"}, {"maxAge": 1, "shares": 45886, "filerUrl": "", "transactionText": "", "filerName": "Babu (MV)", "filerRelation": "UNREPORTED", "moneyText": "", "startDate": "2019-09-03", "ownership": "D"}, {"maxAge": 1, "shares": 1255, "filerUrl": "", "transactionText": "", "filerName": "Sreedharan (Rajeev)", "filerRelation": "UNREPORTED", "moneyText": "", "startDate": "2019-06-20", "ownership": "D"}, {"maxAge": 1, "shares": 4100, "filerUrl": "", "transactionText": "", "filerName": "Sreedivya (S)", "filerRelation": "UNREPORTED", "moneyText": "", "startDate": "2019-06-19", "ownership": "D"}, {"maxAge": 1, "shares": 200000, "filerUrl": "", "transactionText": "", "filerName": "Babu (Raveendra B N)", "filerRelation": "Joint Managing director", "moneyText": "", "startDate": "2019-05-30", "ownership": "D"}, {"maxAge": 1, "shares": 7600, "filerUrl": "", "transactionText": "", "filerName": "Sreedivya (S)", "filerRelation": "UNREPORTED", "moneyText": "", "startDate": "2019-05-28", "ownership": "D"}, {"maxAge": 1, "shares": 6000, "filerUrl": "", "transactionText": "", "filerName": "Vipin (G S)", "filerRelation": "UNREPORTED", "moneyText": "", "startDate": "2019-05-24", "ownership": "D"}, {"maxAge": 1, "shares": 22875, "filerUrl": "", "transactionText": "", "filerName": "Patel (Vipul R)", "filerRelation": "UNREPORTED", "moneyText": "", "startDate": "2019-05-23", "ownership": "D"}, {"maxAge": 1, "shares": 10375, "filerUrl": "", "transactionText": "", "filerName": "Kumar (Senthil K)", "filerRelation": "UNREPORTED", "moneyText": "", "startDate": "2019-05-21", "ownership": "D"}, {"maxAge": 1, "shares": 15000, "filerUrl": "", "transactionText": "", "filerName": "Michael (Joby M)", "filerRelation": "UNREPORTED", "moneyText": "", "startDate": "2019-05-20", "ownership": "D"}, {"maxAge": 1, "shares": 4250, "filerUrl": "", "transactionText": "", "filerName": "Mani (Mathew K)", "filerRelation": "UNREPORTED", "moneyText": "", "startDate": "2019-03-05", "ownership": "D"}, {"maxAge": 1, "shares": 22875, "filerUrl": "", "transactionText": "", "filerName": "Patel (Vipul R)", "filerRelation": "UNREPORTED", "moneyText": "", "startDate": "2019-03-05", "ownership": "D"}, {"maxAge": 1, "shares": 4781, "filerUrl": "", "transactionText": "", "filerName": "John (Justine)", "filerRelation": "UNREPORTED", "moneyText": "", "startDate": "2019-03-01", "ownership": "D"}, {"maxAge": 1, "shares": 4781, "filerUrl": "", "transactionText": "", "filerName": "John (Binoy)", "filerRelation": "UNREPORTED", "moneyText": "", "startDate": "2019-02-27", "ownership": "D"}, {"maxAge": 1, "shares": 7500, "filerUrl": "", "transactionText": "", "filerName": "Ramesan (C K)", "filerRelation": "UNREPORTED", "moneyText": "", "startDate": "2019-02-18", "ownership": "D"}], "maxAge": 1}, "quoteType": {"exchange": "BSE", "quoteType": "EQUITY", "symbol": "MANAPPURAM.BO", "underlyingSymbol": "MANAPPURAM.BO", "shortName": "Manappuram Finance Ltd", "longName": "Manappuram Finance Limited", "firstTradeDateEpochUtc": "2002-07-01 09:15:00", "timeZoneFullName": "Asia/Kolkata", "timeZoneShortName": "IST", "uuid": "22f81a34-cb73-34a0-a12d-920c54b35738", "messageBoardId": null, "gmtOffSetMilliseconds": 19800000, "maxAge": 1}, "incomeStatementHistory": {"incomeStatementHistory": [{"maxAge": 1, "endDate": "2020-03-31", "totalRevenue": 37540660000, "costOfRevenue": 689850000, "grossProfit": 36850810000, "researchDevelopment": {}, "sellingGeneralAdministrative": 8980230000, "nonRecurring": {}, "otherOperatingExpenses": 6168040000, "totalOperatingExpenses": 17479890000, "operatingIncome": 20060770000, "totalOtherIncomeExpenseNet": 12210000, "ebit": 0, "interestExpense": {}, "incomeBeforeTax": 20072980000, "incomeTaxExpense": 5269810000, "minorityInterest": 582800000, "netIncomeFromContinuingOps": 14803170000, "discontinuedOperations": {}, "extraordinaryItems": {}, "effectOfAccountingCharges": {}, "otherItems": {}, "netIncome": 14677570000, "netIncomeApplicableToCommonShares": 14677570000}, {"maxAge": 1, "endDate": "2019-03-31", "totalRevenue": 29089550000, "costOfRevenue": 464220000, "grossProfit": 28625330000, "researchDevelopment": {}, "sellingGeneralAdministrative": 9023970000, "nonRecurring": {}, "otherOperatingExpenses": 4289420000, "totalOperatingExpenses": 14529950000, "operatingIncome": 14559600000, "totalOtherIncomeExpenseNet": 6310000, "ebit": 0, "interestExpense": {}, "incomeBeforeTax": 14565910000, "incomeTaxExpense": 5080410000, "minorityInterest": 459190000, "netIncomeFromContinuingOps": 9485500000, "discontinuedOperations": {}, "extraordinaryItems": {}, "effectOfAccountingCharges": {}, "otherItems": {}, "netIncome": 9404600000, "netIncomeApplicableToCommonShares": 9404600000}, {"maxAge": 1, "endDate": "2018-03-31", "totalRevenue": 24454590000, "costOfRevenue": 295790000, "grossProfit": 24158800000, "researchDevelopment": {}, "sellingGeneralAdministrative": 7812260000, "nonRecurring": {}, "otherOperatingExpenses": 5298010000, "totalOperatingExpenses": 14088650000, "operatingIncome": 10365940000, "totalOtherIncomeExpenseNet": 8110000, "ebit": 0, "interestExpense": {}, "incomeBeforeTax": 10374050000, "incomeTaxExpense": 3609290000, "minorityInterest": 291610000, "netIncomeFromContinuingOps": 6764760000, "discontinuedOperations": {}, "extraordinaryItems": {}, "effectOfAccountingCharges": {}, "otherItems": {}, "netIncome": 6771900000, "netIncomeApplicableToCommonShares": 6771900000}, {"maxAge": 1, "endDate": "2017-03-31", "totalRevenue": 22772640000, "costOfRevenue": 163370000, "grossProfit": 22609270000, "researchDevelopment": {}, "sellingGeneralAdministrative": 6569840000, "nonRecurring": {}, "otherOperatingExpenses": 3771420000, "totalOperatingExpenses": 11136170000, "operatingIncome": 11636470000, "totalOtherIncomeExpenseNet": 20730000, "ebit": 0, "interestExpense": {}, "incomeBeforeTax": 11657200000, "incomeTaxExpense": 4072300000, "minorityInterest": 238430000, "netIncomeFromContinuingOps": 7584900000, "discontinuedOperations": {}, "extraordinaryItems": {}, "effectOfAccountingCharges": {}, "otherItems": {}, "netIncome": 7558480000, "netIncomeApplicableToCommonShares": 7558480000}], "maxAge": 86400}, "fundOwnership": {"maxAge": 1, "ownershipList": [{"maxAge": 1, "reportDate": "2020-07-31", "organization": "Fidelity Series Emerging Markets Opportunities Fund", "pctHeld": 0.0348, "position": 29429793, "value": 4664622190}, {"maxAge": 1, "reportDate": "2020-07-31", "organization": "Vanguard International Stock Index-Total Intl Stock Indx", "pctHeld": 0.0053, "position": 4519274, "value": 716304929}, {"maxAge": 1, "reportDate": "2020-09-30", "organization": "Principal Origin Emerging Markets Fund", "pctHeld": 0.004, "position": 3413500, "value": 535919500}, {"maxAge": 1, "reportDate": "2020-07-31", "organization": "Vanguard International Stock Index-Emerging Markets Stk", "pctHeld": 0.004, "position": 3361039, "value": 532724681}, {"maxAge": 1, "reportDate": "2020-06-30", "organization": "Bernstein (Sanford C.) Emerging Markets Portfolio", "pctHeld": 0.0039, "position": 3281448, "value": 496483082}, {"maxAge": 1, "reportDate": "2020-07-31", "organization": "iShares Core MSCI Emerging Markets ETF", "pctHeld": 0.0029, "position": 2474224, "value": 392164504}, {"maxAge": 1, "reportDate": "2020-07-31", "organization": "DFA Emerging Markets Core Equity Portfolio", "pctHeld": 0.0027, "position": 2255402, "value": 357481217}, {"maxAge": 1, "reportDate": "2020-07-31", "organization": "Wells Fargo Emerging Markets Equity Income Fd", "pctHeld": 0.0026, "position": 2214940, "value": 351067990}, {"maxAge": 1, "reportDate": "2020-06-30", "organization": "Fidelity Central Investment Port-Emerging Markets Equity Central Fd", "pctHeld": 0.0026, "position": 2189857, "value": 331325364}, {"maxAge": 1, "reportDate": "2020-07-31", "organization": "DFA Investment Dimensions-DFA Emerging Mkts Value", "pctHeld": 0.002, "position": 1674284, "value": 265374014}]}, "summaryDetail": {"maxAge": 1, "priceHint": 2, "previousClose": 147.15, "open": 147.0, "dayLow": 145.2, "dayHigh": 153.55, "regularMarketPreviousClose": 147.15, "regularMarketOpen": 147.0, "regularMarketDayLow": 145.2, "regularMarketDayHigh": 153.55, "trailingPE": 7.9890842, "forwardPE": 14.287082, "volume": 354878, "regularMarketVolume": 354878, "averageVolume": 337437, "averageVolume10days": 280792, "averageDailyVolume10Day": 280792, "bid": 0.0, "ask": 149.8, "bidSize": 0, "askSize": 0, "marketCap": 126329896960, "fiftyTwoWeekLow": 75.6, "fiftyTwoWeekHigh": 187.3, "fiftyDayAverage": 168.98236, "twoHundredDayAverage": 163.0397, "trailingAnnualDividendRate": 1.65, "trailingAnnualDividendYield": 0.011213048, "currency": "INR", "fromCurrency": null, "toCurrency": null, "lastMarket": null, "algorithm": null, "tradeable": false}, "sectorTrend": {"maxAge": 1, "symbol": null, "estimates": []}, "incomeStatementHistoryQuarterly": {"incomeStatementHistory": [{"maxAge": 1, "endDate": "2020-06-30", "totalRevenue": 9490400000, "costOfRevenue": 37200000, "grossProfit": 9453200000, "researchDevelopment": {}, "sellingGeneralAdministrative": 1753100000, "nonRecurring": {}, "otherOperatingExpenses": 2333200000, "totalOperatingExpenses": 4567500000, "operatingIncome": 4922900000, "totalOtherIncomeExpenseNet": 0, "ebit": 0, "interestExpense": {}, "incomeBeforeTax": 4922900000, "incomeTaxExpense": 1243200000, "minorityInterest": {}, "netIncomeFromContinuingOps": 3679700000, "discontinuedOperations": {}, "extraordinaryItems": {}, "effectOfAccountingCharges": {}, "otherItems": {}, "netIncome": 3681100000, "netIncomeApplicableToCommonShares": 3681100000}, {"maxAge": 1, "endDate": "2020-03-31", "totalRevenue": 10793660000, "costOfRevenue": 515950000, "grossProfit": 10277710000, "researchDevelopment": {}, "sellingGeneralAdministrative": 2852230000, "nonRecurring": {}, "otherOperatingExpenses": 1659540000, "totalOperatingExpenses": 5465190000, "operatingIncome": 5328470000, "totalOtherIncomeExpenseNet": 12210000, "ebit": 0, "interestExpense": {}, "incomeBeforeTax": 5340680000, "incomeTaxExpense": 1358610000, "minorityInterest": 582800000, "netIncomeFromContinuingOps": 3982070000, "discontinuedOperations": {}, "extraordinaryItems": {}, "effectOfAccountingCharges": {}, "otherItems": {}, "netIncome": 3949770000, "netIncomeApplicableToCommonShares": 3949770000}, {"maxAge": 1, "endDate": "2019-12-31", "totalRevenue": 9656300000, "costOfRevenue": 61500000, "grossProfit": 9594800000, "researchDevelopment": {}, "sellingGeneralAdministrative": 2122800000, "nonRecurring": {}, "otherOperatingExpenses": 1618600000, "totalOperatingExpenses": 4212700000, "operatingIncome": 5443600000, "totalOtherIncomeExpenseNet": 0, "ebit": 0, "interestExpense": {}, "incomeBeforeTax": 5443600000, "incomeTaxExpense": 1421300000, "minorityInterest": 582800000, "netIncomeFromContinuingOps": 4022300000, "discontinuedOperations": {}, "extraordinaryItems": {}, "effectOfAccountingCharges": {}, "otherItems": {}, "netIncome": 3990700000, "netIncomeApplicableToCommonShares": 3990700000}, {"maxAge": 1, "endDate": "2019-09-30", "totalRevenue": 9066000000, "costOfRevenue": 58600000, "grossProfit": 9007400000, "researchDevelopment": {}, "sellingGeneralAdministrative": 2034200000, "nonRecurring": {}, "otherOperatingExpenses": 1430000000, "totalOperatingExpenses": 3921600000, "operatingIncome": 5144400000, "totalOtherIncomeExpenseNet": 0, "ebit": 0, "interestExpense": {}, "incomeBeforeTax": 5144400000, "incomeTaxExpense": 1067900000, "minorityInterest": 519000000, "netIncomeFromContinuingOps": 4076500000, "discontinuedOperations": {}, "extraordinaryItems": {}, "effectOfAccountingCharges": {}, "otherItems": {}, "netIncome": 4041100000, "netIncomeApplicableToCommonShares": 4041100000}], "maxAge": 86400}, "cashflowStatementHistoryQuarterly": {"cashflowStatements": [{"maxAge": 1, "endDate": "2020-06-30", "netIncome": 3681100000, "changeToLiabilities": 0}, {"maxAge": 1, "endDate": "2020-03-31", "netIncome": 3949770000, "changeToLiabilities": 0}, {"maxAge": 1, "endDate": "2019-12-31", "netIncome": 3990700000, "changeToLiabilities": 0}, {"maxAge": 1, "endDate": "2019-09-30", "netIncome": 4041100000, "changeToLiabilities": 0}], "maxAge": 86400}, "insiderHolders": {"holders": [{"maxAge": 1, "name": "Bhardwaj (Aseem)", "relation": "UNREPORTED", "url": "", "transactionDescription": "Sale", "latestTransDate": "2020-09-30", "positionDirect": 40000, "positionDirectDate": "2020-09-30"}, {"maxAge": 1, "name": "Jain (Nikhilesh Kumar)", "relation": "UNREPORTED", "url": "", "transactionDescription": "Sale", "latestTransDate": "2020-09-16", "positionDirect": 0, "positionDirectDate": "2020-09-16"}, {"maxAge": 1, "name": "Joshy (K G)", "relation": "UNREPORTED", "url": "", "transactionDescription": "Sale", "latestTransDate": "2020-09-29", "positionIndirect": 9, "positionIndirectDate": 1601337600}, {"maxAge": 1, "name": "Joshy (V K)", "relation": "UNREPORTED", "url": "", "transactionDescription": "Sale", "latestTransDate": "2019-12-19", "positionDirect": 89453, "positionDirectDate": "2019-12-19"}, {"maxAge": 1, "name": "Manikandan (T G)", "relation": "UNREPORTED", "url": "", "transactionDescription": "Sale", "latestTransDate": "2020-09-29", "positionDirect": 0, "positionDirectDate": "2020-09-29"}, {"maxAge": 1, "name": "Narayan (Jeevandas)", "relation": "UNREPORTED", "url": "", "transactionDescription": "Sale", "latestTransDate": "2020-09-30", "positionDirect": 14000, "positionDirectDate": "2020-09-30"}, {"maxAge": 1, "name": "Patel (Vipul R)", "relation": "UNREPORTED", "url": "", "transactionDescription": "Other", "latestTransDate": "2020-02-06", "positionDirect": 15500, "positionDirectDate": "2020-02-06"}, {"maxAge": 1, "name": "Raju (N)", "relation": "UNREPORTED", "url": "", "transactionDescription": "Sale", "latestTransDate": "2020-09-30", "positionDirect": 20000, "positionDirectDate": "2020-09-30"}, {"maxAge": 1, "name": "Rathinam (Rajiv)", "relation": "UNREPORTED", "url": "", "transactionDescription": "Sale", "latestTransDate": "2020-09-30", "positionDirect": 155000, "positionDirectDate": "2020-09-30"}, {"maxAge": 1, "name": "Satheshkumar (M)", "relation": "UNREPORTED", "url": "", "transactionDescription": "Sale", "latestTransDate": "2020-09-28", "positionIndirect": 2598, "positionIndirectDate": 1601251200}], "maxAge": 1}, "earnings": {"maxAge": 86400, "earningsChart": {"quarterly": [{"date": "4Q2017", "actual": 2.04, "estimate": 2.0}, {"date": "3Q2018", "actual": 2.65, "estimate": 2.4}], "currentQuarterEstimateDate": "4Q", "currentQuarterEstimateYear": 2018, "earningsDate": []}, "financialsChart": {"yearly": [{"date": 2017, "revenue": 22772640000, "earnings": 7558480000}, {"date": 2018, "revenue": 24454590000, "earnings": 6771900000}, {"date": 2019, "revenue": 29089550000, "earnings": 9404600000}, {"date": 2020, "revenue": 37540660000, "earnings": 14677570000}], "quarterly": [{"date": "3Q2019", "revenue": 9066000000, "earnings": 4041100000}, {"date": "4Q2019", "revenue": 9656300000, "earnings": 3990700000}, {"date": "1Q2020", "revenue": 10793660000, "earnings": 3949770000}, {"date": "2Q2020", "revenue": 9490400000, "earnings": 3681100000}]}, "financialCurrency": "INR"}, "calendarEvents": {"maxAge": 1, "earnings": {"earningsDate": []}}, "price": {"maxAge": 1, "regularMarketChangePercent": 0.014611003, "regularMarketChange": 2.1500092, "regularMarketTime": "2021-04-30 15:53:48", "priceHint": 2, "regularMarketPrice": 149.3, "regularMarketDayHigh": 153.55, "regularMarketDayLow": 145.2, "regularMarketVolume": 354878, "averageDailyVolume10Day": 280792, "averageDailyVolume3Month": 337437, "regularMarketPreviousClose": 147.15, "regularMarketSource": "FREE_REALTIME", "regularMarketOpen": 147.0, "exchange": "BSE", "exchangeName": "BSE", "exchangeDataDelayedBy": 0, "marketState": "CLOSED", "quoteType": "EQUITY", "symbol": "MANAPPURAM.BO", "underlyingSymbol": null, "shortName": "Manappuram Finance Ltd", "longName": "Manappuram Finance Limited", "currency": "INR", "quoteSourceName": "Delayed Quote", "currencySymbol": "\u20b9", "fromCurrency": null, "toCurrency": null, "lastMarket": null, "marketCap": 126329896960}, "balanceSheetHistory": {"balanceSheetStatements": [{"maxAge": 1, "endDate": "2020-03-31", "cash": 32930760000, "netReceivables": 236968640000, "otherCurrentAssets": 5175030000, "totalCurrentAssets": 276444400000, "longTermInvestments": 2320100000, "propertyPlantEquipment": 7497450000, "goodWill": 355650000, "intangibleAssets": 207030000, "otherAssets": 2686820000, "deferredLongTermAssetCharges": 1013570000, "totalAssets": 289511450000, "accountsPayable": 1736720000, "shortLongTermDebt": 6597160000, "otherCurrentLiab": 3180610000, "longTermDebt": 122790670000, "otherLiab": 1395230000, "deferredLongTermLiab": 620000, "minorityInterest": 582800000, "totalCurrentLiabilities": 103589770000, "totalLiab": 231467550000, "commonStock": 1689990000, "retainedEarnings": 41253720000, "treasuryStock": 537610000, "capitalSurplus": 13979780000, "otherStockholderEquity": 537610000, "totalStockholderEquity": 57461100000, "netTangibleAssets": 56898420000}, {"maxAge": 1, "endDate": "2019-03-31", "cash": 8403800000, "netReceivables": 181812220000, "otherCurrentAssets": 5533020000, "totalCurrentAssets": 195781350000, "longTermInvestments": 2503880000, "propertyPlantEquipment": 3133630000, "goodWill": 355650000, "intangibleAssets": 184660000, "otherAssets": 2497620000, "deferredLongTermAssetCharges": 770590000, "totalAssets": 204456790000, "accountsPayable": 1345760000, "shortLongTermDebt": 14334790000, "otherCurrentLiab": 2069130000, "longTermDebt": 41606250000, "otherLiab": 4535299000, "deferredLongTermLiab": 68550000, "minorityInterest": 459190000, "totalCurrentLiabilities": 116902070000, "totalLiab": 158531610000, "commonStock": 1685620000, "retainedEarnings": 28546290000, "treasuryStock": 1440550000, "capitalSurplus": 13793530000, "otherStockholderEquity": 1440550000, "totalStockholderEquity": 45465990000, "netTangibleAssets": 44925680000}, {"maxAge": 1, "endDate": "2018-03-31", "cash": 4842820000, "netReceivables": 155173780000, "otherCurrentAssets": 4086480000, "totalCurrentAssets": 164103080000, "longTermInvestments": 549500000, "propertyPlantEquipment": 2688030000, "goodWill": 355650000, "intangibleAssets": 56900000, "otherAssets": 2542940000, "deferredLongTermAssetCharges": 1098250000, "totalAssets": 170296100000, "accountsPayable": 1181550000, "shortLongTermDebt": 11328000000, "otherCurrentLiab": 1771950000, "longTermDebt": 36328410000, "otherLiab": 689400000, "deferredLongTermLiab": 131130000, "minorityInterest": 291610000, "totalCurrentLiabilities": 95477960000, "totalLiab": 131872140000, "commonStock": 1685070000, "retainedEarnings": 22256130000, "treasuryStock": 420760000, "capitalSurplus": 13770390000, "otherStockholderEquity": 420760000, "totalStockholderEquity": 38132350000, "netTangibleAssets": 37719800000}, {"maxAge": 1, "endDate": "2017-03-31", "cash": 5554260000, "netReceivables": 139082500000, "otherCurrentAssets": 1676810000, "totalCurrentAssets": 146313570000, "longTermInvestments": 50530000, "propertyPlantEquipment": 1838380000, "goodWill": 355650000, "intangibleAssets": 31100000, "otherAssets": 2934290000, "deferredLongTermAssetCharges": 777160000, "totalAssets": 151523520000, "accountsPayable": 733580000, "shortLongTermDebt": 15782820000, "otherCurrentLiab": 2433860000, "longTermDebt": 31292180000, "otherLiab": 1156330000, "minorityInterest": 238430000, "totalCurrentLiabilities": 85202730000, "totalLiab": 117667140000, "commonStock": 1683800000, "retainedEarnings": 17366480000, "treasuryStock": 848250000, "capitalSurplus": 13719420000, "otherStockholderEquity": 848250000, "totalStockholderEquity": 33617950000, "netTangibleAssets": 33231200000}], "maxAge": 86400}, "earningsTrend": {"trend": [{"maxAge": 1, "period": "0q", "endDate": "2018-12-31", "growth": {}, "earningsEstimate": {"avg": 0.0, "low": 0.0, "high": 0.0, "yearAgoEps": {}, "numberOfAnalysts": 0, "growth": {}}, "revenueEstimate": {"avg": 0, "low": 0, "high": 0, "numberOfAnalysts": 0, "yearAgoRevenue": {}, "growth": {}}, "epsTrend": {"current": 0.0, "7daysAgo": 2.74, "30daysAgo": 2.74, "60daysAgo": 2.74, "90daysAgo": 2.74}, "epsRevisions": {"upLast7days": 0, "upLast30days": 0, "downLast30days": 0, "downLast90days": {}}}, {"maxAge": 1, "period": "+1q", "endDate": "2019-03-31", "growth": {}, "earningsEstimate": {"avg": 0.0, "low": 0.0, "high": 0.0, "yearAgoEps": {}, "numberOfAnalysts": 0, "growth": {}}, "revenueEstimate": {"avg": 0, "low": 0, "high": 0, "numberOfAnalysts": 0, "yearAgoRevenue": {}, "growth": {}}, "epsTrend": {"current": 0.0, "7daysAgo": 0.0, "30daysAgo": 0.0, "60daysAgo": 0.0, "90daysAgo": 0.0}, "epsRevisions": {"upLast7days": 0, "upLast30days": 0, "downLast30days": 0, "downLast90days": {}}}, {"maxAge": 1, "period": "0y", "endDate": "2019-03-31", "growth": {}, "earningsEstimate": {"avg": 0.0, "low": 0.0, "high": 0.0, "yearAgoEps": {}, "numberOfAnalysts": 0, "growth": {}}, "revenueEstimate": {"avg": 22752500000, "low": 22317000000, "high": 23188000000, "numberOfAnalysts": 2, "yearAgoRevenue": 21572500000, "growth": 0.055}, "epsTrend": {"current": 0.0, "7daysAgo": 9.4, "30daysAgo": 9.4, "60daysAgo": 9.4, "90daysAgo": 9.4}, "epsRevisions": {"upLast7days": 0, "upLast30days": 0, "downLast30days": 0, "downLast90days": {}}}, {"maxAge": 1, "period": "+1y", "endDate": "2020-03-31", "growth": {}, "earningsEstimate": {"avg": 0.0, "low": 0.0, "high": 0.0, "yearAgoEps": {}, "numberOfAnalysts": 0, "growth": {}}, "revenueEstimate": {"avg": 24853500000, "low": 24427000000, "high": 25280000000, "numberOfAnalysts": 2, "yearAgoRevenue": 22752500000, "growth": 0.092}, "epsTrend": {"current": 0.0, "7daysAgo": 10.45, "30daysAgo": 10.45, "60daysAgo": 10.45, "90daysAgo": 10.45}, "epsRevisions": {"upLast7days": 0, "upLast30days": 0, "downLast30days": 0, "downLast90days": {}}}, {"maxAge": 1, "period": "+5y", "endDate": null, "growth": 0.2, "earningsEstimate": {"avg": {}, "low": {}, "high": {}, "yearAgoEps": {}, "numberOfAnalysts": {}, "growth": {}}, "revenueEstimate": {"avg": {}, "low": {}, "high": {}, "numberOfAnalysts": {}, "yearAgoRevenue": {}, "growth": {}}, "epsTrend": {"current": {}, "7daysAgo": {}, "30daysAgo": {}, "60daysAgo": {}, "90daysAgo": {}}, "epsRevisions": {"upLast7days": {}, "upLast30days": {}, "downLast30days": {}, "downLast90days": {}}}, {"maxAge": 1, "period": "-5y", "endDate": null, "growth": {}, "earningsEstimate": {"avg": {}, "low": {}, "high": {}, "yearAgoEps": {}, "numberOfAnalysts": {}, "growth": {}}, "revenueEstimate": {"avg": {}, "low": {}, "high": {}, "numberOfAnalysts": {}, "yearAgoRevenue": {}, "growth": {}}, "epsTrend": {"current": {}, "7daysAgo": {}, "30daysAgo": {}, "60daysAgo": {}, "90daysAgo": {}}, "epsRevisions": {"upLast7days": {}, "upLast30days": {}, "downLast30days": {}, "downLast90days": {}}}], "maxAge": 1}, "financialData": {"maxAge": 86400, "currentPrice": 149.3, "targetHighPrice": 140.0, "targetLowPrice": 85.0, "targetMeanPrice": 109.0, "targetMedianPrice": 109.0, "recommendationKey": "none", "numberOfAnalystOpinions": 8, "grossProfits": 36850810000, "financialCurrency": "INR"}}}