{"MANALIPETC.NS": {"assetProfile": {"address1": "SPIC House", "address2": "88 Mount Road Guindy", "city": "Chennai", "zip": "600032", "country": "India", "phone": "91 44 2235 1098", "fax": "91 44 2235 1098", "website": "http://www.manalipetro.com", "industry": "Specialty Chemicals", "sector": "Basic Materials", "longBusinessSummary": "Manali Petrochemicals Limited manufactures and sells petrochemical products primarily in India and internationally. It offers propylene oxide, an input material for the propylene glycol and polyether polyol derivative products; and flexible slabstock, flexible cold cure, rigid, and elastomer grade polyols used for various applications in automobile, refrigeration and temperature control, adhesive, sealant, coating, furniture, and textile industries. The company also provides propylene glycol for use in pharmaceuticals, food, flavor, and fragrance industries; and polyester resins, carbonless paper, and automobile consumables, such as brake fluids and anti-freeze liquids. In addition, it offers propylene glycol mono methyl ether, a solvent used in paints and coatings, and electronics industries. Further, Manali Petrochemicals Limited provides neuthane polyurethane cast elastomers for use in anti-roll bars, limit or bump stops, material handling applications, rollers, harvester components, and idler wheels on track laying tractors, as well as suspensions and shock bushes in buses, trucks, and other high performance vehicles. Additionally, it is involved in the trading, transaction facilitation, and business and project consultancy businesses. Manali Petrochemicals Limited was founded in 1986 and is based in Chennai, India.", "fullTimeEmployees": 275, "companyOfficers": [{"maxAge": 1, "name": "Mr. Muthukrishnan  Ravi", "age": 60, "title": "MD, CEO & Exec. Non-Independent Director", "yearBorn": 1960, "fiscalYear": 2020, "totalPay": 0, "exercisedValue": 0, "unexercisedValue": 0}, {"maxAge": 1, "name": "Mr. Anis Tyebali Hyderi", "age": 47, "title": "Chief Financial Officer", "yearBorn": 1973, "exercisedValue": 0, "unexercisedValue": 0}, {"maxAge": 1, "name": "Mr. C. Subash Chandra Bose", "age": 48, "title": "VP of Operations", "yearBorn": 1972, "fiscalYear": 2020, "totalPay": 5408000, "exercisedValue": 0, "unexercisedValue": 0}, {"maxAge": 1, "name": "Mr. R.  Kothandaraman", "age": 57, "title": "Compliance Officer & Company Sec.", "yearBorn": 1963, "exercisedValue": 0, "unexercisedValue": 0}, {"maxAge": 1, "name": "T.  Thangasagaran", "age": 51, "title": "Deputy Gen. Mang. of Operations", "yearBorn": 1969, "exercisedValue": 0, "unexercisedValue": 0}, {"maxAge": 1, "name": "E.  Venkatasubramaniyan", "age": 47, "title": "Gen. Mang. of Marketing", "yearBorn": 1973, "exercisedValue": 0, "unexercisedValue": 0}, {"maxAge": 1, "name": "Mr. M.  Karthikeyan", "age": 53, "title": "Whole -Time Director of Operations", "yearBorn": 1967, "exercisedValue": 0, "unexercisedValue": 0}, {"maxAge": 1, "name": "B.  Sekar", "age": 51, "title": "Deputy Gen. Mang. of Purchase", "yearBorn": 1969, "fiscalYear": 2017, "exercisedValue": 0, "unexercisedValue": 0}, {"maxAge": 1, "name": "R.  Palaniappan", "age": 54, "title": "Deputy Gen. Mang. of Marketing", "yearBorn": 1966, "exercisedValue": 0, "unexercisedValue": 0}, {"maxAge": 1, "name": "Krishnendu  Ghosh", "age": 44, "title": "Sr. Mang. of Marketing", "yearBorn": 1976, "exercisedValue": 0, "unexercisedValue": 0}], "compensationAsOfEpochDate": "2020-12-31 05:30:00", "maxAge": 86400}, "cashflowStatementHistory": {"cashflowStatements": [{"maxAge": 1, "endDate": "2020-03-31", "netIncome": 466573000, "depreciation": 144715000, "changeToNetincome": 4018000, "changeToAccountReceivables": 37803000, "changeToLiabilities": -388559000, "changeToInventory": 290090000, "changeToOperatingActivities": 319445000, "totalCashFromOperatingActivities": 874085000, "capitalExpenditures": -293669000, "investments": -158000, "otherCashflowsFromInvestingActivities": 87833000, "totalCashflowsFromInvestingActivities": -205994000, "dividendsPaid": -129000000, "netBorrowings": -81704000, "otherCashflowsFromFinancingActivities": -77746000, "totalCashFromFinancingActivities": -288450000, "effectOfExchangeRate": 29322000, "changeInCash": 408963000}, {"maxAge": 1, "endDate": "2019-03-31", "netIncome": 765932000, "depreciation": 110456000, "changeToNetincome": -96411000, "changeToAccountReceivables": -130540000, "changeToLiabilities": 264238000, "changeToInventory": -454401000, "changeToOperatingActivities": -324471000, "totalCashFromOperatingActivities": 134803000, "capitalExpenditures": -194045000, "investments": 146000, "otherCashflowsFromInvestingActivities": 23431000, "totalCashflowsFromInvestingActivities": -170468000, "dividendsPaid": -86000000, "netBorrowings": 107447000, "otherCashflowsFromFinancingActivities": -40927000, "totalCashFromFinancingActivities": -19480000, "effectOfExchangeRate": -34107000, "changeInCash": -89252000}, {"maxAge": 1, "endDate": "2018-03-31", "netIncome": 578994000, "depreciation": 89206000, "changeToNetincome": -2123000, "changeToAccountReceivables": -134291000, "changeToLiabilities": -559179000, "changeToInventory": 515794000, "changeToOperatingActivities": 92936000, "totalCashFromOperatingActivities": 581337000, "capitalExpenditures": -316911000, "investments": 41038000, "otherCashflowsFromInvestingActivities": 51382000, "totalCashflowsFromInvestingActivities": -224491000, "dividendsPaid": -86000000, "netBorrowings": -30817000, "otherCashflowsFromFinancingActivities": -50067000, "totalCashFromFinancingActivities": -166884000, "effectOfExchangeRate": 141881000, "changeInCash": 331843000}, {"maxAge": 1, "endDate": "2017-03-31", "netIncome": 395551000, "depreciation": 96715000, "changeToNetincome": 6664000, "changeToAccountReceivables": 76115000, "changeToLiabilities": -16090000, "changeToInventory": -195796000, "changeToOperatingActivities": 510412000, "totalCashFromOperatingActivities": 873571000, "capitalExpenditures": -1230728000, "investments": -81000, "otherCashflowsFromInvestingActivities": -10270000, "totalCashflowsFromInvestingActivities": -1241079000, "dividendsPaid": -86000000, "netBorrowings": 184796000, "otherCashflowsFromFinancingActivities": -40639000, "totalCashFromFinancingActivities": 58157000, "effectOfExchangeRate": -85485000, "changeInCash": -394836000}], "maxAge": 86400}, "institutionOwnership": {"ownershipList": [], "maxAge": 1}, "majorHoldersBreakdown": {"maxAge": 1, "insidersPercentHeld": 0.50528, "institutionsPercentHeld": 0.0002, "institutionsFloatPercentHeld": 0.0004, "institutionsCount": 1}, "balanceSheetHistoryQuarterly": {"balanceSheetStatements": [{"maxAge": 1, "endDate": "2020-12-31", "totalStockholderEquity": 4924545000, "netTangibleAssets": 4036765000}, {"maxAge": 1, "endDate": "2020-09-30", "cash": 785878000, "netReceivables": 1221024000, "inventory": 654621000, "otherCurrentAssets": 750047000, "totalCurrentAssets": 3411570000, "longTermInvestments": 1271000, "propertyPlantEquipment": 2343298000, "goodWill": 887780000, "otherAssets": 173784000, "totalAssets": 6817703000, "accountsPayable": 578324000, "otherCurrentLiab": 730455000, "otherLiab": 158424000, "totalCurrentLiabilities": 1401642000, "totalLiab": 1893158000, "commonStock": 860347000, "treasuryStock": 4064198000, "otherStockholderEquity": 4064198000, "totalStockholderEquity": 4924545000, "netTangibleAssets": 4036765000}, {"maxAge": 1, "endDate": "2020-06-30", "totalStockholderEquity": 4812423000, "netTangibleAssets": 3932878000}, {"maxAge": 1, "endDate": "2020-03-31", "cash": 546170000, "shortTermInvestments": 405916000, "netReceivables": 1104359000, "inventory": 889016000, "otherCurrentAssets": 122326000, "totalCurrentAssets": 3104315000, "longTermInvestments": 1265000, "propertyPlantEquipment": 2409268000, "goodWill": 879545000, "otherAssets": 208837000, "totalAssets": 6603230000, "accountsPayable": 556498000, "otherCurrentLiab": 364898000, "otherLiab": 180896000, "totalCurrentLiabilities": 1262776000, "totalLiab": 1790805000, "commonStock": 859996000, "retainedEarnings": 3876903000, "treasuryStock": 66381000, "capitalSurplus": 9145000, "otherStockholderEquity": 66381000, "totalStockholderEquity": 4812425000, "netTangibleAssets": 3932880000}], "maxAge": 86400}, "indexTrend": {"maxAge": 1, "symbol": "SP5", "peRatio": 19.7411, "pegRatio": 1.34172, "estimates": [{"period": "0q", "growth": 0.549}, {"period": "+1q", "growth": 0.431}, {"period": "0y", "growth": 0.305}, {"period": "+1y", "growth": 0.109}, {"period": "+5y", "growth": 0.120865}, {"period": "-5y"}]}, "defaultKeyStatistics": {"maxAge": 1, "priceHint": 2, "enterpriseValue": 13339319296, "profitMargins": 0.13904999, "floatShares": 84775350, "sharesOutstanding": 171999008, "heldPercentInsiders": 0.50528, "heldPercentInstitutions": 0.0002, "beta": 1.156235, "category": null, "bookValue": 28.703, "priceToBook": 2.7470996, "fundFamily": null, "legalType": null, "lastFiscalYearEnd": "2020-03-31 05:30:00", "nextFiscalYearEnd": "2022-03-31 05:30:00", "mostRecentQuarter": "2020-12-31 05:30:00", "earningsQuarterlyGrowth": 10.816, "netIncomeToCommon": 1238433024, "trailingEps": 7.198, "lastSplitFactor": null, "enterpriseToRevenue": 1.498, "enterpriseToEbitda": 7.465}, "summaryProfile": {"address1": "SPIC House", "address2": "88 Mount Road Guindy", "city": "Chennai", "zip": "600032", "country": "India", "phone": "91 44 2235 1098", "fax": "91 44 2235 1098", "website": "http://www.manalipetro.com", "industry": "Specialty Chemicals", "sector": "Basic Materials", "longBusinessSummary": "Manali Petrochemicals Limited manufactures and sells petrochemical products primarily in India and internationally. It offers propylene oxide, an input material for the propylene glycol and polyether polyol derivative products; and flexible slabstock, flexible cold cure, rigid, and elastomer grade polyols used for various applications in automobile, refrigeration and temperature control, adhesive, sealant, coating, furniture, and textile industries. The company also provides propylene glycol for use in pharmaceuticals, food, flavor, and fragrance industries; and polyester resins, carbonless paper, and automobile consumables, such as brake fluids and anti-freeze liquids. In addition, it offers propylene glycol mono methyl ether, a solvent used in paints and coatings, and electronics industries. Further, Manali Petrochemicals Limited provides neuthane polyurethane cast elastomers for use in anti-roll bars, limit or bump stops, material handling applications, rollers, harvester components, and idler wheels on track laying tractors, as well as suspensions and shock bushes in buses, trucks, and other high performance vehicles. Additionally, it is involved in the trading, transaction facilitation, and business and project consultancy businesses. Manali Petrochemicals Limited was founded in 1986 and is based in Chennai, India.", "fullTimeEmployees": 275, "companyOfficers": [], "maxAge": 86400}, "netSharePurchaseActivity": {"maxAge": 1, "period": "6m", "buyInfoCount": 0, "buyInfoShares": 0, "sellInfoCount": 0, "netInfoCount": 0, "netInfoShares": 0, "netPercentInsiderShares": 0.0, "totalInsiderShares": 86904624}, "insiderTransactions": {"transactions": [{"maxAge": 1, "shares": 5000, "filerUrl": "", "transactionText": "", "filerName": "Muthiah (Ashwin Chidambaram)", "filerRelation": "Non Executive Chairman", "moneyText": "", "startDate": "2011-08-09", "ownership": "D"}, {"maxAge": 1, "shares": 11446053, "filerUrl": "", "transactionText": "", "filerName": "SIDD Life Sciences Pvt Ltd", "filerRelation": "Institution- Corporation", "moneyText": "", "startDate": "2011-08-09", "ownership": "D"}, {"maxAge": 1, "shares": 11451053, "filerUrl": "", "transactionText": "", "filerName": "Southern Petrochemical Industries Corporation Ltd", "filerRelation": "Institution- Corporation", "moneyText": "", "startDate": "2011-08-09", "ownership": "D"}, {"maxAge": 1, "shares": 5000, "filerUrl": "", "transactionText": "", "filerName": "Muthiah (Ashwin Chidambaram)", "filerRelation": "Non Executive Chairman", "moneyText": "", "startDate": "2011-03-09", "ownership": "D"}, {"maxAge": 1, "shares": 54400000, "filerUrl": "", "transactionText": "", "filerName": "SIDD Life Sciences Pvt Ltd", "filerRelation": "Institution- Corporation", "moneyText": "", "startDate": "2011-03-09", "ownership": "D"}, {"maxAge": 1, "shares": 54405000, "filerUrl": "", "transactionText": "", "filerName": "Southern Petrochemical Industries Corporation Ltd", "filerRelation": "Institution- Corporation", "moneyText": "", "startDate": "2011-03-09", "ownership": "D"}], "maxAge": 1}, "quoteType": {"exchange": "NSI", "quoteType": "EQUITY", "symbol": "MANALIPETC.NS", "underlyingSymbol": "MANALIPETC.NS", "shortName": "MANALI PETROCHEMS", "longName": "Manali Petrochemicals Limited", "firstTradeDateEpochUtc": "2002-07-01 09:15:00", "timeZoneFullName": "Asia/Kolkata", "timeZoneShortName": "IST", "uuid": "a26b1681-e9d8-3166-acf7-fa72c446681b", "gmtOffSetMilliseconds": 19800000, "maxAge": 1}, "incomeStatementHistory": {"incomeStatementHistory": [{"maxAge": 1, "endDate": "2020-03-31", "totalRevenue": 8030531000, "costOfRevenue": 6557676000, "grossProfit": 1472855000, "researchDevelopment": {}, "sellingGeneralAdministrative": 402016000, "nonRecurring": {}, "otherOperatingExpenses": 359047000, "totalOperatingExpenses": 7463454000, "operatingIncome": 567077000, "totalOtherIncomeExpenseNet": -24968000, "ebit": 567077000, "interestExpense": -51527000, "incomeBeforeTax": 542109000, "incomeTaxExpense": 75536000, "minorityInterest": {}, "netIncomeFromContinuingOps": 466573000, "discontinuedOperations": {}, "extraordinaryItems": {}, "effectOfAccountingCharges": {}, "otherItems": {}, "netIncome": 466573000, "netIncomeApplicableToCommonShares": 466573000}, {"maxAge": 1, "endDate": "2019-03-31", "totalRevenue": 8102458000, "costOfRevenue": 6362494000, "grossProfit": 1739964000, "researchDevelopment": {}, "sellingGeneralAdministrative": 423232000, "nonRecurring": {}, "otherOperatingExpenses": 305006000, "totalOperatingExpenses": 7201188000, "operatingIncome": 901270000, "totalOtherIncomeExpenseNet": 233693000, "ebit": 901270000, "interestExpense": -8124000, "incomeBeforeTax": 1134963000, "incomeTaxExpense": 369031000, "minorityInterest": {}, "netIncomeFromContinuingOps": 765932000, "discontinuedOperations": {}, "extraordinaryItems": {}, "effectOfAccountingCharges": {}, "otherItems": {}, "netIncome": 765932000, "netIncomeApplicableToCommonShares": 765932000}, {"maxAge": 1, "endDate": "2018-03-31", "totalRevenue": 7477826000, "costOfRevenue": 5722125000, "grossProfit": 1755701000, "researchDevelopment": {}, "sellingGeneralAdministrative": 389330000, "nonRecurring": {}, "otherOperatingExpenses": 376764000, "totalOperatingExpenses": 6577425000, "operatingIncome": 900401000, "totalOtherIncomeExpenseNet": -22412000, "ebit": 900401000, "interestExpense": -17257000, "incomeBeforeTax": 877989000, "incomeTaxExpense": 298995000, "minorityInterest": {}, "netIncomeFromContinuingOps": 578994000, "discontinuedOperations": {}, "extraordinaryItems": {}, "effectOfAccountingCharges": {}, "otherItems": {}, "netIncome": 578994000, "netIncomeApplicableToCommonShares": 578994000}, {"maxAge": 1, "endDate": "2017-03-31", "totalRevenue": 6320592000, "costOfRevenue": 5029639000, "grossProfit": 1290953000, "researchDevelopment": {}, "sellingGeneralAdministrative": 341426000, "nonRecurring": {}, "otherOperatingExpenses": 339323000, "totalOperatingExpenses": 5807103000, "operatingIncome": 513489000, "totalOtherIncomeExpenseNet": 98869000, "ebit": 513489000, "interestExpense": -5670000, "incomeBeforeTax": 612358000, "incomeTaxExpense": 216807000, "minorityInterest": {}, "netIncomeFromContinuingOps": 395551000, "discontinuedOperations": {}, "extraordinaryItems": {}, "effectOfAccountingCharges": {}, "otherItems": {}, "netIncome": 395551000, "netIncomeApplicableToCommonShares": 395551000}], "maxAge": 86400}, "fundOwnership": {"ownershipList": [{"maxAge": 1, "reportDate": "2021-03-31", "organization": "Avantis Emerging Markets Equity Fund", "pctHeld": 0.0002, "position": 34060, "value": 2018055}], "maxAge": 1}, "summaryDetail": {"maxAge": 1, "priceHint": 2, "previousClose": 79.65, "open": 78.5, "dayLow": 78.0, "dayHigh": 81.4, "regularMarketPreviousClose": 79.65, "regularMarketOpen": 78.5, "regularMarketDayLow": 78.0, "regularMarketDayHigh": 81.4, "dividendRate": 0.75, "dividendYield": 0.0094, "exDividendDate": "2020-09-03 05:30:00", "payoutRatio": 0.1042, "fiveYearAvgDividendYield": 2.2, "beta": 1.156235, "trailingPE": 10.954432, "volume": 805458, "regularMarketVolume": 805458, "averageVolume": 1909984, "averageVolume10days": 804270, "averageDailyVolume10Day": 804270, "bid": 0.0, "ask": 0.0, "bidSize": 0, "askSize": 0, "marketCap": 13553605632, "fiftyTwoWeekLow": 11.05, "fiftyTwoWeekHigh": 81.4, "priceToSalesTrailing12Months": 1.5218395, "fiftyDayAverage": 59.26618, "twoHundredDayAverage": 40.11383, "trailingAnnualDividendRate": 0.75, "trailingAnnualDividendYield": 0.009416196, "currency": "INR", "fromCurrency": null, "lastMarket": null, "algorithm": null, "tradeable": false}, "incomeStatementHistoryQuarterly": {"incomeStatementHistory": [{"maxAge": 1, "endDate": "2020-12-31", "totalRevenue": 3493679000, "costOfRevenue": 1893752000, "grossProfit": 1599927000, "researchDevelopment": {}, "sellingGeneralAdministrative": 172468000, "nonRecurring": {}, "otherOperatingExpenses": 156981000, "totalOperatingExpenses": 2322244000, "operatingIncome": 1171435000, "totalOtherIncomeExpenseNet": -35046000, "ebit": 1171435000, "interestExpense": -11507000, "incomeBeforeTax": 1136389000, "incomeTaxExpense": 276424000, "minorityInterest": {}, "netIncomeFromContinuingOps": 859965000, "discontinuedOperations": {}, "extraordinaryItems": {}, "effectOfAccountingCharges": {}, "otherItems": {}, "netIncome": 859965000, "netIncomeApplicableToCommonShares": 859965000}, {"maxAge": 1, "endDate": "2020-09-30", "totalRevenue": 2167334000, "costOfRevenue": 1574150000, "grossProfit": 593184000, "researchDevelopment": {}, "sellingGeneralAdministrative": 93139000, "nonRecurring": {}, "otherOperatingExpenses": 127479000, "totalOperatingExpenses": 1831966000, "operatingIncome": 335368000, "totalOtherIncomeExpenseNet": -67390000, "ebit": 335368000, "interestExpense": -11934000, "incomeBeforeTax": 267978000, "incomeTaxExpense": 60377000, "minorityInterest": {}, "netIncomeFromContinuingOps": 207601000, "discontinuedOperations": {}, "extraordinaryItems": {}, "effectOfAccountingCharges": {}, "otherItems": {}, "netIncome": 207601000, "netIncomeApplicableToCommonShares": 207601000}, {"maxAge": 1, "endDate": "2020-06-30", "totalRevenue": 877217000, "costOfRevenue": 649019000, "grossProfit": 228198000, "researchDevelopment": {}, "sellingGeneralAdministrative": 86891000, "nonRecurring": {}, "otherOperatingExpenses": 83696000, "totalOperatingExpenses": 855706000, "operatingIncome": 21511000, "totalOtherIncomeExpenseNet": 17884000, "ebit": 21511000, "interestExpense": -12279000, "incomeBeforeTax": 39395000, "incomeTaxExpense": 8456000, "minorityInterest": {}, "netIncomeFromContinuingOps": 30939000, "discontinuedOperations": {}, "extraordinaryItems": {}, "effectOfAccountingCharges": {}, "otherItems": {}, "netIncome": 30939000, "netIncomeApplicableToCommonShares": 30939000}, {"maxAge": 1, "endDate": "2020-03-31", "totalRevenue": 2367838000, "costOfRevenue": 2198458000, "grossProfit": 169380000, "researchDevelopment": {}, "sellingGeneralAdministrative": 112256000, "nonRecurring": {}, "otherOperatingExpenses": -121194000, "totalOperatingExpenses": 2225004000, "operatingIncome": 142834000, "totalOtherIncomeExpenseNet": -87967000, "ebit": 142834000, "interestExpense": -2663000, "incomeBeforeTax": 54867000, "incomeTaxExpense": -86547000, "minorityInterest": {}, "netIncomeFromContinuingOps": 141414000, "discontinuedOperations": {}, "extraordinaryItems": {}, "effectOfAccountingCharges": {}, "otherItems": {}, "netIncome": 141414000, "netIncomeApplicableToCommonShares": 141414000}], "maxAge": 86400}, "cashflowStatementHistoryQuarterly": {"cashflowStatements": [{"maxAge": 1, "endDate": "2020-12-31", "netIncome": 859965000, "changeToLiabilities": 0}, {"maxAge": 1, "endDate": "2020-09-30", "netIncome": 207601000, "changeToLiabilities": 0}, {"maxAge": 1, "endDate": "2020-06-30", "netIncome": 30939000, "changeToLiabilities": 0}, {"maxAge": 1, "endDate": "2020-03-31", "netIncome": 141414000, "changeToLiabilities": 0}], "maxAge": 86400}, "insiderHolders": {"holders": [{"maxAge": 1, "name": "Muthiah (Ashwin Chidambaram)", "relation": "Non Executive Chairman", "url": "", "transactionDescription": "Acquisition", "latestTransDate": "2011-08-09", "positionDirect": 12250, "positionDirectDate": "2011-08-09"}, {"maxAge": 1, "name": "SIDD Life Sciences Pvt Ltd", "relation": "Institution- Corporation", "url": "", "transactionDescription": "Acquisition", "latestTransDate": "2011-08-09", "positionDirect": 65846053, "positionDirectDate": "2011-08-09"}, {"maxAge": 1, "name": "Southern Petrochemical Industries Corporation Ltd", "relation": "Institution- Corporation", "url": "", "transactionDescription": "Sale", "latestTransDate": "2011-08-09", "positionDirect": 10000, "positionDirectDate": "2011-08-09"}], "maxAge": 1}, "calendarEvents": {"maxAge": 1, "earnings": {"earningsDate": []}, "exDividendDate": "2020-09-03 05:30:00"}, "upgradeDowngradeHistory": {"history": [], "maxAge": 86400}, "price": {"maxAge": 1, "regularMarketChangePercent": -0.0100439815, "regularMarketChange": -0.80000305, "regularMarketTime": "2021-04-30 15:30:01", "priceHint": 2, "regularMarketPrice": 78.85, "regularMarketDayHigh": 81.4, "regularMarketDayLow": 78.0, "regularMarketVolume": 805458, "averageDailyVolume10Day": 804270, "averageDailyVolume3Month": 1909984, "regularMarketPreviousClose": 79.65, "regularMarketSource": "FREE_REALTIME", "regularMarketOpen": 78.5, "exchange": "NSI", "exchangeName": "NSE", "exchangeDataDelayedBy": 15, "marketState": "CLOSED", "quoteType": "EQUITY", "symbol": "MANALIPETC.NS", "underlyingSymbol": null, "shortName": "MANALI PETROCHEMS", "longName": "Manali Petrochemicals Limited", "currency": "INR", "quoteSourceName": "Delayed Quote", "currencySymbol": "\u20b9", "fromCurrency": null, "lastMarket": null, "marketCap": 13553605632}, "balanceSheetHistory": {"balanceSheetStatements": [{"maxAge": 1, "endDate": "2020-03-31", "cash": 546170000, "shortTermInvestments": 405916000, "netReceivables": 1104359000, "inventory": 889016000, "otherCurrentAssets": 122326000, "totalCurrentAssets": 3104315000, "longTermInvestments": 1265000, "propertyPlantEquipment": 2409268000, "goodWill": 879545000, "otherAssets": 208837000, "totalAssets": 6603230000, "accountsPayable": 556498000, "otherCurrentLiab": 364898000, "otherLiab": 180896000, "totalCurrentLiabilities": 1262776000, "totalLiab": 1790805000, "commonStock": 859996000, "retainedEarnings": 3876903000, "treasuryStock": 66381000, "capitalSurplus": 9145000, "otherStockholderEquity": 66381000, "totalStockholderEquity": 4812425000, "netTangibleAssets": 3932880000}, {"maxAge": 1, "endDate": "2019-03-31", "cash": 543123000, "shortTermInvestments": 10329000, "netReceivables": 1510764000, "inventory": 1179105000, "otherCurrentAssets": 124407000, "totalCurrentAssets": 3415076000, "longTermInvestments": 1107000, "propertyPlantEquipment": 2035070000, "goodWill": 854959000, "otherAssets": 229845000, "totalAssets": 6536057000, "accountsPayable": 933185000, "otherCurrentLiab": 361103000, "longTermDebt": 23335000, "otherLiab": 277223000, "totalCurrentLiabilities": 1685766000, "totalLiab": 1986324000, "commonStock": 859996000, "retainedEarnings": 3648262000, "treasuryStock": 32330000, "capitalSurplus": 9145000, "otherStockholderEquity": 32330000, "totalStockholderEquity": 4549733000, "netTangibleAssets": 3694774000}, {"maxAge": 1, "endDate": "2018-03-31", "cash": 64746000, "shortTermInvestments": 567629000, "netReceivables": 1028247000, "inventory": 724704000, "otherCurrentAssets": 96688000, "totalCurrentAssets": 2502784000, "longTermInvestments": 1253000, "propertyPlantEquipment": 1980754000, "goodWill": 872048000, "otherAssets": 203111000, "totalAssets": 5559950000, "accountsPayable": 645560000, "otherCurrentLiab": 426613000, "longTermDebt": 48275000, "otherLiab": 202044000, "totalCurrentLiabilities": 1392524000, "totalLiab": 1642843000, "commonStock": 859996000, "retainedEarnings": 2986010000, "treasuryStock": 61956000, "capitalSurplus": 9145000, "otherStockholderEquity": 61956000, "totalStockholderEquity": 3917107000, "netTangibleAssets": 3045059000}, {"maxAge": 1, "endDate": "2017-03-31", "cash": 186344000, "shortTermInvestments": 114186000, "netReceivables": 968403000, "inventory": 1240498000, "otherCurrentAssets": 194172000, "totalCurrentAssets": 2731544000, "longTermInvestments": 42291000, "propertyPlantEquipment": 1836432000, "goodWill": 788583000, "otherAssets": 161551000, "totalAssets": 5560401000, "accountsPayable": 1229449000, "otherCurrentLiab": 523782000, "longTermDebt": 58743000, "otherLiab": 97001000, "totalCurrentLiabilities": 2101562000, "totalLiab": 2257306000, "commonStock": 859996000, "retainedEarnings": 2510524000, "treasuryStock": -76570000, "capitalSurplus": 9145000, "otherStockholderEquity": -76570000, "totalStockholderEquity": 3303095000, "netTangibleAssets": 2514512000}], "maxAge": 86400}, "financialData": {"maxAge": 86400, "currentPrice": 78.85, "recommendationKey": "none", "totalCash": 785878016, "totalCashPerShare": 4.569, "ebitda": 1786951040, "totalDebt": 425955008, "totalRevenue": 8906067968, "debtToEquity": 8.65, "revenuePerShare": 51.782, "grossProfits": 1472855000, "earningsGrowth": 10.905, "revenueGrowth": 1.057, "grossMargins": 0.30247998, "ebitdaMargins": 0.20064, "operatingMargins": 0.18764, "profitMargins": 0.13904999, "financialCurrency": "INR"}}}