{"MANALIPETC.BO": {"recommendationTrend": {"trend": [{"period": "0m", "strongBuy": 0, "buy": 0, "hold": 0, "sell": 0, "strongSell": 0}, {"period": "-1m", "strongBuy": 0, "buy": 0, "hold": 0, "sell": 0, "strongSell": 0}, {"period": "-2m", "strongBuy": 0, "buy": 0, "hold": 0, "sell": 0, "strongSell": 0}, {"period": "-3m", "strongBuy": 0, "buy": 0, "hold": 0, "sell": 0, "strongSell": 0}], "maxAge": 86400}, "cashflowStatementHistory": {"cashflowStatements": [{"maxAge": 1, "endDate": "2020-03-31", "netIncome": 466573000, "depreciation": 144715000, "changeToNetincome": 4018000, "changeToAccountReceivables": 37803000, "changeToLiabilities": -388559000, "changeToInventory": 290090000, "changeToOperatingActivities": 319445000, "totalCashFromOperatingActivities": 874085000, "capitalExpenditures": -293669000, "investments": -158000, "otherCashflowsFromInvestingActivities": 87833000, "totalCashflowsFromInvestingActivities": -205994000, "dividendsPaid": -129000000, "netBorrowings": -81704000, "otherCashflowsFromFinancingActivities": -77746000, "totalCashFromFinancingActivities": -288450000, "effectOfExchangeRate": 29322000, "changeInCash": 408963000}, {"maxAge": 1, "endDate": "2019-03-31", "netIncome": 765932000, "depreciation": 110456000, "changeToNetincome": -96411000, "changeToAccountReceivables": -130540000, "changeToLiabilities": 264238000, "changeToInventory": -454401000, "changeToOperatingActivities": -324471000, "totalCashFromOperatingActivities": 134803000, "capitalExpenditures": -194045000, "investments": 146000, "otherCashflowsFromInvestingActivities": 23431000, "totalCashflowsFromInvestingActivities": -170468000, "dividendsPaid": -86000000, "netBorrowings": 107447000, "otherCashflowsFromFinancingActivities": -40927000, "totalCashFromFinancingActivities": -19480000, "effectOfExchangeRate": -34107000, "changeInCash": -89252000}, {"maxAge": 1, "endDate": "2018-03-31", "netIncome": 578994000, "depreciation": 89206000, "changeToNetincome": -2123000, "changeToAccountReceivables": -134291000, "changeToLiabilities": -559179000, "changeToInventory": 515794000, "changeToOperatingActivities": 92936000, "totalCashFromOperatingActivities": 581337000, "capitalExpenditures": -316911000, "investments": 41038000, "otherCashflowsFromInvestingActivities": 51382000, "totalCashflowsFromInvestingActivities": -224491000, "dividendsPaid": -86000000, "netBorrowings": -30817000, "otherCashflowsFromFinancingActivities": -50067000, "totalCashFromFinancingActivities": -166884000, "effectOfExchangeRate": 141881000, "changeInCash": 331843000}, {"maxAge": 1, "endDate": "2017-03-31", "netIncome": 395551000, "depreciation": 96715000, "changeToNetincome": 6664000, "changeToAccountReceivables": 76115000, "changeToLiabilities": -16090000, "changeToInventory": -195796000, "changeToOperatingActivities": 510412000, "totalCashFromOperatingActivities": 873571000, "capitalExpenditures": -1230728000, "investments": -81000, "otherCashflowsFromInvestingActivities": -10270000, "totalCashflowsFromInvestingActivities": -1241079000, "dividendsPaid": -86000000, "netBorrowings": 184796000, "otherCashflowsFromFinancingActivities": -40639000, "totalCashFromFinancingActivities": 58157000, "effectOfExchangeRate": -85485000, "changeInCash": -394836000}], "maxAge": 86400}, "institutionOwnership": {"maxAge": 1, "ownershipList": []}, "balanceSheetHistoryQuarterly": {"balanceSheetStatements": [{"maxAge": 1, "endDate": "2020-06-30", "totalStockholderEquity": 4812423000, "netTangibleAssets": 3932878000}, {"maxAge": 1, "endDate": "2020-03-31", "cash": 546170000, "shortTermInvestments": 405916000, "netReceivables": 1104359000, "inventory": 889016000, "otherCurrentAssets": 122326000, "totalCurrentAssets": 3104315000, "longTermInvestments": 1265000, "propertyPlantEquipment": 2409268000, "goodWill": 879545000, "otherAssets": 208837000, "totalAssets": 6603230000, "accountsPayable": 556498000, "otherCurrentLiab": 364898000, "otherLiab": 180896000, "totalCurrentLiabilities": 1262776000, "totalLiab": 1790805000, "commonStock": 859996000, "retainedEarnings": 3876903000, "treasuryStock": 66381000, "capitalSurplus": 9145000, "otherStockholderEquity": 66381000, "totalStockholderEquity": 4812425000, "netTangibleAssets": 3932880000}, {"maxAge": 1, "endDate": "2019-12-31", "totalStockholderEquity": 4525238000, "netTangibleAssets": 3703796000}, {"maxAge": 1, "endDate": "2019-09-30", "cash": 478416000, "netReceivables": 1119332000, "inventory": 1213031000, "otherCurrentAssets": 323284000, "totalCurrentAssets": 3134063000, "longTermInvestments": 1058000, "propertyPlantEquipment": 2455177000, "goodWill": 821442000, "otherAssets": 213573000, "totalAssets": 6625313000, "accountsPayable": 654739000, "otherCurrentLiab": 522914000, "otherLiab": 621234000, "totalCurrentLiabilities": 1478841000, "totalLiab": 2100075000, "commonStock": 860347000, "treasuryStock": 3664891000, "otherStockholderEquity": 3664891000, "totalStockholderEquity": 4525238000, "netTangibleAssets": 3703796000}], "maxAge": 86400}, "earningsHistory": {"history": [{"maxAge": 1, "epsActual": {}, "epsEstimate": {}, "epsDifference": {}, "surprisePercent": {}, "quarter": {}, "period": "-4q"}, {"maxAge": 1, "epsActual": {}, "epsEstimate": {}, "epsDifference": {}, "surprisePercent": {}, "quarter": {}, "period": "-3q"}, {"maxAge": 1, "epsActual": 1.53, "epsEstimate": 0.6, "epsDifference": 0.93, "surprisePercent": 1.55, "quarter": "2018-03-31", "period": "-2q"}, {"maxAge": 1, "epsActual": 0.99, "epsEstimate": 0.96, "epsDifference": 0.03, "surprisePercent": 0.031, "quarter": "2018-09-30", "period": "-1q"}], "maxAge": 86400}, "indexTrend": {"maxAge": 1, "symbol": "SP5", "peRatio": 19.7411, "pegRatio": 1.34172, "estimates": [{"period": "0q", "growth": 0.549}, {"period": "+1q", "growth": 0.431}, {"period": "0y", "growth": 0.305}, {"period": "+1y", "growth": 0.109}, {"period": "+5y", "growth": 0.120865}, {"period": "-5y"}]}, "industryTrend": {"maxAge": 1, "symbol": null, "estimates": []}, "insiderTransactions": {"transactions": [{"maxAge": 1, "shares": 5000, "filerUrl": "", "transactionText": "", "filerName": "Muthiah (Ashwin Chidambaram)", "filerRelation": "Non Executive Chairman", "moneyText": "", "startDate": "2011-08-09", "ownership": "D"}, {"maxAge": 1, "shares": 11446053, "filerUrl": "", "transactionText": "", "filerName": "SIDD Life Sciences Pvt Ltd", "filerRelation": "Institution- Corporation", "moneyText": "", "startDate": "2011-08-09", "ownership": "D"}, {"maxAge": 1, "shares": 11451053, "filerUrl": "", "transactionText": "", "filerName": "Southern Petrochemical Industries Corporation Ltd", "filerRelation": "Institution- Corporation", "moneyText": "", "startDate": "2011-08-09", "ownership": "D"}, {"maxAge": 1, "shares": 5000, "filerUrl": "", "transactionText": "", "filerName": "Muthiah (Ashwin Chidambaram)", "filerRelation": "Non Executive Chairman", "moneyText": "", "startDate": "2011-03-09", "ownership": "D"}, {"maxAge": 1, "shares": 54400000, "filerUrl": "", "transactionText": "", "filerName": "SIDD Life Sciences Pvt Ltd", "filerRelation": "Institution- Corporation", "moneyText": "", "startDate": "2011-03-09", "ownership": "D"}, {"maxAge": 1, "shares": 54405000, "filerUrl": "", "transactionText": "", "filerName": "Southern Petrochemical Industries Corporation Ltd", "filerRelation": "Institution- Corporation", "moneyText": "", "startDate": "2011-03-09", "ownership": "D"}], "maxAge": 1}, "quoteType": {"exchange": "BSE", "quoteType": "EQUITY", "symbol": "MANALIPETC.BO", "underlyingSymbol": "MANALIPETC.BO", "shortName": "MANALI PETROCHEMICAL LTD.", "longName": "Manali Petrochemicals Limited", "firstTradeDateEpochUtc": "2001-12-31 09:15:00", "timeZoneFullName": "Asia/Kolkata", "timeZoneShortName": "IST", "uuid": "fd308bbd-8728-39b2-856a-117ec4215a16", "messageBoardId": null, "gmtOffSetMilliseconds": 19800000, "maxAge": 1}, "incomeStatementHistory": {"incomeStatementHistory": [{"maxAge": 1, "endDate": "2020-03-31", "totalRevenue": 8030531000, "costOfRevenue": 6557676000, "grossProfit": 1472855000, "researchDevelopment": {}, "sellingGeneralAdministrative": 402016000, "nonRecurring": {}, "otherOperatingExpenses": 359047000, "totalOperatingExpenses": 7463454000, "operatingIncome": 567077000, "totalOtherIncomeExpenseNet": -24968000, "ebit": 567077000, "interestExpense": -51527000, "incomeBeforeTax": 542109000, "incomeTaxExpense": 75536000, "minorityInterest": {}, "netIncomeFromContinuingOps": 466573000, "discontinuedOperations": {}, "extraordinaryItems": {}, "effectOfAccountingCharges": {}, "otherItems": {}, "netIncome": 466573000, "netIncomeApplicableToCommonShares": 466573000}, {"maxAge": 1, "endDate": "2019-03-31", "totalRevenue": 8102458000, "costOfRevenue": 6362494000, "grossProfit": 1739964000, "researchDevelopment": {}, "sellingGeneralAdministrative": 423232000, "nonRecurring": {}, "otherOperatingExpenses": 305006000, "totalOperatingExpenses": 7201188000, "operatingIncome": 901270000, "totalOtherIncomeExpenseNet": 233693000, "ebit": 901270000, "interestExpense": -8124000, "incomeBeforeTax": 1134963000, "incomeTaxExpense": 369031000, "minorityInterest": {}, "netIncomeFromContinuingOps": 765932000, "discontinuedOperations": {}, "extraordinaryItems": {}, "effectOfAccountingCharges": {}, "otherItems": {}, "netIncome": 765932000, "netIncomeApplicableToCommonShares": 765932000}, {"maxAge": 1, "endDate": "2018-03-31", "totalRevenue": 7477826000, "costOfRevenue": 5722125000, "grossProfit": 1755701000, "researchDevelopment": {}, "sellingGeneralAdministrative": 389330000, "nonRecurring": {}, "otherOperatingExpenses": 376764000, "totalOperatingExpenses": 6577425000, "operatingIncome": 900401000, "totalOtherIncomeExpenseNet": -22412000, "ebit": 900401000, "interestExpense": -17257000, "incomeBeforeTax": 877989000, "incomeTaxExpense": 298995000, "minorityInterest": {}, "netIncomeFromContinuingOps": 578994000, "discontinuedOperations": {}, "extraordinaryItems": {}, "effectOfAccountingCharges": {}, "otherItems": {}, "netIncome": 578994000, "netIncomeApplicableToCommonShares": 578994000}, {"maxAge": 1, "endDate": "2017-03-31", "totalRevenue": 6320592000, "costOfRevenue": 5029639000, "grossProfit": 1290953000, "researchDevelopment": {}, "sellingGeneralAdministrative": 341426000, "nonRecurring": {}, "otherOperatingExpenses": 339323000, "totalOperatingExpenses": 5807103000, "operatingIncome": 513489000, "totalOtherIncomeExpenseNet": 98869000, "ebit": 513489000, "interestExpense": -5670000, "incomeBeforeTax": 612358000, "incomeTaxExpense": 216807000, "minorityInterest": {}, "netIncomeFromContinuingOps": 395551000, "discontinuedOperations": {}, "extraordinaryItems": {}, "effectOfAccountingCharges": {}, "otherItems": {}, "netIncome": 395551000, "netIncomeApplicableToCommonShares": 395551000}], "maxAge": 86400}, "fundOwnership": {"maxAge": 1, "ownershipList": []}, "summaryDetail": {"maxAge": 1, "priceHint": 2, "previousClose": 79.6, "open": 79.6, "dayLow": 78.1, "dayHigh": 81.45, "regularMarketPreviousClose": 79.6, "regularMarketOpen": 79.6, "regularMarketDayLow": 78.1, "regularMarketDayHigh": 81.45, "trailingPE": 37.577343, "forwardPE": 14.3806925, "volume": 99143, "regularMarketVolume": 99143, "averageVolume": 196620, "averageVolume10days": 872754, "averageDailyVolume10Day": 872754, "bid": 79.05, "ask": 78.95, "bidSize": 0, "askSize": 0, "marketCap": 13579321344, "fiftyTwoWeekLow": 8.0, "fiftyTwoWeekHigh": 81.45, "fiftyDayAverage": 37.04853, "twoHundredDayAverage": 31.40956, "trailingAnnualDividendRate": 0.75, "trailingAnnualDividendYield": 0.00942211, "currency": "INR", "fromCurrency": null, "toCurrency": null, "lastMarket": null, "algorithm": null, "tradeable": false}, "sectorTrend": {"maxAge": 1, "symbol": null, "estimates": []}, "incomeStatementHistoryQuarterly": {"incomeStatementHistory": [{"maxAge": 1, "endDate": "2020-06-30", "totalRevenue": 877217000, "costOfRevenue": 649019000, "grossProfit": 228198000, "researchDevelopment": {}, "sellingGeneralAdministrative": 86891000, "nonRecurring": {}, "otherOperatingExpenses": 83696000, "totalOperatingExpenses": 855706000, "operatingIncome": 21511000, "totalOtherIncomeExpenseNet": 17884000, "ebit": 21511000, "interestExpense": -12279000, "incomeBeforeTax": 39395000, "incomeTaxExpense": 8456000, "minorityInterest": {}, "netIncomeFromContinuingOps": 30939000, "discontinuedOperations": {}, "extraordinaryItems": {}, "effectOfAccountingCharges": {}, "otherItems": {}, "netIncome": 30939000, "netIncomeApplicableToCommonShares": 30939000}, {"maxAge": 1, "endDate": "2020-03-31", "totalRevenue": 2367838000, "costOfRevenue": 2198458000, "grossProfit": 169380000, "researchDevelopment": {}, "sellingGeneralAdministrative": 112256000, "nonRecurring": {}, "otherOperatingExpenses": -121194000, "totalOperatingExpenses": 2225004000, "operatingIncome": 142834000, "totalOtherIncomeExpenseNet": -87967000, "ebit": 142834000, "interestExpense": -2663000, "incomeBeforeTax": 54867000, "incomeTaxExpense": -86547000, "minorityInterest": {}, "netIncomeFromContinuingOps": 141414000, "discontinuedOperations": {}, "extraordinaryItems": {}, "effectOfAccountingCharges": {}, "otherItems": {}, "netIncome": 141414000, "netIncomeApplicableToCommonShares": 141414000}, {"maxAge": 1, "endDate": "2019-12-31", "totalRevenue": 1698846000, "costOfRevenue": 1312111000, "grossProfit": 386735000, "researchDevelopment": {}, "sellingGeneralAdministrative": 93439000, "nonRecurring": {}, "otherOperatingExpenses": 142199000, "totalOperatingExpenses": 1584175000, "operatingIncome": 114671000, "totalOtherIncomeExpenseNet": -6298000, "ebit": 114671000, "interestExpense": -14241000, "incomeBeforeTax": 108373000, "incomeTaxExpense": 35593000, "minorityInterest": {}, "netIncomeFromContinuingOps": 72780000, "discontinuedOperations": {}, "extraordinaryItems": {}, "effectOfAccountingCharges": {}, "otherItems": {}, "netIncome": 72780000, "netIncomeApplicableToCommonShares": 72780000}, {"maxAge": 1, "endDate": "2019-09-30", "totalRevenue": 1903600000, "costOfRevenue": 1463825000, "grossProfit": 439775000, "researchDevelopment": {}, "sellingGeneralAdministrative": 97863000, "nonRecurring": {}, "otherOperatingExpenses": 183712000, "totalOperatingExpenses": 1781417000, "operatingIncome": 122183000, "totalOtherIncomeExpenseNet": 60822000, "ebit": 122183000, "interestExpense": -16844000, "incomeBeforeTax": 183005000, "incomeTaxExpense": 65609000, "minorityInterest": {}, "netIncomeFromContinuingOps": 117396000, "discontinuedOperations": {}, "extraordinaryItems": {}, "effectOfAccountingCharges": {}, "otherItems": {}, "netIncome": 117396000, "netIncomeApplicableToCommonShares": 117396000}], "maxAge": 86400}, "cashflowStatementHistoryQuarterly": {"cashflowStatements": [{"maxAge": 1, "endDate": "2020-06-30", "netIncome": 30939000, "changeToLiabilities": 0}, {"maxAge": 1, "endDate": "2020-03-31", "netIncome": 141414000, "changeToLiabilities": 0}, {"maxAge": 1, "endDate": "2019-12-31", "netIncome": 72780000, "changeToLiabilities": 0}, {"maxAge": 1, "endDate": "2019-09-30", "netIncome": 117396000, "changeToLiabilities": 0}], "maxAge": 86400}, "insiderHolders": {"holders": [{"maxAge": 1, "name": "Muthiah (Ashwin Chidambaram)", "relation": "Non Executive Chairman", "url": "", "transactionDescription": "Acquisition", "latestTransDate": "2011-08-09", "positionDirect": 12250, "positionDirectDate": "2011-08-09"}, {"maxAge": 1, "name": "SIDD Life Sciences Pvt Ltd", "relation": "Institution- Corporation", "url": "", "transactionDescription": "Acquisition", "latestTransDate": "2011-08-09", "positionDirect": 65846053, "positionDirectDate": "2011-08-09"}, {"maxAge": 1, "name": "Southern Petrochemical Industries Corporation Ltd", "relation": "Institution- Corporation", "url": "", "transactionDescription": "Sale", "latestTransDate": "2011-08-09", "positionDirect": 10000, "positionDirectDate": "2011-08-09"}], "maxAge": 1}, "earnings": {"maxAge": 86400, "earningsChart": {"quarterly": [{"date": "1Q2018", "actual": 1.53, "estimate": 0.6}, {"date": "3Q2018", "actual": 0.99, "estimate": 0.96}], "currentQuarterEstimateDate": "4Q", "currentQuarterEstimateYear": 2018, "earningsDate": []}, "financialsChart": {"yearly": [{"date": 2017, "revenue": 6320592000, "earnings": 395551000}, {"date": 2018, "revenue": 7477826000, "earnings": 578994000}, {"date": 2019, "revenue": 8102458000, "earnings": 765932000}, {"date": 2020, "revenue": 8030531000, "earnings": 466573000}], "quarterly": [{"date": "3Q2019", "revenue": 1903600000, "earnings": 117396000}, {"date": "4Q2019", "revenue": 1698846000, "earnings": 72780000}, {"date": "1Q2020", "revenue": 2367838000, "earnings": 141414000}, {"date": "2Q2020", "revenue": 877217000, "earnings": 30939000}]}, "financialCurrency": "INR"}, "calendarEvents": {"maxAge": 1, "earnings": {"earningsDate": []}}, "price": {"maxAge": 1, "regularMarketChangePercent": -0.008165848, "regularMarketChange": -0.6500015, "regularMarketTime": "2021-04-30 15:54:17", "priceHint": 2, "regularMarketPrice": 78.95, "regularMarketDayHigh": 81.45, "regularMarketDayLow": 78.1, "regularMarketVolume": 99143, "averageDailyVolume10Day": 872754, "averageDailyVolume3Month": 196620, "regularMarketPreviousClose": 79.6, "regularMarketSource": "FREE_REALTIME", "regularMarketOpen": 79.6, "exchange": "BSE", "exchangeName": "BSE", "exchangeDataDelayedBy": 0, "marketState": "CLOSED", "quoteType": "EQUITY", "symbol": "MANALIPETC.BO", "underlyingSymbol": null, "shortName": "MANALI PETROCHEMICAL LTD.", "longName": "Manali Petrochemicals Limited", "currency": "INR", "quoteSourceName": "Delayed Quote", "currencySymbol": "\u20b9", "fromCurrency": null, "toCurrency": null, "lastMarket": null, "marketCap": 13579321344}, "balanceSheetHistory": {"balanceSheetStatements": [{"maxAge": 1, "endDate": "2020-03-31", "cash": 546170000, "shortTermInvestments": 405916000, "netReceivables": 1104359000, "inventory": 889016000, "otherCurrentAssets": 122326000, "totalCurrentAssets": 3104315000, "longTermInvestments": 1265000, "propertyPlantEquipment": 2409268000, "goodWill": 879545000, "otherAssets": 208837000, "totalAssets": 6603230000, "accountsPayable": 556498000, "otherCurrentLiab": 364898000, "otherLiab": 180896000, "totalCurrentLiabilities": 1262776000, "totalLiab": 1790805000, "commonStock": 859996000, "retainedEarnings": 3876903000, "treasuryStock": 66381000, "capitalSurplus": 9145000, "otherStockholderEquity": 66381000, "totalStockholderEquity": 4812425000, "netTangibleAssets": 3932880000}, {"maxAge": 1, "endDate": "2019-03-31", "cash": 543123000, "shortTermInvestments": 10329000, "netReceivables": 1510764000, "inventory": 1179105000, "otherCurrentAssets": 124407000, "totalCurrentAssets": 3415076000, "longTermInvestments": 1107000, "propertyPlantEquipment": 2035070000, "goodWill": 854959000, "otherAssets": 229845000, "totalAssets": 6536057000, "accountsPayable": 933185000, "otherCurrentLiab": 361103000, "longTermDebt": 23335000, "otherLiab": 277223000, "totalCurrentLiabilities": 1685766000, "totalLiab": 1986324000, "commonStock": 859996000, "retainedEarnings": 3648262000, "treasuryStock": 32330000, "capitalSurplus": 9145000, "otherStockholderEquity": 32330000, "totalStockholderEquity": 4549733000, "netTangibleAssets": 3694774000}, {"maxAge": 1, "endDate": "2018-03-31", "cash": 64746000, "shortTermInvestments": 567629000, "netReceivables": 1028247000, "inventory": 724704000, "otherCurrentAssets": 96688000, "totalCurrentAssets": 2502784000, "longTermInvestments": 1253000, "propertyPlantEquipment": 1980754000, "goodWill": 872048000, "otherAssets": 203111000, "totalAssets": 5559950000, "accountsPayable": 645560000, "otherCurrentLiab": 426613000, "longTermDebt": 48275000, "otherLiab": 202044000, "totalCurrentLiabilities": 1392524000, "totalLiab": 1642843000, "commonStock": 859996000, "retainedEarnings": 2986010000, "treasuryStock": 61956000, "capitalSurplus": 9145000, "otherStockholderEquity": 61956000, "totalStockholderEquity": 3917107000, "netTangibleAssets": 3045059000}, {"maxAge": 1, "endDate": "2017-03-31", "cash": 186344000, "shortTermInvestments": 114186000, "netReceivables": 968403000, "inventory": 1240498000, "otherCurrentAssets": 194172000, "totalCurrentAssets": 2731544000, "longTermInvestments": 42291000, "propertyPlantEquipment": 1836432000, "goodWill": 788583000, "otherAssets": 161551000, "totalAssets": 5560401000, "accountsPayable": 1229449000, "otherCurrentLiab": 523782000, "longTermDebt": 58743000, "otherLiab": 97001000, "totalCurrentLiabilities": 2101562000, "totalLiab": 2257306000, "commonStock": 859996000, "retainedEarnings": 2510524000, "treasuryStock": -76570000, "capitalSurplus": 9145000, "otherStockholderEquity": -76570000, "totalStockholderEquity": 3303095000, "netTangibleAssets": 2514512000}], "maxAge": 86400}, "earningsTrend": {"trend": [{"maxAge": 1, "period": "0q", "endDate": "2018-12-31", "growth": {}, "earningsEstimate": {"avg": 0.0, "low": 0.0, "high": 0.0, "yearAgoEps": {}, "numberOfAnalysts": 0, "growth": {}}, "revenueEstimate": {"avg": 0, "low": 0, "high": 0, "numberOfAnalysts": 0, "yearAgoRevenue": {}, "growth": {}}, "epsTrend": {"current": 0.0, "7daysAgo": 0.0, "30daysAgo": 0.0, "60daysAgo": 0.0, "90daysAgo": 0.0}, "epsRevisions": {"upLast7days": 0, "upLast30days": 0, "downLast30days": 0, "downLast90days": {}}}, {"maxAge": 1, "period": "+1q", "endDate": "2019-03-31", "growth": {}, "earningsEstimate": {"avg": 0.0, "low": 0.0, "high": 0.0, "yearAgoEps": {}, "numberOfAnalysts": 0, "growth": {}}, "revenueEstimate": {"avg": 0, "low": 0, "high": 0, "numberOfAnalysts": 0, "yearAgoRevenue": {}, "growth": {}}, "epsTrend": {"current": 0.0, "7daysAgo": 0.0, "30daysAgo": 0.0, "60daysAgo": 0.0, "90daysAgo": 0.0}, "epsRevisions": {"upLast7days": 0, "upLast30days": 0, "downLast30days": 0, "downLast90days": {}}}, {"maxAge": 1, "period": "0y", "endDate": "2019-03-31", "growth": {}, "earningsEstimate": {"avg": 0.0, "low": 0.0, "high": 0.0, "yearAgoEps": {}, "numberOfAnalysts": 0, "growth": {}}, "revenueEstimate": {"avg": 7291950000, "low": 7291950000, "high": 7291950000, "numberOfAnalysts": 1, "yearAgoRevenue": 6453250000, "growth": 0.13}, "epsTrend": {"current": 0.0, "7daysAgo": 4.61, "30daysAgo": 4.61, "60daysAgo": 4.61, "90daysAgo": 4.61}, "epsRevisions": {"upLast7days": 0, "upLast30days": 0, "downLast30days": 0, "downLast90days": {}}}, {"maxAge": 1, "period": "+1y", "endDate": "2020-03-31", "growth": {}, "earningsEstimate": {"avg": 0.0, "low": 0.0, "high": 0.0, "yearAgoEps": {}, "numberOfAnalysts": 0, "growth": {}}, "revenueEstimate": {"avg": 8021150000, "low": 8021150000, "high": 8021150000, "numberOfAnalysts": 1, "yearAgoRevenue": 7291950000, "growth": 0.1}, "epsTrend": {"current": 0.0, "7daysAgo": 5.49, "30daysAgo": 5.49, "60daysAgo": 5.49, "90daysAgo": 5.49}, "epsRevisions": {"upLast7days": 0, "upLast30days": 0, "downLast30days": 0, "downLast90days": {}}}, {"maxAge": 1, "period": "+5y", "endDate": null, "growth": {}, "earningsEstimate": {"avg": {}, "low": {}, "high": {}, "yearAgoEps": {}, "numberOfAnalysts": {}, "growth": {}}, "revenueEstimate": {"avg": {}, "low": {}, "high": {}, "numberOfAnalysts": {}, "yearAgoRevenue": {}, "growth": {}}, "epsTrend": {"current": {}, "7daysAgo": {}, "30daysAgo": {}, "60daysAgo": {}, "90daysAgo": {}}, "epsRevisions": {"upLast7days": {}, "upLast30days": {}, "downLast30days": {}, "downLast90days": {}}}, {"maxAge": 1, "period": "-5y", "endDate": null, "growth": {}, "earningsEstimate": {"avg": {}, "low": {}, "high": {}, "yearAgoEps": {}, "numberOfAnalysts": {}, "growth": {}}, "revenueEstimate": {"avg": {}, "low": {}, "high": {}, "numberOfAnalysts": {}, "yearAgoRevenue": {}, "growth": {}}, "epsTrend": {"current": {}, "7daysAgo": {}, "30daysAgo": {}, "60daysAgo": {}, "90daysAgo": {}}, "epsRevisions": {"upLast7days": {}, "upLast30days": {}, "downLast30days": {}, "downLast90days": {}}}], "maxAge": 1}, "financialData": {"maxAge": 86400, "currentPrice": 78.95, "targetHighPrice": 30.0, "targetLowPrice": 30.0, "targetMeanPrice": 30.0, "targetMedianPrice": 30.0, "recommendationKey": "none", "numberOfAnalystOpinions": 1, "grossProfits": 1472855000, "financialCurrency": "INR"}}}