{"MANGLMCEM.BO": {"recommendationTrend": {"trend": [{"period": "0m", "strongBuy": 0, "buy": 0, "hold": 0, "sell": 0, "strongSell": 0}, {"period": "-1m", "strongBuy": 0, "buy": 0, "hold": 0, "sell": 0, "strongSell": 0}, {"period": "-2m", "strongBuy": 0, "buy": 0, "hold": 0, "sell": 0, "strongSell": 0}, {"period": "-3m", "strongBuy": 0, "buy": 0, "hold": 0, "sell": 0, "strongSell": 0}], "maxAge": 86400}, "cashflowStatementHistory": {"cashflowStatements": [{"maxAge": 1, "endDate": "2020-03-31", "netIncome": 759021000, "depreciation": 475799000, "changeToNetincome": 711891000, "changeToAccountReceivables": 395722000, "changeToLiabilities": 280243000, "changeToInventory": -475457000, "totalCashFromOperatingActivities": 2158170000, "capitalExpenditures": -1671544000, "investments": -292313000, "otherCashflowsFromInvestingActivities": 394247000, "totalCashflowsFromInvestingActivities": -1560762000, "dividendsPaid": -16091000, "netBorrowings": 679125000, "otherCashflowsFromFinancingActivities": -633895000, "totalCashFromFinancingActivities": 29139000, "changeInCash": 626547000}, {"maxAge": 1, "endDate": "2019-03-31", "netIncome": -97372000, "depreciation": 449752000, "changeToNetincome": 324741000, "changeToAccountReceivables": -456650000, "changeToLiabilities": 658302000, "changeToInventory": -46571000, "totalCashFromOperatingActivities": 843697000, "capitalExpenditures": -1024441000, "investments": 94340000, "otherCashflowsFromInvestingActivities": -848442000, "totalCashflowsFromInvestingActivities": -1763825000, "dividendsPaid": -13347000, "netBorrowings": 1384729000, "otherCashflowsFromFinancingActivities": -543769000, "totalCashFromFinancingActivities": 827613000, "changeInCash": -92515000}, {"maxAge": 1, "endDate": "2018-03-31", "netIncome": 113819000, "depreciation": 442111000, "changeToNetincome": 362041000, "changeToAccountReceivables": -21514000, "changeToLiabilities": 174493000, "changeToInventory": -103333000, "changeToOperatingActivities": -108756000, "totalCashFromOperatingActivities": 858861000, "capitalExpenditures": -192638000, "investments": -13195000, "otherCashflowsFromInvestingActivities": 23024000, "totalCashflowsFromInvestingActivities": -172470000, "dividendsPaid": -24096000, "netBorrowings": -168037000, "otherCashflowsFromFinancingActivities": -474122000, "totalCashFromFinancingActivities": -666255000, "changeInCash": 20136000}, {"maxAge": 1, "endDate": "2017-03-31", "netIncome": 366347000, "depreciation": 403146000, "changeToNetincome": 394946000, "changeToAccountReceivables": 3917000, "changeToLiabilities": 148486000, "changeToInventory": 143599000, "changeToOperatingActivities": 173458000, "totalCashFromOperatingActivities": 1633899000, "capitalExpenditures": -909035000, "investments": -52893000, "otherCashflowsFromInvestingActivities": 21464000, "totalCashflowsFromInvestingActivities": -905745000, "dividendsPaid": -17551000, "netBorrowings": -309825000, "otherCashflowsFromFinancingActivities": -445987000, "totalCashFromFinancingActivities": -773363000, "changeInCash": -45209000}], "maxAge": 86400}, "institutionOwnership": {"maxAge": 1, "ownershipList": []}, "balanceSheetHistoryQuarterly": {"balanceSheetStatements": [{"maxAge": 1, "endDate": "2020-06-30", "totalStockholderEquity": 5759064000, "netTangibleAssets": 5671802000}, {"maxAge": 1, "endDate": "2020-03-31", "cash": 633200000, "shortTermInvestments": 163892000, "netReceivables": 1327024000, "inventory": 2301549000, "otherCurrentAssets": 576716000, "totalCurrentAssets": 5331248000, "longTermInvestments": 348592000, "propertyPlantEquipment": 9274500000, "intangibleAssets": 87262000, "otherAssets": 885177000, "totalAssets": 15926779000, "accountsPayable": 1803767000, "shortLongTermDebt": 911528000, "otherCurrentLiab": 686611000, "longTermDebt": 3483455000, "otherLiab": 1247562000, "totalCurrentLiabilities": 5426198000, "totalLiab": 10167715000, "commonStock": 266938000, "retainedEarnings": 5474999000, "treasuryStock": 17127000, "otherStockholderEquity": 17127000, "totalStockholderEquity": 5759064000, "netTangibleAssets": 5671802000}, {"maxAge": 1, "endDate": "2019-12-31", "totalStockholderEquity": 5488387000, "netTangibleAssets": 5394551000}, {"maxAge": 1, "endDate": "2019-09-30", "cash": 499384000, "shortTermInvestments": 374889000, "netReceivables": 371020000, "inventory": 1379849000, "otherCurrentAssets": 2817373000, "totalCurrentAssets": 5442515000, "longTermInvestments": 334698000, "propertyPlantEquipment": 9241324000, "intangibleAssets": 93836000, "otherAssets": 437514000, "totalAssets": 15549887000, "accountsPayable": 2205302000, "otherCurrentLiab": 2288427000, "longTermDebt": 3335724000, "otherLiab": 1115521000, "totalCurrentLiabilities": 5597180000, "totalLiab": 10061500000, "commonStock": 266938000, "treasuryStock": 5221449000, "otherStockholderEquity": 5221449000, "totalStockholderEquity": 5488387000, "netTangibleAssets": 5394551000}], "maxAge": 86400}, "earningsHistory": {"history": [{"maxAge": 1, "epsActual": 0.4, "epsEstimate": 1.3, "epsDifference": -0.9, "surprisePercent": -0.692, "quarter": "2017-09-30", "period": "-4q"}, {"maxAge": 1, "epsActual": 1.01, "epsEstimate": 0.6, "epsDifference": 0.41, "surprisePercent": 0.683, "quarter": "2017-12-31", "period": "-3q"}, {"maxAge": 1, "epsActual": -1.69, "epsEstimate": 1.6, "epsDifference": -3.29, "surprisePercent": -2.056, "quarter": "2018-03-31", "period": "-2q"}, {"maxAge": 1, "epsActual": -5.74, "epsEstimate": -2.5, "epsDifference": -3.24, "surprisePercent": -1.296, "quarter": "2018-06-30", "period": "-1q"}], "maxAge": 86400}, "indexTrend": {"maxAge": 1, "symbol": "SP5", "peRatio": 19.7411, "pegRatio": 1.34172, "estimates": [{"period": "0q", "growth": 0.549}, {"period": "+1q", "growth": 0.431}, {"period": "0y", "growth": 0.305}, {"period": "+1y", "growth": 0.109}, {"period": "+5y", "growth": 0.120865}, {"period": "-5y"}]}, "industryTrend": {"maxAge": 1, "symbol": null, "estimates": []}, "insiderTransactions": {"transactions": [{"maxAge": 1, "shares": 30000, "value": 72246, "filerUrl": "", "transactionText": "Acquisition at price 2.41 per share.", "filerName": "Jalan (Anshuman V)", "filerRelation": "Director (Executive)", "moneyText": "", "startDate": "2020-09-28", "ownership": "D"}, {"maxAge": 1, "shares": 30000, "value": 72120, "filerUrl": "", "transactionText": "Acquisition at price 2.40 per share.", "filerName": "Jalan (Vidula)", "filerRelation": "Director (Executive)", "moneyText": "", "startDate": "2020-09-28", "ownership": "D"}, {"maxAge": 1, "shares": 100000, "value": 272510, "filerUrl": "", "transactionText": "Acquisition at price 2.73 per share.", "filerName": "Rambara Trading Pvt. Ltd.", "filerRelation": "Institution- Corporation", "moneyText": "", "startDate": "2020-08-19", "ownership": "D"}, {"maxAge": 1, "shares": 100000, "value": 265560, "filerUrl": "", "transactionText": "Acquisition at price 2.66 per share.", "filerName": "Rambara Trading Pvt. Ltd.", "filerRelation": "UNREPORTED", "moneyText": "", "startDate": "2020-08-17", "ownership": "D"}, {"maxAge": 1, "shares": 150000, "value": 374235, "filerUrl": "", "transactionText": "Acquisition at price 2.49 per share.", "filerName": "Vidula Consultancy Services Ltd", "filerRelation": "Promoter", "moneyText": "", "startDate": "2020-06-30", "ownership": "D"}, {"maxAge": 1, "shares": 250000, "filerUrl": "", "transactionText": "", "filerName": "Vidula Consultancy Services Ltd", "filerRelation": "Promoter", "moneyText": "", "startDate": "2020-06-25", "ownership": "D"}, {"maxAge": 1, "shares": 15000, "filerUrl": "", "transactionText": "", "filerName": "Jalan (Anshuman V)", "filerRelation": "Director (Executive)", "moneyText": "", "startDate": "2020-06-24", "ownership": "D"}, {"maxAge": 1, "shares": 43371, "filerUrl": "", "transactionText": "", "filerName": "Jalan (Vaishnavi)", "filerRelation": "Promoter", "moneyText": "", "startDate": "2020-06-24", "ownership": "D"}, {"maxAge": 1, "shares": 23900, "filerUrl": "", "transactionText": "", "filerName": "Jalan (Vidula)", "filerRelation": "Director (Executive)", "moneyText": "", "startDate": "2020-06-24", "ownership": "D"}, {"maxAge": 1, "shares": 45000, "filerUrl": "", "transactionText": "", "filerName": "Vidula Consultancy Services Ltd", "filerRelation": "Promoter", "moneyText": "", "startDate": "2020-02-26", "ownership": "D"}, {"maxAge": 1, "shares": 125000, "filerUrl": "", "transactionText": "", "filerName": "Vidula Consultancy Services Ltd", "filerRelation": "Promoter", "moneyText": "", "startDate": "2019-09-12", "ownership": "D"}, {"maxAge": 1, "shares": 3000, "filerUrl": "", "transactionText": "", "filerName": "Jalan (Vaishnavi)", "filerRelation": "Promoter", "moneyText": "", "startDate": "2019-09-05", "ownership": "D"}, {"maxAge": 1, "shares": 400000, "filerUrl": "", "transactionText": "", "filerName": "Vidula Consultancy Services Ltd", "filerRelation": "Promoter", "moneyText": "", "startDate": "2019-08-30", "ownership": "D"}, {"maxAge": 1, "shares": 127000, "filerUrl": "", "transactionText": "", "filerName": "Cygnet Industries Ltd", "filerRelation": "Promoter", "moneyText": "", "startDate": "2019-05-17", "ownership": "D"}, {"maxAge": 1, "shares": 503797, "filerUrl": "", "transactionText": "", "filerName": "Manav Investment & Trading Company Ltd", "filerRelation": "Institution- Corporation", "moneyText": "", "startDate": "2019-05-17", "ownership": "D"}, {"maxAge": 1, "shares": 758870, "filerUrl": "", "transactionText": "", "filerName": "Vidula Consultancy Services Ltd", "filerRelation": "Promoter", "moneyText": "", "startDate": "2019-05-17", "ownership": "D"}, {"maxAge": 1, "shares": 1100000, "filerUrl": "", "transactionText": "", "filerName": "Manav Investment & Trading Company Ltd", "filerRelation": "Institution- Corporation", "moneyText": "", "startDate": "2019-03-29", "ownership": "D"}, {"maxAge": 1, "shares": 673000, "filerUrl": "", "transactionText": "", "filerName": "Cygnet Industries Ltd", "filerRelation": "Promoter", "moneyText": "", "startDate": "2019-03-26", "ownership": "D"}, {"maxAge": 1, "shares": 613000, "filerUrl": "", "transactionText": "", "filerName": "Vidula Consultancy Services Ltd", "filerRelation": "Promoter", "moneyText": "", "startDate": "2019-03-26", "ownership": "D"}, {"maxAge": 1, "shares": 500000, "filerUrl": "", "transactionText": "", "filerName": "Manav Investment & Trading Company Ltd", "filerRelation": "Institution- Corporation", "moneyText": "", "startDate": "2019-03-12", "ownership": "D"}, {"maxAge": 1, "shares": 500000, "filerUrl": "", "transactionText": "", "filerName": "Manav Investment & Trading Company Ltd", "filerRelation": "Institution- Corporation", "moneyText": "", "startDate": "2019-03-07", "ownership": "D"}], "maxAge": 1}, "quoteType": {"exchange": "BSE", "quoteType": "EQUITY", "symbol": "MANGLMCEM.BO", "underlyingSymbol": "MANGLMCEM.BO", "shortName": "MANGALAM CEMENT LTD.", "longName": "Mangalam Cement Limited", "firstTradeDateEpochUtc": "2000-01-03 09:15:00", "timeZoneFullName": "Asia/Kolkata", "timeZoneShortName": "IST", "uuid": "2908d3d3-f392-365b-b421-4e0397cf17a0", "messageBoardId": null, "gmtOffSetMilliseconds": 19800000, "maxAge": 1}, "incomeStatementHistory": {"incomeStatementHistory": [{"maxAge": 1, "endDate": "2020-03-31", "totalRevenue": 12282510000, "costOfRevenue": 1423172000, "grossProfit": 10859338000, "researchDevelopment": {}, "sellingGeneralAdministrative": 1087709000, "nonRecurring": {}, "otherOperatingExpenses": 7776458000, "totalOperatingExpenses": 10774089000, "operatingIncome": 1508421000, "totalOtherIncomeExpenseNet": -337017000, "ebit": 1508421000, "interestExpense": -493377000, "incomeBeforeTax": 1171404000, "incomeTaxExpense": 412383000, "minorityInterest": {}, "netIncomeFromContinuingOps": 759021000, "discontinuedOperations": {}, "extraordinaryItems": {}, "effectOfAccountingCharges": {}, "otherItems": {}, "netIncome": 759021000, "netIncomeApplicableToCommonShares": 759021000}, {"maxAge": 1, "endDate": "2019-03-31", "totalRevenue": 11995965000, "costOfRevenue": 2368277000, "grossProfit": 9627688000, "researchDevelopment": {}, "sellingGeneralAdministrative": 1044835000, "nonRecurring": {}, "otherOperatingExpenses": 8006945000, "totalOperatingExpenses": 11881304000, "operatingIncome": 114661000, "totalOtherIncomeExpenseNet": -273904000, "ebit": 114661000, "interestExpense": -345180000, "incomeBeforeTax": -159243000, "incomeTaxExpense": -61871000, "minorityInterest": {}, "netIncomeFromContinuingOps": -97372000, "discontinuedOperations": {}, "extraordinaryItems": {}, "effectOfAccountingCharges": {}, "otherItems": {}, "netIncome": -97372000, "netIncomeApplicableToCommonShares": -97372000}, {"maxAge": 1, "endDate": "2018-03-31", "totalRevenue": 10796598000, "costOfRevenue": 1812289000, "grossProfit": 8984309000, "researchDevelopment": {}, "sellingGeneralAdministrative": 1047500000, "nonRecurring": {}, "otherOperatingExpenses": 7073963000, "totalOperatingExpenses": 10375863000, "operatingIncome": 420735000, "totalOtherIncomeExpenseNet": -231152000, "ebit": 420735000, "interestExpense": -319928000, "incomeBeforeTax": 189583000, "incomeTaxExpense": 75764000, "minorityInterest": {}, "netIncomeFromContinuingOps": 113819000, "discontinuedOperations": {}, "extraordinaryItems": {}, "effectOfAccountingCharges": {}, "otherItems": {}, "netIncome": 113819000, "netIncomeApplicableToCommonShares": 113819000}, {"maxAge": 1, "endDate": "2017-03-31", "totalRevenue": 9047483000, "costOfRevenue": 500729000, "grossProfit": 8546754000, "researchDevelopment": {}, "sellingGeneralAdministrative": 814962000, "nonRecurring": {}, "otherOperatingExpenses": 6555864000, "totalOperatingExpenses": 8274701000, "operatingIncome": 772782000, "totalOtherIncomeExpenseNet": -268051000, "ebit": 772782000, "interestExpense": -343278000, "incomeBeforeTax": 504731000, "incomeTaxExpense": 138384000, "minorityInterest": {}, "netIncomeFromContinuingOps": 366347000, "discontinuedOperations": {}, "extraordinaryItems": {}, "effectOfAccountingCharges": {}, "otherItems": {}, "netIncome": 366347000, "netIncomeApplicableToCommonShares": 366347000}], "maxAge": 86400}, "fundOwnership": {"maxAge": 1, "ownershipList": []}, "summaryDetail": {"maxAge": 1, "priceHint": 2, "previousClose": 277.3, "open": 274.65, "dayLow": 273.0, "dayHigh": 278.75, "regularMarketPreviousClose": 277.3, "regularMarketOpen": 274.65, "regularMarketDayLow": 273.0, "regularMarketDayHigh": 278.75, "trailingPE": 12.39514, "forwardPE": 20.399254, "volume": 483, "regularMarketVolume": 483, "averageVolume": 8815, "averageVolume10days": 20323, "averageDailyVolume10Day": 20323, "bid": 272.8, "ask": 276.0, "bidSize": 0, "askSize": 0, "marketCap": 7296750592, "fiftyTwoWeekLow": 115.65, "fiftyTwoWeekHigh": 284.95, "fiftyDayAverage": 246.34412, "twoHundredDayAverage": 212.49374, "trailingAnnualDividendRate": 1.0, "trailingAnnualDividendYield": 0.0036062028, "currency": "INR", "fromCurrency": null, "toCurrency": null, "lastMarket": null, "algorithm": null, "tradeable": false}, "sectorTrend": {"maxAge": 1, "symbol": null, "estimates": []}, "incomeStatementHistoryQuarterly": {"incomeStatementHistory": [{"maxAge": 1, "endDate": "2020-06-30", "totalRevenue": 2262237000, "costOfRevenue": 876090000, "grossProfit": 1386147000, "researchDevelopment": {}, "sellingGeneralAdministrative": 817089000, "nonRecurring": {}, "otherOperatingExpenses": 104303000, "totalOperatingExpenses": 1953933000, "operatingIncome": 308304000, "totalOtherIncomeExpenseNet": -94615000, "ebit": 308304000, "interestExpense": -163607000, "incomeBeforeTax": 213689000, "incomeTaxExpense": 75720000, "minorityInterest": {}, "netIncomeFromContinuingOps": 137969000, "discontinuedOperations": {}, "extraordinaryItems": {}, "effectOfAccountingCharges": {}, "otherItems": {}, "netIncome": 137969000, "netIncomeApplicableToCommonShares": 137969000}, {"maxAge": 1, "endDate": "2020-03-31", "totalRevenue": 2967989000, "costOfRevenue": -2249476000, "grossProfit": 5217465000, "researchDevelopment": {}, "sellingGeneralAdministrative": -2216917000, "nonRecurring": {}, "otherOperatingExpenses": 6972768000, "totalOperatingExpenses": 2632098000, "operatingIncome": 335891000, "totalOtherIncomeExpenseNet": -101529000, "ebit": 335891000, "interestExpense": -31804000, "incomeBeforeTax": 234362000, "incomeTaxExpense": 79208000, "minorityInterest": {}, "netIncomeFromContinuingOps": 155154000, "discontinuedOperations": {}, "extraordinaryItems": {}, "effectOfAccountingCharges": {}, "otherItems": {}, "netIncome": 155154000, "netIncomeApplicableToCommonShares": 155154000}, {"maxAge": 1, "endDate": "2019-12-31", "totalRevenue": 3090386000, "costOfRevenue": 1274985000, "grossProfit": 1815401000, "researchDevelopment": {}, "sellingGeneralAdministrative": 1130923000, "nonRecurring": {}, "otherOperatingExpenses": 276055000, "totalOperatingExpenses": 2805251000, "operatingIncome": 285135000, "totalOtherIncomeExpenseNet": -91715000, "ebit": 285135000, "interestExpense": -163246000, "incomeBeforeTax": 193420000, "incomeTaxExpense": 69036000, "minorityInterest": {}, "netIncomeFromContinuingOps": 124384000, "discontinuedOperations": {}, "extraordinaryItems": {}, "effectOfAccountingCharges": {}, "otherItems": {}, "netIncome": 124384000, "netIncomeApplicableToCommonShares": 124384000}, {"maxAge": 1, "endDate": "2019-09-30", "totalRevenue": 2892527000, "costOfRevenue": 1169865000, "grossProfit": 1722662000, "researchDevelopment": {}, "sellingGeneralAdministrative": 959144000, "nonRecurring": {}, "otherOperatingExpenses": 318184000, "totalOperatingExpenses": 2570511000, "operatingIncome": 322016000, "totalOtherIncomeExpenseNet": -86119000, "ebit": 322016000, "interestExpense": -159440000, "incomeBeforeTax": 235897000, "incomeTaxExpense": 88569000, "minorityInterest": {}, "netIncomeFromContinuingOps": 147328000, "discontinuedOperations": {}, "extraordinaryItems": {}, "effectOfAccountingCharges": {}, "otherItems": {}, "netIncome": 147328000, "netIncomeApplicableToCommonShares": 147328000}], "maxAge": 86400}, "cashflowStatementHistoryQuarterly": {"cashflowStatements": [{"maxAge": 1, "endDate": "2020-06-30", "netIncome": 137969000, "changeToLiabilities": 0}, {"maxAge": 1, "endDate": "2020-03-31", "netIncome": 155154000, "changeToLiabilities": 0}, {"maxAge": 1, "endDate": "2019-12-31", "netIncome": 124384000, "changeToLiabilities": 0}, {"maxAge": 1, "endDate": "2019-09-30", "netIncome": 147328000, "changeToLiabilities": 0}], "maxAge": 86400}, "insiderHolders": {"holders": [{"maxAge": 1, "name": "Cygnet Industries Ltd", "relation": "Promoter", "url": "", "transactionDescription": "Sale", "latestTransDate": "2019-05-17", "positionDirect": 0, "positionDirectDate": "2019-05-17"}, {"maxAge": 1, "name": "Jalan (Anshuman V)", "relation": "Director (Executive)", "url": "", "transactionDescription": "Acquisition", "latestTransDate": "2020-09-28", "positionDirect": 85000, "positionDirectDate": "2020-09-28"}, {"maxAge": 1, "name": "Jalan (Vaishnavi)", "relation": "Promoter", "url": "", "transactionDescription": "Acquisition", "latestTransDate": "2020-06-24", "positionDirect": 50000, "positionDirectDate": "2020-06-24"}, {"maxAge": 1, "name": "Jalan (Vidula)", "relation": "Director (Executive)", "url": "", "transactionDescription": "Acquisition", "latestTransDate": "2020-09-28", "positionDirect": 130000, "positionDirectDate": "2020-09-28"}, {"maxAge": 1, "name": "Manav Investment & Trading Company Ltd", "relation": "Institution- Corporation", "url": "", "transactionDescription": "Sale", "latestTransDate": "2019-05-17", "positionDirect": 0, "positionDirectDate": "2019-05-17"}, {"maxAge": 1, "name": "Rambara Trading Pvt. Ltd.", "relation": "Institution- Corporation", "url": "", "transactionDescription": "Acquisition", "latestTransDate": "2020-08-19", "positionDirect": 200000, "positionDirectDate": "2020-08-19"}, {"maxAge": 1, "name": "Vidula Consultancy Services Ltd", "relation": "Promoter", "url": "", "transactionDescription": "Acquisition", "latestTransDate": "2020-06-30", "positionDirect": 2370720, "positionDirectDate": "2020-06-30"}], "maxAge": 1}, "earnings": {"maxAge": 86400, "earningsChart": {"quarterly": [{"date": "3Q2017", "actual": 0.4, "estimate": 1.3}, {"date": "4Q2017", "actual": 1.01, "estimate": 0.6}, {"date": "1Q2018", "actual": -1.69, "estimate": 1.6}, {"date": "2Q2018", "actual": -5.74, "estimate": -2.5}], "currentQuarterEstimateDate": "3Q", "currentQuarterEstimateYear": 2018, "earningsDate": []}, "financialsChart": {"yearly": [{"date": 2017, "revenue": 9047483000, "earnings": 366347000}, {"date": 2018, "revenue": 10796598000, "earnings": 113819000}, {"date": 2019, "revenue": 11995965000, "earnings": -97372000}, {"date": 2020, "revenue": 12282510000, "earnings": 759021000}], "quarterly": [{"date": "3Q2019", "revenue": 2892527000, "earnings": 147328000}, {"date": "4Q2019", "revenue": 3090386000, "earnings": 124384000}, {"date": "1Q2020", "revenue": 2967989000, "earnings": 155154000}, {"date": "2Q2020", "revenue": 2262237000, "earnings": 137969000}]}, "financialCurrency": "INR"}, "calendarEvents": {"maxAge": 1, "earnings": {"earningsDate": [], "revenueAverage": 2879240000, "revenueLow": 2353000000, "revenueHigh": 2353000000}}, "price": {"maxAge": 1, "regularMarketChangePercent": -0.014244434, "regularMarketChange": -3.9499817, "regularMarketTime": "2021-04-30 15:17:55", "priceHint": 2, "regularMarketPrice": 273.35, "regularMarketDayHigh": 278.75, "regularMarketDayLow": 273.0, "regularMarketVolume": 483, "averageDailyVolume10Day": 20323, "averageDailyVolume3Month": 8815, "regularMarketPreviousClose": 277.3, "regularMarketSource": "FREE_REALTIME", "regularMarketOpen": 274.65, "exchange": "BSE", "exchangeName": "BSE", "exchangeDataDelayedBy": 0, "marketState": "CLOSED", "quoteType": "EQUITY", "symbol": "MANGLMCEM.BO", "underlyingSymbol": null, "shortName": "MANGALAM CEMENT LTD.", "longName": "Mangalam Cement Limited", "currency": "INR", "quoteSourceName": "Delayed Quote", "currencySymbol": "\u20b9", "fromCurrency": null, "toCurrency": null, "lastMarket": null, "marketCap": 7296750592}, "balanceSheetHistory": {"balanceSheetStatements": [{"maxAge": 1, "endDate": "2020-03-31", "cash": 633200000, "shortTermInvestments": 163892000, "netReceivables": 1327024000, "inventory": 2301549000, "otherCurrentAssets": 576716000, "totalCurrentAssets": 5331248000, "longTermInvestments": 348592000, "propertyPlantEquipment": 9274500000, "intangibleAssets": 87262000, "otherAssets": 885177000, "totalAssets": 15926779000, "accountsPayable": 1803767000, "shortLongTermDebt": 911528000, "otherCurrentLiab": 686611000, "longTermDebt": 3483455000, "otherLiab": 1247562000, "totalCurrentLiabilities": 5426198000, "totalLiab": 10167715000, "commonStock": 266938000, "retainedEarnings": 5474999000, "treasuryStock": 17127000, "otherStockholderEquity": 17127000, "totalStockholderEquity": 5759064000, "netTangibleAssets": 5671802000}, {"maxAge": 1, "endDate": "2019-03-31", "cash": 6653000, "shortTermInvestments": 111424000, "netReceivables": 1768996000, "inventory": 1986669000, "otherCurrentAssets": 645173000, "totalCurrentAssets": 4603288000, "longTermInvestments": 275888000, "propertyPlantEquipment": 8838714000, "intangibleAssets": 100256000, "otherAssets": 322474000, "totalAssets": 14140620000, "accountsPayable": 1667208000, "shortLongTermDebt": 1119419000, "otherCurrentLiab": 733815000, "longTermDebt": 2917885000, "otherLiab": 946598000, "totalCurrentLiabilities": 5241416000, "totalLiab": 9105899000, "commonStock": 266938000, "retainedEarnings": 4770369000, "treasuryStock": -2586000, "otherStockholderEquity": -2586000, "totalStockholderEquity": 5034721000, "netTangibleAssets": 4934465000}, {"maxAge": 1, "endDate": "2018-03-31", "cash": 99168000, "shortTermInvestments": 108905000, "netReceivables": 479193000, "inventory": 1423844000, "otherCurrentAssets": 976133000, "totalCurrentAssets": 3217685000, "longTermInvestments": 250327000, "propertyPlantEquipment": 8250009000, "intangibleAssets": 113735000, "otherAssets": 365451000, "totalAssets": 12197207000, "accountsPayable": 1435311000, "shortLongTermDebt": 916632000, "otherCurrentLiab": 443975000, "longTermDebt": 1885488000, "otherLiab": 994327000, "totalCurrentLiabilities": 4167710000, "totalLiab": 7047525000, "commonStock": 266938000, "retainedEarnings": 4883832000, "treasuryStock": -1088000, "otherStockholderEquity": -1088000, "totalStockholderEquity": 5149682000, "netTangibleAssets": 5035947000}, {"maxAge": 1, "endDate": "2017-03-31", "cash": 79032000, "shortTermInvestments": 103943000, "netReceivables": 401350000, "inventory": 1015738000, "otherCurrentAssets": 1289199000, "totalCurrentAssets": 2970346000, "longTermInvestments": 225318000, "propertyPlantEquipment": 8517143000, "intangibleAssets": 106380000, "otherAssets": 311441000, "totalAssets": 12130628000, "accountsPayable": 1260828000, "shortLongTermDebt": 914193000, "otherCurrentLiab": 512378000, "longTermDebt": 2283799000, "otherLiab": 921480000, "totalCurrentLiabilities": 3865352000, "totalLiab": 7070631000, "commonStock": 266938000, "retainedEarnings": 4792087000, "treasuryStock": 972000, "otherStockholderEquity": 972000, "totalStockholderEquity": 5059997000, "netTangibleAssets": 4953617000}], "maxAge": 86400}, "earningsTrend": {"trend": [{"maxAge": 1, "period": "0q", "endDate": "2018-09-30", "growth": {}, "earningsEstimate": {"avg": 0.0, "low": 0.0, "high": 0.0, "yearAgoEps": 0.4, "numberOfAnalysts": 0, "growth": {}}, "revenueEstimate": {"avg": 2879240000, "low": 2353000000, "high": 2353000000, "numberOfAnalysts": 1, "yearAgoRevenue": 2399530000, "growth": 0.2}, "epsTrend": {"current": 0.0, "7daysAgo": 0.0, "30daysAgo": 0.0, "60daysAgo": 0.0, "90daysAgo": 0.0}, "epsRevisions": {"upLast7days": 0, "upLast30days": 0, "downLast30days": 0, "downLast90days": {}}}, {"maxAge": 1, "period": "+1q", "endDate": "2018-12-31", "growth": {}, "earningsEstimate": {"avg": 0.0, "low": 0.0, "high": 0.0, "yearAgoEps": 1.01, "numberOfAnalysts": 0, "growth": {}}, "revenueEstimate": {"avg": 0, "low": 0, "high": 0, "numberOfAnalysts": 0, "yearAgoRevenue": {}, "growth": {}}, "epsTrend": {"current": 0.0, "7daysAgo": 0.0, "30daysAgo": 0.0, "60daysAgo": 0.0, "90daysAgo": 0.0}, "epsRevisions": {"upLast7days": 0, "upLast30days": 0, "downLast30days": 0, "downLast90days": {}}}, {"maxAge": 1, "period": "0y", "endDate": "2019-03-31", "growth": {}, "earningsEstimate": {"avg": 0.0, "low": 0.0, "high": 0.0, "yearAgoEps": {}, "numberOfAnalysts": 0, "growth": {}}, "revenueEstimate": {"avg": 11695300000, "low": 10765000000, "high": 12550000000, "numberOfAnalysts": 3, "yearAgoRevenue": 10861400000, "growth": 0.077}, "epsTrend": {"current": 0.0, "7daysAgo": 3.6, "30daysAgo": 3.6, "60daysAgo": 3.6, "90daysAgo": 3.6}, "epsRevisions": {"upLast7days": 0, "upLast30days": 0, "downLast30days": 0, "downLast90days": {}}}, {"maxAge": 1, "period": "+1y", "endDate": "2020-03-31", "growth": {}, "earningsEstimate": {"avg": 0.0, "low": 0.0, "high": 0.0, "yearAgoEps": {}, "numberOfAnalysts": 0, "growth": {}}, "revenueEstimate": {"avg": 12905000000, "low": 11339000000, "high": 14609000000, "numberOfAnalysts": 3, "yearAgoRevenue": 11695300000, "growth": 0.103}, "epsTrend": {"current": 0.0, "7daysAgo": 13.4, "30daysAgo": 13.4, "60daysAgo": 13.4, "90daysAgo": 13.4}, "epsRevisions": {"upLast7days": 0, "upLast30days": 0, "downLast30days": 0, "downLast90days": {}}}, {"maxAge": 1, "period": "+5y", "endDate": null, "growth": 0.20799999, "earningsEstimate": {"avg": {}, "low": {}, "high": {}, "yearAgoEps": {}, "numberOfAnalysts": {}, "growth": {}}, "revenueEstimate": {"avg": {}, "low": {}, "high": {}, "numberOfAnalysts": {}, "yearAgoRevenue": {}, "growth": {}}, "epsTrend": {"current": {}, "7daysAgo": {}, "30daysAgo": {}, "60daysAgo": {}, "90daysAgo": {}}, "epsRevisions": {"upLast7days": {}, "upLast30days": {}, "downLast30days": {}, "downLast90days": {}}}, {"maxAge": 1, "period": "-5y", "endDate": null, "growth": {}, "earningsEstimate": {"avg": {}, "low": {}, "high": {}, "yearAgoEps": {}, "numberOfAnalysts": {}, "growth": {}}, "revenueEstimate": {"avg": {}, "low": {}, "high": {}, "numberOfAnalysts": {}, "yearAgoRevenue": {}, "growth": {}}, "epsTrend": {"current": {}, "7daysAgo": {}, "30daysAgo": {}, "60daysAgo": {}, "90daysAgo": {}}, "epsRevisions": {"upLast7days": {}, "upLast30days": {}, "downLast30days": {}, "downLast90days": {}}}], "maxAge": 1}, "financialData": {"maxAge": 86400, "currentPrice": 273.35, "targetHighPrice": 412.0, "targetLowPrice": 240.0, "targetMeanPrice": 298.0, "targetMedianPrice": 283.0, "recommendationKey": "none", "numberOfAnalystOpinions": 5, "grossProfits": 10859338000, "financialCurrency": "INR"}}}