{"MANGTIMBER.BO": {"cashflowStatementHistory": {"cashflowStatements": [{"maxAge": 1, "endDate": "2020-03-31", "netIncome": -147310000, "depreciation": 14669000, "changeToNetincome": 43123000, "changeToAccountReceivables": -1560000, "changeToLiabilities": -48480000, "changeToInventory": -33633000, "totalCashFromOperatingActivities": -173191000, "capitalExpenditures": -7294000, "otherCashflowsFromInvestingActivities": 178000, "totalCashflowsFromInvestingActivities": -7116000, "netBorrowings": 216218000, "otherCashflowsFromFinancingActivities": -35932000, "totalCashFromFinancingActivities": 180286000, "changeInCash": -21000}, {"maxAge": 1, "endDate": "2019-03-31", "netIncome": -142954000, "depreciation": 14880000, "changeToNetincome": 30055000, "changeToAccountReceivables": 8655000, "changeToLiabilities": 74675000, "changeToInventory": 61637000, "totalCashFromOperatingActivities": 46948000, "capitalExpenditures": -3511000, "otherCashflowsFromInvestingActivities": 1857000, "totalCashflowsFromInvestingActivities": -1654000, "netBorrowings": 25735000, "otherCashflowsFromFinancingActivities": -70974000, "totalCashFromFinancingActivities": -45239000, "changeInCash": 55000}, {"maxAge": 1, "endDate": "2018-03-31", "netIncome": -93369000, "depreciation": 15518000, "changeToNetincome": 36055000, "changeToAccountReceivables": 10890000, "changeToLiabilities": 11376000, "changeToInventory": -61561000, "totalCashFromOperatingActivities": -81091000, "capitalExpenditures": -10055000, "otherCashflowsFromInvestingActivities": -6987000, "totalCashflowsFromInvestingActivities": -17042000, "netBorrowings": 161907000, "otherCashflowsFromFinancingActivities": -63832000, "totalCashFromFinancingActivities": 98075000, "changeInCash": -58000}, {"maxAge": 1, "endDate": "2017-03-31", "netIncome": -137164000, "depreciation": 14365000, "changeToNetincome": 14344000, "changeToAccountReceivables": 18860000, "changeToLiabilities": 175238000, "changeToInventory": -1117000, "totalCashFromOperatingActivities": 84526000, "capitalExpenditures": -63910000, "otherCashflowsFromInvestingActivities": 3583000, "totalCashflowsFromInvestingActivities": -60327000, "netBorrowings": 25857000, "otherCashflowsFromFinancingActivities": -50047000, "totalCashFromFinancingActivities": -24190000, "changeInCash": 9000}], "maxAge": 86400}, "institutionOwnership": {"maxAge": 1, "ownershipList": []}, "balanceSheetHistoryQuarterly": {"balanceSheetStatements": [{"maxAge": 1, "endDate": "2020-06-30", "totalStockholderEquity": -618062000, "netTangibleAssets": -618792000}, {"maxAge": 1, "endDate": "2020-03-31", "cash": 8392000, "netReceivables": 52298000, "inventory": 184998000, "otherCurrentAssets": 31534000, "totalCurrentAssets": 277222000, "longTermInvestments": 500000, "propertyPlantEquipment": 310855000, "intangibleAssets": 730000, "otherAssets": 540894000, "deferredLongTermAssetCharges": 426348000, "totalAssets": 1130201000, "accountsPayable": 47219000, "otherCurrentLiab": 637438000, "longTermDebt": 393831000, "otherLiab": 106129000, "totalCurrentLiabilities": 1248303000, "totalLiab": 1748263000, "commonStock": 183274000, "treasuryStock": -801336000, "otherStockholderEquity": -801336000, "totalStockholderEquity": -618062000, "netTangibleAssets": -618792000}, {"maxAge": 1, "endDate": "2019-12-31", "totalStockholderEquity": -534532000, "netTangibleAssets": -535262000}, {"maxAge": 1, "endDate": "2019-09-30", "cash": 8388000, "netReceivables": 44938000, "inventory": 146632000, "otherCurrentAssets": 31363000, "totalCurrentAssets": 231321000, "longTermInvestments": 500000, "propertyPlantEquipment": 311047000, "intangibleAssets": 730000, "otherAssets": 498493000, "deferredLongTermAssetCharges": 383093000, "totalAssets": 1042091000, "accountsPayable": 56712000, "otherCurrentLiab": 615683000, "longTermDebt": 375234000, "otherLiab": 108195000, "totalCurrentLiabilities": 1093194000, "totalLiab": 1576623000, "commonStock": 183274000, "treasuryStock": -717806000, "otherStockholderEquity": -717806000, "totalStockholderEquity": -534532000, "netTangibleAssets": -535262000}], "maxAge": 86400}, "indexTrend": {"maxAge": 1, "symbol": "SP5", "peRatio": 19.7411, "pegRatio": 1.34172, "estimates": [{"period": "0q", "growth": 0.549}, {"period": "+1q", "growth": 0.431}, {"period": "0y", "growth": 0.305}, {"period": "+1y", "growth": 0.109}, {"period": "+5y", "growth": 0.120865}, {"period": "-5y"}]}, "insiderTransactions": {"transactions": [{"maxAge": 1, "shares": 1072219, "filerUrl": "", "transactionText": "", "filerName": "Vidula Consultancy Services Ltd", "filerRelation": "Institution- Corporation", "moneyText": "", "startDate": "2019-05-17", "ownership": "D"}, {"maxAge": 1, "shares": 228500, "filerUrl": "", "transactionText": "", "filerName": "Manav Investment & Trading Company Ltd", "filerRelation": "Promoter", "moneyText": "", "startDate": "2019-05-17", "ownership": "D"}, {"maxAge": 1, "shares": 653462, "filerUrl": "", "transactionText": "", "filerName": "Cygnet Industries Ltd", "filerRelation": "Promoter", "moneyText": "", "startDate": "2019-05-17", "ownership": "D"}], "maxAge": 1}, "quoteType": {"exchange": "BSE", "quoteType": "EQUITY", "symbol": "MANGTIMBER.BO", "underlyingSymbol": "MANGTIMBER.BO", "shortName": "MANGALAM TIMBER PRODUCTS LTD.", "longName": "Mangalam Timber Products Limited", "firstTradeDateEpochUtc": "2000-10-17 09:15:00", "timeZoneFullName": "Asia/Kolkata", "timeZoneShortName": "IST", "uuid": "adf51770-69c7-3ff3-b40f-e71e9ffd1ade", "messageBoardId": null, "gmtOffSetMilliseconds": 19800000, "maxAge": 1}, "incomeStatementHistory": {"incomeStatementHistory": [{"maxAge": 1, "endDate": "2020-03-31", "totalRevenue": 47812000, "costOfRevenue": 48948000, "grossProfit": -1136000, "researchDevelopment": {}, "sellingGeneralAdministrative": 59715000, "nonRecurring": {}, "otherOperatingExpenses": 25421000, "totalOperatingExpenses": 148752000, "operatingIncome": -100940000, "totalOtherIncomeExpenseNet": -118351000, "ebit": -100940000, "interestExpense": -118351000, "incomeBeforeTax": -219291000, "incomeTaxExpense": -71981000, "minorityInterest": {}, "netIncomeFromContinuingOps": -147310000, "discontinuedOperations": {}, "extraordinaryItems": {}, "effectOfAccountingCharges": {}, "otherItems": {}, "netIncome": -147310000, "netIncomeApplicableToCommonShares": -147310000}, {"maxAge": 1, "endDate": "2019-03-31", "totalRevenue": 126095000, "costOfRevenue": 97672000, "grossProfit": 28423000, "researchDevelopment": {}, "sellingGeneralAdministrative": 59307000, "nonRecurring": {}, "otherOperatingExpenses": 70614000, "totalOperatingExpenses": 242473000, "operatingIncome": -116378000, "totalOtherIncomeExpenseNet": -90502000, "ebit": -116378000, "interestExpense": -98423000, "incomeBeforeTax": -206880000, "incomeTaxExpense": -63926000, "minorityInterest": {}, "netIncomeFromContinuingOps": -142954000, "discontinuedOperations": {}, "extraordinaryItems": {}, "effectOfAccountingCharges": {}, "otherItems": {}, "netIncome": -142954000, "netIncomeApplicableToCommonShares": -142954000}, {"maxAge": 1, "endDate": "2018-03-31", "totalRevenue": 240451000, "costOfRevenue": 86240000, "grossProfit": 154211000, "researchDevelopment": {}, "sellingGeneralAdministrative": 62883000, "nonRecurring": {}, "otherOperatingExpenses": 131852000, "totalOperatingExpenses": 296493000, "operatingIncome": -56042000, "totalOtherIncomeExpenseNet": -79306000, "ebit": -56042000, "interestExpense": -88711000, "incomeBeforeTax": -135348000, "incomeTaxExpense": -41979000, "minorityInterest": {}, "netIncomeFromContinuingOps": -93369000, "discontinuedOperations": {}, "extraordinaryItems": {}, "effectOfAccountingCharges": {}, "otherItems": {}, "netIncome": -93369000, "netIncomeApplicableToCommonShares": -93369000}, {"maxAge": 1, "endDate": "2017-03-31", "totalRevenue": 326204000, "costOfRevenue": 144006000, "grossProfit": 182198000, "researchDevelopment": {}, "sellingGeneralAdministrative": 89224000, "nonRecurring": {}, "otherOperatingExpenses": 202613000, "totalOperatingExpenses": 450208000, "operatingIncome": -124004000, "totalOtherIncomeExpenseNet": -66076000, "ebit": -124004000, "interestExpense": -72261000, "incomeBeforeTax": -190080000, "incomeTaxExpense": -52916000, "minorityInterest": {}, "netIncomeFromContinuingOps": -137164000, "discontinuedOperations": {}, "extraordinaryItems": {}, "effectOfAccountingCharges": {}, "otherItems": {}, "netIncome": -137164000, "netIncomeApplicableToCommonShares": -137164000}], "maxAge": 86400}, "fundOwnership": {"maxAge": 1, "ownershipList": []}, "summaryDetail": {"maxAge": 1, "priceHint": 2, "previousClose": 10.65, "open": 10.5, "dayLow": 10.29, "dayHigh": 10.5, "regularMarketPreviousClose": 10.65, "regularMarketOpen": 10.5, "regularMarketDayLow": 10.29, "regularMarketDayHigh": 10.5, "volume": 2105, "regularMarketVolume": 2105, "averageVolume": 2940, "averageVolume10days": 15700, "averageDailyVolume10Day": 15700, "bid": 0.0, "ask": 10.29, "bidSize": 0, "askSize": 0, "marketCap": 188588944, "fiftyTwoWeekLow": 6.01, "fiftyTwoWeekHigh": 12.96, "fiftyDayAverage": 9.513235, "twoHundredDayAverage": 8.180073, "currency": "INR", "fromCurrency": null, "toCurrency": null, "lastMarket": null, "algorithm": null, "tradeable": false}, "incomeStatementHistoryQuarterly": {"incomeStatementHistory": [{"maxAge": 1, "endDate": "2020-06-30", "totalRevenue": 13109000, "costOfRevenue": 19669000, "grossProfit": -6560000, "researchDevelopment": {}, "sellingGeneralAdministrative": 11973000, "nonRecurring": {}, "otherOperatingExpenses": 3547000, "totalOperatingExpenses": 38812000, "operatingIncome": -25703000, "totalOtherIncomeExpenseNet": -31656000, "ebit": -25703000, "interestExpense": -31656000, "incomeBeforeTax": -57359000, "incomeTaxExpense": -17896000, "minorityInterest": {}, "netIncomeFromContinuingOps": -39463000, "discontinuedOperations": {}, "extraordinaryItems": {}, "effectOfAccountingCharges": {}, "otherItems": {}, "netIncome": -39463000, "netIncomeApplicableToCommonShares": -39463000}, {"maxAge": 1, "endDate": "2020-03-31", "totalRevenue": 30734000, "costOfRevenue": 29824000, "grossProfit": 910000, "researchDevelopment": {}, "sellingGeneralAdministrative": 21134000, "nonRecurring": {}, "otherOperatingExpenses": 14497000, "totalOperatingExpenses": 69073000, "operatingIncome": -38339000, "totalOtherIncomeExpenseNet": -36517000, "ebit": -38339000, "interestExpense": -36517000, "incomeBeforeTax": -74856000, "incomeTaxExpense": -27351000, "minorityInterest": {}, "netIncomeFromContinuingOps": -47505000, "discontinuedOperations": {}, "extraordinaryItems": {}, "effectOfAccountingCharges": {}, "otherItems": {}, "netIncome": -47505000, "netIncomeApplicableToCommonShares": -47505000}, {"maxAge": 1, "endDate": "2019-12-31", "totalRevenue": 7087000, "costOfRevenue": 8597000, "grossProfit": -1510000, "researchDevelopment": {}, "sellingGeneralAdministrative": 14585000, "nonRecurring": {}, "otherOperatingExpenses": 3819000, "totalOperatingExpenses": 30688000, "operatingIncome": -23601000, "totalOtherIncomeExpenseNet": -28623000, "ebit": -23601000, "interestExpense": -28623000, "incomeBeforeTax": -52224000, "incomeTaxExpense": -16155000, "minorityInterest": {}, "netIncomeFromContinuingOps": -36069000, "discontinuedOperations": {}, "extraordinaryItems": {}, "effectOfAccountingCharges": {}, "otherItems": {}, "netIncome": -36069000, "netIncomeApplicableToCommonShares": -36069000}, {"maxAge": 1, "endDate": "2019-09-30", "totalRevenue": 5893000, "costOfRevenue": 5757000, "grossProfit": 136000, "researchDevelopment": {}, "sellingGeneralAdministrative": 12608000, "nonRecurring": {}, "otherOperatingExpenses": 3002000, "totalOperatingExpenses": 25055000, "operatingIncome": -19162000, "totalOtherIncomeExpenseNet": -28444000, "ebit": -19162000, "interestExpense": -28444000, "incomeBeforeTax": -47606000, "incomeTaxExpense": -14692000, "minorityInterest": {}, "netIncomeFromContinuingOps": -32914000, "discontinuedOperations": {}, "extraordinaryItems": {}, "effectOfAccountingCharges": {}, "otherItems": {}, "netIncome": -32914000, "netIncomeApplicableToCommonShares": -32914000}], "maxAge": 86400}, "cashflowStatementHistoryQuarterly": {"cashflowStatements": [{"maxAge": 1, "endDate": "2020-06-30", "netIncome": -39463000, "changeToLiabilities": 0}, {"maxAge": 1, "endDate": "2020-03-31", "netIncome": -47505000, "changeToLiabilities": 0}, {"maxAge": 1, "endDate": "2019-12-31", "netIncome": -36069000, "changeToLiabilities": 0}, {"maxAge": 1, "endDate": "2019-09-30", "netIncome": -32914000, "changeToLiabilities": 0}], "maxAge": 86400}, "insiderHolders": {"holders": [{"maxAge": 1, "name": "Cygnet Industries Ltd", "relation": "Promoter", "url": "", "transactionDescription": "Sale", "latestTransDate": "2019-05-17", "positionDirect": 0, "positionDirectDate": "2019-05-17"}, {"maxAge": 1, "name": "Manav Investment & Trading Company Ltd", "relation": "Promoter", "url": "", "transactionDescription": "Sale", "latestTransDate": "2019-05-17", "positionDirect": 0, "positionDirectDate": "2019-05-17"}, {"maxAge": 1, "name": "Vidula Consultancy Services Ltd", "relation": "Institution- Corporation", "url": "", "transactionDescription": "Acquisition", "latestTransDate": "2019-05-17", "positionDirect": 1072219, "positionDirectDate": "2019-05-17"}], "maxAge": 1}, "calendarEvents": {"maxAge": 1, "earnings": {"earningsDate": []}}, "price": {"maxAge": 1, "regularMarketChangePercent": -0.033802785, "regularMarketChange": -0.35999966, "regularMarketTime": "2021-04-30 15:56:15", "priceHint": 2, "regularMarketPrice": 10.29, "regularMarketDayHigh": 10.5, "regularMarketDayLow": 10.29, "regularMarketVolume": 2105, "averageDailyVolume10Day": 15700, "averageDailyVolume3Month": 2940, "regularMarketPreviousClose": 10.65, "regularMarketSource": "FREE_REALTIME", "regularMarketOpen": 10.5, "exchange": "BSE", "exchangeName": "BSE", "exchangeDataDelayedBy": 0, "marketState": "CLOSED", "quoteType": "EQUITY", "symbol": "MANGTIMBER.BO", "underlyingSymbol": null, "shortName": "MANGALAM TIMBER PRODUCTS LTD.", "longName": "Mangalam Timber Products Limited", "currency": "INR", "quoteSourceName": "Delayed Quote", "currencySymbol": "\u20b9", "fromCurrency": null, "toCurrency": null, "lastMarket": null, "marketCap": 188588944}, "balanceSheetHistory": {"balanceSheetStatements": [{"maxAge": 1, "endDate": "2020-03-31", "cash": 8392000, "netReceivables": 52298000, "inventory": 184998000, "otherCurrentAssets": 31534000, "totalCurrentAssets": 277222000, "longTermInvestments": 500000, "propertyPlantEquipment": 310855000, "intangibleAssets": 730000, "otherAssets": 540894000, "deferredLongTermAssetCharges": 426348000, "totalAssets": 1130201000, "accountsPayable": 47219000, "otherCurrentLiab": 637438000, "longTermDebt": 393831000, "otherLiab": 106129000, "totalCurrentLiabilities": 1248303000, "totalLiab": 1748263000, "commonStock": 183274000, "treasuryStock": -801336000, "otherStockholderEquity": -801336000, "totalStockholderEquity": -618062000, "netTangibleAssets": -618792000}, {"maxAge": 1, "endDate": "2019-03-31", "cash": 80000, "netReceivables": 44690000, "inventory": 151365000, "otherCurrentAssets": 41489000, "totalCurrentAssets": 239285000, "longTermInvestments": 500000, "propertyPlantEquipment": 330799000, "intangibleAssets": 730000, "otherAssets": 458100000, "deferredLongTermAssetCharges": 354618000, "totalAssets": 1029414000, "accountsPayable": 60595000, "shortLongTermDebt": 140000000, "otherCurrentLiab": 416666000, "longTermDebt": 359655000, "otherLiab": 89741000, "totalCurrentLiabilities": 1051323000, "totalLiab": 1500719000, "commonStock": 183274000, "retainedEarnings": -808922000, "treasuryStock": 2048000, "otherStockholderEquity": 2048000, "totalStockholderEquity": -623600000, "netTangibleAssets": -624330000}, {"maxAge": 1, "endDate": "2018-03-31", "cash": 25000, "netReceivables": 46902000, "inventory": 213002000, "otherCurrentAssets": 47060000, "totalCurrentAssets": 308582000, "longTermInvestments": 500000, "propertyPlantEquipment": 341959000, "intangibleAssets": 730000, "otherAssets": 395223000, "deferredLongTermAssetCharges": 291008000, "totalAssets": 1046994000, "accountsPayable": 115013000, "shortLongTermDebt": 140000000, "otherCurrentLiab": 301636000, "longTermDebt": 332206000, "otherLiab": 94975000, "totalCurrentLiabilities": 948869000, "totalLiab": 1376050000, "commonStock": 183274000, "retainedEarnings": -665968000, "treasuryStock": 1343000, "otherStockholderEquity": 1343000, "totalStockholderEquity": -481351000, "netTangibleAssets": -482081000}, {"maxAge": 1, "endDate": "2017-03-31", "cash": 83000, "netReceivables": 48058000, "inventory": 151441000, "otherCurrentAssets": 44989000, "totalCurrentAssets": 246639000, "longTermInvestments": 500000, "propertyPlantEquipment": 349154000, "intangibleAssets": 730000, "otherAssets": 354033000, "deferredLongTermAssetCharges": 249638000, "totalAssets": 951056000, "accountsPayable": 245611000, "shortLongTermDebt": 140000000, "otherCurrentLiab": 186301000, "longTermDebt": 207327000, "otherLiab": 102250000, "totalCurrentLiabilities": 878528000, "totalLiab": 1188105000, "commonStock": 183274000, "retainedEarnings": -572599000, "treasuryStock": -19000, "otherStockholderEquity": -19000, "totalStockholderEquity": -389344000, "netTangibleAssets": -390074000}], "maxAge": 86400}, "financialData": {"maxAge": 86400, "currentPrice": 10.29, "recommendationKey": "none", "grossProfits": -1136000, "financialCurrency": "INR"}}}