{"MANGTIMBER.NS": {"assetProfile": {"address1": "Birla Building", "address2": "10th Floor 9/1, R. N. Mukherjee Road", "city": "Kolkata", "zip": "700001", "country": "India", "phone": "91 33 2243 8707", "fax": "91 33 2243 8709", "website": "http://www.mangalamtimber.com", "industry": "Lumber & Wood Production", "sector": "Basic Materials", "longBusinessSummary": "Mangalam Timber Products Limited engages in the manufacture and sale of medium density fiberboards (MDF) in India. The company offers plain interior and exterior, as well as pre-laminated interior and exterior grade MDFs; and high density fiber boards. Its products are used in computer tables and workstations, TV tables, audio cabinets, beds and sofas, shop counters and shelves, wardrobes and cupboards, kitchen cabinets and suites, decorative doors and panels, sculptures and moldings, tables and desktops, packing boxes, toys and slates, photo laminations, and whiteboards. The company markets its products primarily under Duratuff brand. Mangalam Timber Products Limited was incorporated in 1982 and is headquartered in Kolkata, India.", "fullTimeEmployees": 158, "companyOfficers": [{"maxAge": 1, "name": "Mr. Siddhartha  Roy", "age": 67, "title": "CFO, Mang. & Director", "yearBorn": 1953, "fiscalYear": 2020, "totalPay": 209996, "exercisedValue": 0, "unexercisedValue": 0}, {"maxAge": 1, "name": "Ms. Priya  Sharma", "title": "Company Sec. & Compliance Officer", "fiscalYear": 2020, "totalPay": 220466, "exercisedValue": 0, "unexercisedValue": 0}, {"maxAge": 1, "name": "Mr. Yaswant  Mishra", "title": "Pres", "exercisedValue": 0, "unexercisedValue": 0}, {"maxAge": 1, "name": "Mr. Prabhat  Kumar", "age": 44, "title": "Head of Accounts & Director", "yearBorn": 1976, "exercisedValue": 0, "unexercisedValue": 0}, {"maxAge": 1, "name": "Mr. Arunabha  Biswas", "age": 67, "title": "Deputy Gen. Mang. of Legal", "yearBorn": 1953, "exercisedValue": 0, "unexercisedValue": 0}, {"maxAge": 1, "name": "Mr. K.C.  Nayak", "title": "Head of Marketing", "exercisedValue": 0, "unexercisedValue": 0}], "compensationAsOfEpochDate": "2020-12-31 05:30:00", "maxAge": 86400}, "cashflowStatementHistory": {"cashflowStatements": [{"maxAge": 1, "endDate": "2020-03-31", "netIncome": -147310000, "depreciation": 14669000, "changeToNetincome": 43123000, "changeToAccountReceivables": -1560000, "changeToLiabilities": -48480000, "changeToInventory": -33633000, "totalCashFromOperatingActivities": -173191000, "capitalExpenditures": -7294000, "otherCashflowsFromInvestingActivities": 178000, "totalCashflowsFromInvestingActivities": -7116000, "netBorrowings": 216218000, "otherCashflowsFromFinancingActivities": -35932000, "totalCashFromFinancingActivities": 180286000, "changeInCash": -21000}, {"maxAge": 1, "endDate": "2019-03-31", "netIncome": -142954000, "depreciation": 14880000, "changeToNetincome": 30055000, "changeToAccountReceivables": 8655000, "changeToLiabilities": 74675000, "changeToInventory": 61637000, "totalCashFromOperatingActivities": 46948000, "capitalExpenditures": -3511000, "otherCashflowsFromInvestingActivities": 1857000, "totalCashflowsFromInvestingActivities": -1654000, "netBorrowings": 25735000, "otherCashflowsFromFinancingActivities": -70974000, "totalCashFromFinancingActivities": -45239000, "changeInCash": 55000}, {"maxAge": 1, "endDate": "2018-03-31", "netIncome": -93369000, "depreciation": 15518000, "changeToNetincome": 36055000, "changeToAccountReceivables": 10890000, "changeToLiabilities": 11376000, "changeToInventory": -61561000, "totalCashFromOperatingActivities": -81091000, "capitalExpenditures": -10055000, "otherCashflowsFromInvestingActivities": -6987000, "totalCashflowsFromInvestingActivities": -17042000, "netBorrowings": 161907000, "otherCashflowsFromFinancingActivities": -63832000, "totalCashFromFinancingActivities": 98075000, "changeInCash": -58000}, {"maxAge": 1, "endDate": "2017-03-31", "netIncome": -137164000, "depreciation": 14365000, "changeToNetincome": 14344000, "changeToAccountReceivables": 18860000, "changeToLiabilities": 175238000, "changeToInventory": -1117000, "totalCashFromOperatingActivities": 84526000, "capitalExpenditures": -63910000, "otherCashflowsFromInvestingActivities": 3583000, "totalCashflowsFromInvestingActivities": -60327000, "netBorrowings": 25857000, "otherCashflowsFromFinancingActivities": -50047000, "totalCashFromFinancingActivities": -24190000, "changeInCash": 9000}], "maxAge": 86400}, "institutionOwnership": {"ownershipList": [], "maxAge": 1}, "majorHoldersBreakdown": {"maxAge": 1, "insidersPercentHeld": 0.62632, "institutionsPercentHeld": 0.0, "institutionsFloatPercentHeld": 0.0, "institutionsCount": 0}, "balanceSheetHistoryQuarterly": {"balanceSheetStatements": [{"maxAge": 1, "endDate": "2020-12-31", "totalStockholderEquity": -716321000, "netTangibleAssets": -717051000}, {"maxAge": 1, "endDate": "2020-09-30", "cash": 42000, "netReceivables": 51223000, "inventory": 153556000, "otherCurrentAssets": 31300000, "totalCurrentAssets": 236121000, "longTermInvestments": 500000, "propertyPlantEquipment": 304246000, "intangibleAssets": 730000, "otherAssets": 583794000, "deferredLongTermAssetCharges": 469248000, "totalAssets": 1125391000, "accountsPayable": 50014000, "otherCurrentLiab": 718257000, "longTermDebt": 384716000, "otherLiab": 106915000, "totalCurrentLiabilities": 1350081000, "totalLiab": 1841712000, "commonStock": 183274000, "treasuryStock": -899595000, "otherStockholderEquity": -899595000, "totalStockholderEquity": -716321000, "netTangibleAssets": -717051000}, {"maxAge": 1, "endDate": "2020-06-30", "totalStockholderEquity": -618062000, "netTangibleAssets": -618792000}, {"maxAge": 1, "endDate": "2020-03-31", "cash": 59000, "netReceivables": 52298000, "inventory": 184998000, "otherCurrentAssets": 39142000, "totalCurrentAssets": 277222000, "longTermInvestments": 500000, "propertyPlantEquipment": 321856000, "intangibleAssets": 730000, "otherAssets": 529893000, "deferredLongTermAssetCharges": 426348000, "totalAssets": 1130201000, "accountsPayable": 47219000, "shortLongTermDebt": 140000000, "otherCurrentLiab": 367137000, "longTermDebt": 393831000, "otherLiab": 106129000, "totalCurrentLiabilities": 1248303000, "totalLiab": 1748263000, "commonStock": 183274000, "retainedEarnings": -956232000, "treasuryStock": 2601000, "otherStockholderEquity": 2601000, "totalStockholderEquity": -770357000, "netTangibleAssets": -771087000}], "maxAge": 86400}, "indexTrend": {"maxAge": 1, "symbol": "SP5", "peRatio": 19.7411, "pegRatio": 1.34172, "estimates": [{"period": "0q", "growth": 0.549}, {"period": "+1q", "growth": 0.431}, {"period": "0y", "growth": 0.305}, {"period": "+1y", "growth": 0.109}, {"period": "+5y", "growth": 0.120865}, {"period": "-5y"}]}, "defaultKeyStatistics": {"maxAge": 1, "priceHint": 2, "enterpriseValue": 1160711168, "profitMargins": -2.13353, "floatShares": 6150496, "sharesOutstanding": 18327400, "heldPercentInsiders": 0.62632, "heldPercentInstitutions": 0.0, "beta": 0.717679, "category": null, "bookValue": -39.046, "fundFamily": null, "legalType": null, "lastFiscalYearEnd": "2020-03-31 05:30:00", "nextFiscalYearEnd": "2022-03-31 05:30:00", "mostRecentQuarter": "2020-12-31 05:30:00", "netIncomeToCommon": -192255008, "trailingEps": -10.488, "lastSplitFactor": null, "enterpriseToRevenue": 12.881, "enterpriseToEbitda": -8.233}, "summaryProfile": {"address1": "Birla Building", "address2": "10th Floor 9/1, R. N. Mukherjee Road", "city": "Kolkata", "zip": "700001", "country": "India", "phone": "91 33 2243 8707", "fax": "91 33 2243 8709", "website": "http://www.mangalamtimber.com", "industry": "Lumber & Wood Production", "sector": "Basic Materials", "longBusinessSummary": "Mangalam Timber Products Limited engages in the manufacture and sale of medium density fiberboards (MDF) in India. The company offers plain interior and exterior, as well as pre-laminated interior and exterior grade MDFs; and high density fiber boards. Its products are used in computer tables and workstations, TV tables, audio cabinets, beds and sofas, shop counters and shelves, wardrobes and cupboards, kitchen cabinets and suites, decorative doors and panels, sculptures and moldings, tables and desktops, packing boxes, toys and slates, photo laminations, and whiteboards. The company markets its products primarily under Duratuff brand. Mangalam Timber Products Limited was incorporated in 1982 and is headquartered in Kolkata, India.", "fullTimeEmployees": 158, "companyOfficers": [], "maxAge": 86400}, "netSharePurchaseActivity": {"maxAge": 1, "period": "6m", "buyInfoCount": 0, "buyInfoShares": 0, "sellInfoCount": 0, "netInfoCount": 0, "netInfoShares": 0, "netPercentInsiderShares": 0.0, "totalInsiderShares": 11486012}, "insiderTransactions": {"transactions": [{"maxAge": 1, "shares": 653462, "filerUrl": "", "transactionText": "", "filerName": "Cygnet Industries Ltd", "filerRelation": "Promoter", "moneyText": "", "startDate": "2019-05-17", "ownership": "D"}, {"maxAge": 1, "shares": 228500, "filerUrl": "", "transactionText": "", "filerName": "Manav Investment & Trading Company Ltd", "filerRelation": "Promoter", "moneyText": "", "startDate": "2019-05-17", "ownership": "D"}, {"maxAge": 1, "shares": 1072219, "filerUrl": "", "transactionText": "", "filerName": "Vidula Consultancy Services Ltd", "filerRelation": "Institution- Corporation", "moneyText": "", "startDate": "2019-05-17", "ownership": "D"}, {"maxAge": 1, "shares": 5509553, "filerUrl": "", "transactionText": "", "filerName": "Aditya Marketing & Manufacturing Company, Ltd.", "filerRelation": "Institution- Corporation", "moneyText": "", "startDate": "2009-11-05", "ownership": "D"}, {"maxAge": 1, "shares": 5088, "filerUrl": "", "transactionText": "", "filerName": "Aditya Marketing & Manufacturing Company, Ltd.", "filerRelation": "Institution- Corporation", "moneyText": "", "startDate": "2009-09-14", "ownership": "D"}, {"maxAge": 1, "shares": 8463, "filerUrl": "", "transactionText": "", "filerName": "Aditya Marketing & Manufacturing Company, Ltd.", "filerRelation": "Institution- Corporation", "moneyText": "", "startDate": "2009-09-11", "ownership": "D"}, {"maxAge": 1, "shares": 5769553, "filerUrl": "", "transactionText": "", "filerName": "Aditya Marketing & Manufacturing Company, Ltd.", "filerRelation": "Institution- Corporation", "moneyText": "", "startDate": "2009-09-10", "ownership": "D"}, {"maxAge": 1, "shares": 9000, "filerUrl": "", "transactionText": "", "filerName": "Aditya Marketing & Manufacturing Company, Ltd.", "filerRelation": "Institution- Corporation", "moneyText": "", "startDate": "2009-09-10", "ownership": "D"}, {"maxAge": 1, "shares": 194649, "filerUrl": "", "transactionText": "", "filerName": "Aditya Marketing & Manufacturing Company, Ltd.", "filerRelation": "Institution- Corporation", "moneyText": "", "startDate": "2009-09-09", "ownership": "D"}, {"maxAge": 1, "shares": 16100, "filerUrl": "", "transactionText": "", "filerName": "Aditya Marketing & Manufacturing Company, Ltd.", "filerRelation": "Institution- Corporation", "moneyText": "", "startDate": "2009-08-11", "ownership": "D"}], "maxAge": 1}, "quoteType": {"exchange": "NSI", "quoteType": "EQUITY", "symbol": "MANGTIMBER.NS", "underlyingSymbol": "MANGTIMBER.NS", "shortName": "MANGALAM TIMBER", "longName": "Mangalam Timber Products Limited", "firstTradeDateEpochUtc": "2002-07-01 09:15:00", "timeZoneFullName": "Asia/Kolkata", "timeZoneShortName": "IST", "uuid": "96bc9dc7-4ae0-3445-afc9-8fdad1df57ef", "gmtOffSetMilliseconds": 19800000, "maxAge": 1}, "incomeStatementHistory": {"incomeStatementHistory": [{"maxAge": 1, "endDate": "2020-03-31", "totalRevenue": 45220000, "costOfRevenue": 12762000, "grossProfit": 32458000, "researchDevelopment": {}, "sellingGeneralAdministrative": 56065000, "nonRecurring": {}, "otherOperatingExpenses": 65257000, "totalOperatingExpenses": 148752000, "operatingIncome": -103532000, "totalOtherIncomeExpenseNet": -115759000, "ebit": -103532000, "interestExpense": -118351000, "incomeBeforeTax": -219291000, "incomeTaxExpense": -71981000, "minorityInterest": {}, "netIncomeFromContinuingOps": -147310000, "discontinuedOperations": {}, "extraordinaryItems": {}, "effectOfAccountingCharges": {}, "otherItems": {}, "netIncome": -147310000, "netIncomeApplicableToCommonShares": -147310000}, {"maxAge": 1, "endDate": "2019-03-31", "totalRevenue": 126095000, "costOfRevenue": 97672000, "grossProfit": 28423000, "researchDevelopment": {}, "sellingGeneralAdministrative": 59307000, "nonRecurring": {}, "otherOperatingExpenses": 70614000, "totalOperatingExpenses": 242473000, "operatingIncome": -116378000, "totalOtherIncomeExpenseNet": -90502000, "ebit": -116378000, "interestExpense": -98423000, "incomeBeforeTax": -206880000, "incomeTaxExpense": -63926000, "minorityInterest": {}, "netIncomeFromContinuingOps": -142954000, "discontinuedOperations": {}, "extraordinaryItems": {}, "effectOfAccountingCharges": {}, "otherItems": {}, "netIncome": -142954000, "netIncomeApplicableToCommonShares": -142954000}, {"maxAge": 1, "endDate": "2018-03-31", "totalRevenue": 240451000, "costOfRevenue": 86240000, "grossProfit": 154211000, "researchDevelopment": {}, "sellingGeneralAdministrative": 62883000, "nonRecurring": {}, "otherOperatingExpenses": 131852000, "totalOperatingExpenses": 296493000, "operatingIncome": -56042000, "totalOtherIncomeExpenseNet": -79306000, "ebit": -56042000, "interestExpense": -88711000, "incomeBeforeTax": -135348000, "incomeTaxExpense": -41979000, "minorityInterest": {}, "netIncomeFromContinuingOps": -93369000, "discontinuedOperations": {}, "extraordinaryItems": {}, "effectOfAccountingCharges": {}, "otherItems": {}, "netIncome": -93369000, "netIncomeApplicableToCommonShares": -93369000}, {"maxAge": 1, "endDate": "2017-03-31", "totalRevenue": 326204000, "costOfRevenue": 144006000, "grossProfit": 182198000, "researchDevelopment": {}, "sellingGeneralAdministrative": 89224000, "nonRecurring": {}, "otherOperatingExpenses": 202613000, "totalOperatingExpenses": 450208000, "operatingIncome": -124004000, "totalOtherIncomeExpenseNet": -66076000, "ebit": -124004000, "interestExpense": -72261000, "incomeBeforeTax": -190080000, "incomeTaxExpense": -52916000, "minorityInterest": {}, "netIncomeFromContinuingOps": -137164000, "discontinuedOperations": {}, "extraordinaryItems": {}, "effectOfAccountingCharges": {}, "otherItems": {}, "netIncome": -137164000, "netIncomeApplicableToCommonShares": -137164000}], "maxAge": 86400}, "fundOwnership": {"ownershipList": [], "maxAge": 1}, "summaryDetail": {"maxAge": 1, "priceHint": 2, "previousClose": 10.6, "open": 10.8, "dayLow": 10.25, "dayHigh": 10.8, "regularMarketPreviousClose": 10.6, "regularMarketOpen": 10.8, "regularMarketDayLow": 10.25, "regularMarketDayHigh": 10.8, "exDividendDate": "2009-08-21 05:30:00", "payoutRatio": 0.0, "beta": 0.717679, "volume": 10982, "regularMarketVolume": 10982, "averageVolume": 14688, "averageVolume10days": 5786, "averageDailyVolume10Day": 5786, "bid": 0.0, "ask": 0.0, "bidSize": 0, "askSize": 0, "marketCap": 188741456, "fiftyTwoWeekLow": 5.7, "fiftyTwoWeekHigh": 12.9, "priceToSalesTrailing12Months": 2.094544, "fiftyDayAverage": 11.387878, "twoHundredDayAverage": 9.0589285, "currency": "INR", "fromCurrency": null, "lastMarket": null, "algorithm": null, "tradeable": false}, "incomeStatementHistoryQuarterly": {"incomeStatementHistory": [{"maxAge": 1, "endDate": "2020-12-31", "totalRevenue": 9019000, "costOfRevenue": 19115000, "grossProfit": -10096000, "researchDevelopment": {}, "sellingGeneralAdministrative": 17063000, "nonRecurring": {}, "otherOperatingExpenses": 6422000, "totalOperatingExpenses": 46262000, "operatingIncome": -37243000, "totalOtherIncomeExpenseNet": -31592000, "ebit": -37243000, "interestExpense": -31592000, "incomeBeforeTax": -68835000, "incomeTaxExpense": -22621000, "minorityInterest": {}, "netIncomeFromContinuingOps": -46214000, "discontinuedOperations": {}, "extraordinaryItems": {}, "effectOfAccountingCharges": {}, "otherItems": {}, "netIncome": -46214000, "netIncomeApplicableToCommonShares": -46214000}, {"maxAge": 1, "endDate": "2020-09-30", "totalRevenue": 39841000, "costOfRevenue": 55806000, "grossProfit": -15965000, "researchDevelopment": {}, "sellingGeneralAdministrative": 23090000, "nonRecurring": {}, "otherOperatingExpenses": 8882000, "totalOperatingExpenses": 91440000, "operatingIncome": -51599000, "totalOtherIncomeExpenseNet": -32602000, "ebit": -51599000, "interestExpense": -32602000, "incomeBeforeTax": -84201000, "incomeTaxExpense": -25128000, "minorityInterest": {}, "netIncomeFromContinuingOps": -59073000, "discontinuedOperations": {}, "extraordinaryItems": {}, "effectOfAccountingCharges": {}, "otherItems": {}, "netIncome": -59073000, "netIncomeApplicableToCommonShares": -59073000}, {"maxAge": 1, "endDate": "2020-06-30", "totalRevenue": 13109000, "costOfRevenue": 19669000, "grossProfit": -6560000, "researchDevelopment": {}, "sellingGeneralAdministrative": 11973000, "nonRecurring": {}, "otherOperatingExpenses": 3547000, "totalOperatingExpenses": 38812000, "operatingIncome": -25703000, "totalOtherIncomeExpenseNet": -31656000, "ebit": -25703000, "interestExpense": -31656000, "incomeBeforeTax": -57359000, "incomeTaxExpense": -17896000, "minorityInterest": {}, "netIncomeFromContinuingOps": -39463000, "discontinuedOperations": {}, "extraordinaryItems": {}, "effectOfAccountingCharges": {}, "otherItems": {}, "netIncome": -39463000, "netIncomeApplicableToCommonShares": -39463000}, {"maxAge": 1, "endDate": "2020-03-31", "totalRevenue": 28142000, "costOfRevenue": -6362000, "grossProfit": 34504000, "researchDevelopment": {}, "sellingGeneralAdministrative": 17484000, "nonRecurring": {}, "otherOperatingExpenses": 54333000, "totalOperatingExpenses": 69073000, "operatingIncome": -40931000, "totalOtherIncomeExpenseNet": -33925000, "ebit": -40931000, "interestExpense": -36517000, "incomeBeforeTax": -74856000, "incomeTaxExpense": -27351000, "minorityInterest": {}, "netIncomeFromContinuingOps": -47505000, "discontinuedOperations": {}, "extraordinaryItems": {}, "effectOfAccountingCharges": {}, "otherItems": {}, "netIncome": -47505000, "netIncomeApplicableToCommonShares": -47505000}], "maxAge": 86400}, "cashflowStatementHistoryQuarterly": {"cashflowStatements": [{"maxAge": 1, "endDate": "2020-12-31", "netIncome": -46214000, "changeToLiabilities": 0}, {"maxAge": 1, "endDate": "2020-09-30", "netIncome": -59073000, "changeToLiabilities": 0}, {"maxAge": 1, "endDate": "2020-06-30", "netIncome": -39463000, "changeToLiabilities": 0}, {"maxAge": 1, "endDate": "2020-03-31", "netIncome": -47505000, "changeToLiabilities": 0}], "maxAge": 86400}, "insiderHolders": {"holders": [{"maxAge": 1, "name": "Aditya Marketing & Manufacturing Company, Ltd.", "relation": "Institution- Corporation", "url": "", "transactionDescription": "Acquisition", "latestTransDate": "2009-11-05", "positionDirect": 1069933, "positionDirectDate": "2009-11-05"}, {"maxAge": 1, "name": "Cygnet Industries Ltd", "relation": "Promoter", "url": "", "transactionDescription": "Sale", "latestTransDate": "2019-05-17", "positionDirect": 0, "positionDirectDate": "2019-05-17"}, {"maxAge": 1, "name": "Manav Investment & Trading Company Ltd", "relation": "Promoter", "url": "", "transactionDescription": "Sale", "latestTransDate": "2019-05-17", "positionDirect": 0, "positionDirectDate": "2019-05-17"}, {"maxAge": 1, "name": "Vidula Consultancy Services Ltd", "relation": "Institution- Corporation", "url": "", "transactionDescription": "Acquisition", "latestTransDate": "2019-05-17", "positionDirect": 1072219, "positionDirectDate": "2019-05-17"}], "maxAge": 1}, "calendarEvents": {"maxAge": 1, "earnings": {"earningsDate": []}, "exDividendDate": "2009-08-21 05:30:00"}, "upgradeDowngradeHistory": {"history": [], "maxAge": 86400}, "price": {"maxAge": 1, "regularMarketChangePercent": -0.033018902, "regularMarketChange": -0.35000038, "regularMarketTime": "2021-04-30 15:27:38", "priceHint": 2, "regularMarketPrice": 10.25, "regularMarketDayHigh": 10.8, "regularMarketDayLow": 10.25, "regularMarketVolume": 10982, "averageDailyVolume10Day": 5786, "averageDailyVolume3Month": 14688, "regularMarketPreviousClose": 10.6, "regularMarketSource": "FREE_REALTIME", "regularMarketOpen": 10.8, "exchange": "NSI", "exchangeName": "NSE", "exchangeDataDelayedBy": 15, "marketState": "CLOSED", "quoteType": "EQUITY", "symbol": "MANGTIMBER.NS", "underlyingSymbol": null, "shortName": "MANGALAM TIMBER", "longName": "Mangalam Timber Products Limited", "currency": "INR", "quoteSourceName": "Delayed Quote", "currencySymbol": "\u20b9", "fromCurrency": null, "lastMarket": null, "marketCap": 188741456}, "balanceSheetHistory": {"balanceSheetStatements": [{"maxAge": 1, "endDate": "2020-03-31", "cash": 59000, "netReceivables": 52298000, "inventory": 184998000, "otherCurrentAssets": 39142000, "totalCurrentAssets": 277222000, "longTermInvestments": 500000, "propertyPlantEquipment": 321856000, "intangibleAssets": 730000, "otherAssets": 529893000, "deferredLongTermAssetCharges": 426348000, "totalAssets": 1130201000, "accountsPayable": 47219000, "shortLongTermDebt": 140000000, "otherCurrentLiab": 367137000, "longTermDebt": 393831000, "otherLiab": 106129000, "totalCurrentLiabilities": 1248303000, "totalLiab": 1748263000, "commonStock": 183274000, "retainedEarnings": -956232000, "treasuryStock": 2601000, "otherStockholderEquity": 2601000, "totalStockholderEquity": -770357000, "netTangibleAssets": -771087000}, {"maxAge": 1, "endDate": "2019-03-31", "cash": 80000, "netReceivables": 44690000, "inventory": 151365000, "otherCurrentAssets": 41489000, "totalCurrentAssets": 239285000, "longTermInvestments": 500000, "propertyPlantEquipment": 330799000, "intangibleAssets": 730000, "otherAssets": 458100000, "deferredLongTermAssetCharges": 354618000, "totalAssets": 1029414000, "accountsPayable": 60595000, "shortLongTermDebt": 140000000, "otherCurrentLiab": 416666000, "longTermDebt": 359655000, "otherLiab": 89741000, "totalCurrentLiabilities": 1051323000, "totalLiab": 1500719000, "commonStock": 183274000, "retainedEarnings": -808922000, "treasuryStock": 2048000, "otherStockholderEquity": 2048000, "totalStockholderEquity": -623600000, "netTangibleAssets": -624330000}, {"maxAge": 1, "endDate": "2018-03-31", "cash": 25000, "netReceivables": 46902000, "inventory": 213002000, "otherCurrentAssets": 47060000, "totalCurrentAssets": 308582000, "longTermInvestments": 500000, "propertyPlantEquipment": 341959000, "intangibleAssets": 730000, "otherAssets": 395223000, "deferredLongTermAssetCharges": 291008000, "totalAssets": 1046994000, "accountsPayable": 115013000, "shortLongTermDebt": 140000000, "otherCurrentLiab": 301636000, "longTermDebt": 332206000, "otherLiab": 94975000, "totalCurrentLiabilities": 948869000, "totalLiab": 1376050000, "commonStock": 183274000, "retainedEarnings": -665968000, "treasuryStock": 1343000, "otherStockholderEquity": 1343000, "totalStockholderEquity": -481351000, "netTangibleAssets": -482081000}, {"maxAge": 1, "endDate": "2017-03-31", "cash": 83000, "netReceivables": 48058000, "inventory": 151441000, "otherCurrentAssets": 44989000, "totalCurrentAssets": 246639000, "longTermInvestments": 500000, "propertyPlantEquipment": 349154000, "intangibleAssets": 730000, "otherAssets": 354033000, "deferredLongTermAssetCharges": 249638000, "totalAssets": 951056000, "accountsPayable": 245611000, "shortLongTermDebt": 140000000, "otherCurrentLiab": 186301000, "longTermDebt": 207327000, "otherLiab": 102250000, "totalCurrentLiabilities": 878528000, "totalLiab": 1188105000, "commonStock": 183274000, "retainedEarnings": -572599000, "treasuryStock": -19000, "otherStockholderEquity": -19000, "totalStockholderEquity": -389344000, "netTangibleAssets": -390074000}], "maxAge": 86400}, "financialData": {"maxAge": 86400, "currentPrice": 10.25, "recommendationKey": "none", "totalCash": 42000, "totalCashPerShare": 0.002, "ebitda": -140975248, "totalDebt": 966361024, "totalRevenue": 90111000, "revenuePerShare": 4.915, "grossProfits": 32458000, "revenueGrowth": 0.273, "grossMargins": 0.02079, "ebitdaMargins": -1.56446, "operatingMargins": -1.72549, "profitMargins": -2.13353, "financialCurrency": "INR"}}}