{"MANGCHEFER.BO": {"recommendationTrend": {"trend": [{"period": "0m", "strongBuy": 0, "buy": 0, "hold": 0, "sell": 0, "strongSell": 0}, {"period": "-1m", "strongBuy": 0, "buy": 0, "hold": 0, "sell": 0, "strongSell": 0}, {"period": "-2m", "strongBuy": 0, "buy": 0, "hold": 0, "sell": 0, "strongSell": 0}, {"period": "-3m", "strongBuy": 0, "buy": 0, "hold": 0, "sell": 0, "strongSell": 0}], "maxAge": 86400}, "cashflowStatementHistory": {"cashflowStatements": [{"maxAge": 1, "endDate": "2020-03-31", "netIncome": 645532000, "depreciation": 449564000, "changeToNetincome": 940480000, "changeToAccountReceivables": 1087641000, "changeToLiabilities": 516559000, "changeToInventory": 2926111000, "changeToOperatingActivities": -283472000, "totalCashFromOperatingActivities": 6286587000, "capitalExpenditures": -646608000, "investments": -99120000, "otherCashflowsFromInvestingActivities": 99376000, "totalCashflowsFromInvestingActivities": -646352000, "dividendsPaid": -118515000, "netBorrowings": -2604652000, "otherCashflowsFromFinancingActivities": -1203600000, "totalCashFromFinancingActivities": -3926767000, "changeInCash": 1713468000}, {"maxAge": 1, "endDate": "2019-03-31", "netIncome": 328793000, "depreciation": 384956000, "changeToNetincome": 1302103000, "changeToAccountReceivables": -3797958000, "changeToLiabilities": -56210000, "changeToInventory": -1418164000, "changeToOperatingActivities": 636139000, "totalCashFromOperatingActivities": -2617507000, "capitalExpenditures": -653739000, "investments": 112000, "otherCashflowsFromInvestingActivities": 63702000, "totalCashflowsFromInvestingActivities": -588830000, "dividendsPaid": -118515000, "netBorrowings": 3646314000, "otherCashflowsFromFinancingActivities": -1031394000, "totalCashFromFinancingActivities": 2496405000, "changeInCash": -709932000}, {"maxAge": 1, "endDate": "2018-03-31", "netIncome": 605826000, "depreciation": 368771000, "changeToNetincome": 689573000, "changeToAccountReceivables": 368846000, "changeToLiabilities": 904026000, "changeToInventory": -1371210000, "changeToOperatingActivities": -1238001000, "totalCashFromOperatingActivities": 328995000, "capitalExpenditures": -392565000, "investments": -30354000, "otherCashflowsFromInvestingActivities": 27388000, "totalCashflowsFromInvestingActivities": -395451000, "dividendsPaid": -59258000, "netBorrowings": 1487588000, "otherCashflowsFromFinancingActivities": -824702000, "totalCashFromFinancingActivities": 603628000, "changeInCash": 537172000}, {"maxAge": 1, "endDate": "2017-03-31", "netIncome": 194147000, "depreciation": 352485000, "changeToNetincome": 1047499000, "changeToAccountReceivables": 2832307000, "changeToLiabilities": -888948000, "changeToInventory": -267339000, "changeToOperatingActivities": 104311000, "totalCashFromOperatingActivities": 3374642000, "capitalExpenditures": -204050000, "investments": 3342000, "otherCashflowsFromInvestingActivities": 70240000, "totalCashflowsFromInvestingActivities": -126635000, "dividendsPaid": -59258000, "netBorrowings": -1551689000, "otherCashflowsFromFinancingActivities": -1147005000, "totalCashFromFinancingActivities": -2698694000, "changeInCash": 549313000}], "maxAge": 86400}, "institutionOwnership": {"maxAge": 1, "ownershipList": []}, "balanceSheetHistoryQuarterly": {"balanceSheetStatements": [{"maxAge": 1, "endDate": "2020-06-30", "totalStockholderEquity": 5455825000, "netTangibleAssets": 5438031000}, {"maxAge": 1, "endDate": "2020-03-31", "cash": 2129940000, "netReceivables": 15173114000, "inventory": 2461139000, "otherCurrentAssets": 1055071000, "totalCurrentAssets": 20922705000, "propertyPlantEquipment": 6522244000, "intangibleAssets": 17794000, "otherAssets": 568214000, "totalAssets": 28030957000, "accountsPayable": 5752314000, "shortLongTermDebt": 700374000, "otherCurrentLiab": 912508000, "longTermDebt": 2027334000, "otherLiab": 255861000, "totalCurrentLiabilities": 20082473000, "totalLiab": 22575132000, "commonStock": 1185152000, "retainedEarnings": 4222260000, "treasuryStock": 48413000, "otherStockholderEquity": 48413000, "totalStockholderEquity": 5455825000, "netTangibleAssets": 5438031000}, {"maxAge": 1, "endDate": "2019-12-31", "totalStockholderEquity": 5032170000, "netTangibleAssets": 5017928000}, {"maxAge": 1, "endDate": "2019-09-30", "cash": 3230502000, "shortTermInvestments": 184484000, "netReceivables": 11861109000, "inventory": 2836929000, "otherCurrentAssets": 1159956000, "totalCurrentAssets": 19272980000, "propertyPlantEquipment": 6617885000, "intangibleAssets": 14242000, "otherAssets": 513636000, "totalAssets": 26418743000, "accountsPayable": 5026922000, "otherCurrentLiab": 1970717000, "longTermDebt": 2582101000, "otherLiab": 429203000, "totalCurrentLiabilities": 18375269000, "totalLiab": 21386573000, "commonStock": 1185487000, "treasuryStock": 3846683000, "otherStockholderEquity": 3846683000, "totalStockholderEquity": 5032170000, "netTangibleAssets": 5017928000}], "maxAge": 86400}, "earningsHistory": {"history": [{"maxAge": 1, "epsActual": {}, "epsEstimate": {}, "epsDifference": {}, "surprisePercent": {}, "quarter": {}, "period": "-4q"}, {"maxAge": 1, "epsActual": {}, "epsEstimate": {}, "epsDifference": {}, "surprisePercent": {}, "quarter": {}, "period": "-3q"}, {"maxAge": 1, "epsActual": {}, "epsEstimate": {}, "epsDifference": {}, "surprisePercent": {}, "quarter": {}, "period": "-2q"}, {"maxAge": 1, "epsActual": 1.71, "epsEstimate": 1.16, "epsDifference": 0.55, "surprisePercent": 0.474, "quarter": "2018-03-31", "period": "-1q"}], "maxAge": 86400}, "indexTrend": {"maxAge": 1, "symbol": "SP5", "peRatio": 19.7411, "pegRatio": 1.34172, "estimates": [{"period": "0q", "growth": 0.549}, {"period": "+1q", "growth": 0.431}, {"period": "0y", "growth": 0.305}, {"period": "+1y", "growth": 0.109}, {"period": "+5y", "growth": 0.120865}, {"period": "-5y"}]}, "industryTrend": {"maxAge": 1, "symbol": null, "estimates": []}, "insiderTransactions": {"transactions": [{"maxAge": 1, "shares": 1600000, "value": 813120, "filerUrl": "", "transactionText": "Acquisition at price 0.51 per share.", "filerName": "Adventz Finance Pvt Ltd", "filerRelation": "Promoter", "moneyText": "", "startDate": "2020-09-04", "ownership": "D"}, {"maxAge": 1, "shares": 1615361, "filerUrl": "", "transactionText": "", "filerName": "Adventz Finance Pvt Ltd", "filerRelation": "Promoter", "moneyText": "", "startDate": "2020-06-18", "ownership": "D"}, {"maxAge": 1, "shares": 50000, "filerUrl": "", "transactionText": "", "filerName": "Adventz Finance Pvt Ltd", "filerRelation": "Promoter", "moneyText": "", "startDate": "2020-03-31", "ownership": "D"}, {"maxAge": 1, "shares": 46715, "filerUrl": "", "transactionText": "", "filerName": "Poddar (Akshay)", "filerRelation": "Director", "moneyText": "", "startDate": "2020-03-31", "ownership": "D"}, {"maxAge": 1, "shares": 50000, "filerUrl": "", "transactionText": "", "filerName": "Adventz Finance Pvt Ltd", "filerRelation": "Promoter", "moneyText": "", "startDate": "2020-03-27", "ownership": "D"}, {"maxAge": 1, "shares": 50000, "filerUrl": "", "transactionText": "", "filerName": "Poddar (Akshay)", "filerRelation": "Director", "moneyText": "", "startDate": "2020-03-24", "ownership": "D"}, {"maxAge": 1, "shares": 10000, "filerUrl": "", "transactionText": "", "filerName": "Adventz Finance Pvt Ltd", "filerRelation": "Promoter", "moneyText": "", "startDate": "2020-03-23", "ownership": "D"}, {"maxAge": 1, "shares": 48685, "filerUrl": "", "transactionText": "", "filerName": "Poddar (Jyotsna)", "filerRelation": "Promoter", "moneyText": "", "startDate": "2020-03-12", "ownership": "D"}, {"maxAge": 1, "shares": 51315, "filerUrl": "", "transactionText": "", "filerName": "Poddar (Jyotsna)", "filerRelation": "Promoter", "moneyText": "", "startDate": "2020-03-11", "ownership": "D"}, {"maxAge": 1, "shares": 112000, "filerUrl": "", "transactionText": "", "filerName": "Poddar (Akshay)", "filerRelation": "Director", "moneyText": "", "startDate": "2020-02-11", "ownership": "D"}, {"maxAge": 1, "shares": 162822, "filerUrl": "", "transactionText": "", "filerName": "Duggal (Arun)", "filerRelation": "Independent Chairman Of The Board", "moneyText": "", "startDate": "2019-09-27", "ownership": "D"}, {"maxAge": 1, "shares": 31831, "filerUrl": "", "transactionText": "", "filerName": "Duggal (Arun)", "filerRelation": "Independent Chairman Of The Board", "moneyText": "", "startDate": "2019-09-26", "ownership": "D"}, {"maxAge": 1, "shares": 36000, "filerUrl": "", "transactionText": "", "filerName": "Duggal (Arun)", "filerRelation": "Independent Chairman Of The Board", "moneyText": "", "startDate": "2019-09-25", "ownership": "D"}, {"maxAge": 1, "shares": 25315, "filerUrl": "", "transactionText": "", "filerName": "Duggal (Arun)", "filerRelation": "Independent Chairman Of The Board", "moneyText": "", "startDate": "2019-09-24", "ownership": "D"}, {"maxAge": 1, "shares": 150000, "filerUrl": "", "transactionText": "", "filerName": "Poddar (Akshay)", "filerRelation": "Director", "moneyText": "", "startDate": "2019-09-12", "ownership": "D"}, {"maxAge": 1, "shares": 500000, "filerUrl": "", "transactionText": "", "filerName": "Poddar (Akshay)", "filerRelation": "Director", "moneyText": "", "startDate": "2019-09-09", "ownership": "D"}, {"maxAge": 1, "shares": 1185151, "filerUrl": "", "transactionText": "", "filerName": "United Breweries Holdings Ltd", "filerRelation": "Promoter", "moneyText": "", "startDate": "2019-07-22", "ownership": "D"}, {"maxAge": 1, "shares": 1185151, "filerUrl": "", "transactionText": "", "filerName": "Zuari Fertilizers & Chemicals Ltd", "filerRelation": "Promoter", "moneyText": "", "startDate": "2019-07-22", "ownership": "D"}, {"maxAge": 1, "shares": 250000, "filerUrl": "", "transactionText": "", "filerName": "Adventz Finance Pvt Ltd", "filerRelation": "Institution- Corporation", "moneyText": "", "startDate": "2019-05-23", "ownership": "D"}, {"maxAge": 1, "shares": 80000, "filerUrl": "", "transactionText": "", "filerName": "Poddar (Akshay)", "filerRelation": "Director", "moneyText": "", "startDate": "2019-05-22", "ownership": "D"}, {"maxAge": 1, "shares": 11274, "filerUrl": "", "transactionText": "", "filerName": "Poddar (Akshay)", "filerRelation": "Director", "moneyText": "", "startDate": "2019-03-28", "ownership": "D"}, {"maxAge": 1, "shares": 56944, "filerUrl": "", "transactionText": "", "filerName": "Poddar (Akshay)", "filerRelation": "Director", "moneyText": "", "startDate": "2019-03-27", "ownership": "D"}, {"maxAge": 1, "shares": 31897, "filerUrl": "", "transactionText": "", "filerName": "Poddar (Akshay)", "filerRelation": "Director", "moneyText": "", "startDate": "2019-03-26", "ownership": "D"}, {"maxAge": 1, "shares": 23052, "filerUrl": "", "transactionText": "", "filerName": "Poddar (Akshay)", "filerRelation": "Director", "moneyText": "", "startDate": "2019-03-20", "ownership": "D"}, {"maxAge": 1, "shares": 16209, "filerUrl": "", "transactionText": "", "filerName": "Poddar (Akshay)", "filerRelation": "Director", "moneyText": "", "startDate": "2019-03-19", "ownership": "D"}, {"maxAge": 1, "shares": 31268, "filerUrl": "", "transactionText": "", "filerName": "Poddar (Akshay)", "filerRelation": "Director", "moneyText": "", "startDate": "2019-03-18", "ownership": "D"}, {"maxAge": 1, "shares": 211751, "filerUrl": "", "transactionText": "", "filerName": "Adventz Finance Pvt Ltd", "filerRelation": "Institution- Corporation", "moneyText": "", "startDate": "2019-02-14", "ownership": "D"}, {"maxAge": 1, "shares": 201780, "filerUrl": "", "transactionText": "", "filerName": "Adventz Finance Pvt Ltd", "filerRelation": "Institution- Corporation", "moneyText": "", "startDate": "2019-02-13", "ownership": "D"}], "maxAge": 1}, "quoteType": {"exchange": "BSE", "quoteType": "EQUITY", "symbol": "MANGCHEFER.BO", "underlyingSymbol": "MANGCHEFER.BO", "shortName": "MANGALORE CHEMICALS & FERTILIZ", "longName": "Mangalore Chemicals & Fertilizers Limited", "firstTradeDateEpochUtc": "1995-05-05 09:15:00", "timeZoneFullName": "Asia/Kolkata", "timeZoneShortName": "IST", "uuid": "303a3dd7-87be-3c8a-9007-a5ad5eaa5552", "messageBoardId": null, "gmtOffSetMilliseconds": 19800000, "maxAge": 1}, "incomeStatementHistory": {"incomeStatementHistory": [{"maxAge": 1, "endDate": "2020-03-31", "totalRevenue": 27108442000, "costOfRevenue": 18788714000, "grossProfit": 8319728000, "researchDevelopment": {}, "sellingGeneralAdministrative": 760968000, "nonRecurring": {}, "otherOperatingExpenses": 5132281000, "totalOperatingExpenses": 25135699000, "operatingIncome": 1972743000, "totalOtherIncomeExpenseNet": -1268361000, "ebit": 1972743000, "interestExpense": -1065207000, "incomeBeforeTax": 704382000, "incomeTaxExpense": 58850000, "minorityInterest": {}, "netIncomeFromContinuingOps": 645532000, "discontinuedOperations": {}, "extraordinaryItems": {}, "effectOfAccountingCharges": {}, "otherItems": {}, "netIncome": 645532000, "netIncomeApplicableToCommonShares": 645532000}, {"maxAge": 1, "endDate": "2019-03-31", "totalRevenue": 30736376000, "costOfRevenue": 22530476000, "grossProfit": 8205900000, "researchDevelopment": {}, "sellingGeneralAdministrative": 799143000, "nonRecurring": {}, "otherOperatingExpenses": 5280506000, "totalOperatingExpenses": 28997915000, "operatingIncome": 1738461000, "totalOtherIncomeExpenseNet": -1237057000, "ebit": 1738461000, "interestExpense": -1017146000, "incomeBeforeTax": 501404000, "incomeTaxExpense": 172611000, "minorityInterest": {}, "netIncomeFromContinuingOps": 328793000, "discontinuedOperations": {}, "extraordinaryItems": {}, "effectOfAccountingCharges": {}, "otherItems": {}, "netIncome": 328793000, "netIncomeApplicableToCommonShares": 328793000}, {"maxAge": 1, "endDate": "2018-03-31", "totalRevenue": 26889311000, "costOfRevenue": 19155467000, "grossProfit": 7733844000, "researchDevelopment": {}, "sellingGeneralAdministrative": 778346000, "nonRecurring": {}, "otherOperatingExpenses": 4516232000, "totalOperatingExpenses": 24819980000, "operatingIncome": 2069331000, "totalOtherIncomeExpenseNet": -1318861000, "ebit": 2069331000, "interestExpense": -810237000, "incomeBeforeTax": 750470000, "incomeTaxExpense": 144644000, "minorityInterest": {}, "netIncomeFromContinuingOps": 605826000, "discontinuedOperations": {}, "extraordinaryItems": {}, "effectOfAccountingCharges": {}, "otherItems": {}, "netIncome": 605826000, "netIncomeApplicableToCommonShares": 605826000}, {"maxAge": 1, "endDate": "2017-03-31", "totalRevenue": 24793245000, "costOfRevenue": 18178706000, "grossProfit": 6614539000, "researchDevelopment": {}, "sellingGeneralAdministrative": 812141000, "nonRecurring": {}, "otherOperatingExpenses": 4278949000, "totalOperatingExpenses": 23622461000, "operatingIncome": 1170784000, "totalOtherIncomeExpenseNet": -869592000, "ebit": 1170784000, "interestExpense": -918792000, "incomeBeforeTax": 301192000, "incomeTaxExpense": 107045000, "minorityInterest": {}, "netIncomeFromContinuingOps": 194147000, "discontinuedOperations": {}, "extraordinaryItems": {}, "effectOfAccountingCharges": {}, "otherItems": {}, "netIncome": 194147000, "netIncomeApplicableToCommonShares": 194147000}], "maxAge": 86400}, "fundOwnership": {"maxAge": 1, "ownershipList": []}, "summaryDetail": {"maxAge": 1, "priceHint": 2, "previousClose": 78.3, "open": 77.9, "dayLow": 77.0, "dayHigh": 81.8, "regularMarketPreviousClose": 78.3, "regularMarketOpen": 77.9, "regularMarketDayLow": 77.0, "regularMarketDayHigh": 81.8, "trailingPE": 12.243619, "forwardPE": 21.249998, "volume": 116847, "regularMarketVolume": 116847, "averageVolume": 282696, "averageVolume10days": 363934, "averageDailyVolume10Day": 363934, "bid": 0.0, "ask": 78.2, "bidSize": 0, "askSize": 0, "marketCap": 9267872768, "fiftyTwoWeekLow": 16.35, "fiftyTwoWeekHigh": 81.8, "fiftyDayAverage": 56.47353, "twoHundredDayAverage": 39.508087, "trailingAnnualDividendRate": 0.5, "trailingAnnualDividendYield": 0.0063856957, "currency": "INR", "fromCurrency": null, "toCurrency": null, "lastMarket": null, "algorithm": null, "tradeable": false}, "sectorTrend": {"maxAge": 1, "symbol": null, "estimates": []}, "incomeStatementHistoryQuarterly": {"incomeStatementHistory": [{"maxAge": 1, "endDate": "2020-06-30", "totalRevenue": 5297947000, "costOfRevenue": 3539587000, "grossProfit": 1758360000, "researchDevelopment": {}, "sellingGeneralAdministrative": 171557000, "nonRecurring": {}, "otherOperatingExpenses": 1086585000, "totalOperatingExpenses": 4912206000, "operatingIncome": 385741000, "totalOtherIncomeExpenseNet": -209155000, "ebit": 385741000, "interestExpense": -264646000, "incomeBeforeTax": 176586000, "incomeTaxExpense": 66486000, "minorityInterest": {}, "netIncomeFromContinuingOps": 110100000, "discontinuedOperations": {}, "extraordinaryItems": {}, "effectOfAccountingCharges": {}, "otherItems": {}, "netIncome": 110100000, "netIncomeApplicableToCommonShares": 110100000}, {"maxAge": 1, "endDate": "2020-03-31", "totalRevenue": 5631978000, "costOfRevenue": 4073903000, "grossProfit": 1558075000, "researchDevelopment": {}, "sellingGeneralAdministrative": 214486000, "nonRecurring": {}, "otherOperatingExpenses": 658242000, "totalOperatingExpenses": 5065118000, "operatingIncome": 566860000, "totalOtherIncomeExpenseNet": -513077000, "ebit": 566860000, "interestExpense": -123988000, "incomeBeforeTax": 53783000, "incomeTaxExpense": -184950000, "minorityInterest": {}, "netIncomeFromContinuingOps": 238733000, "discontinuedOperations": {}, "extraordinaryItems": {}, "effectOfAccountingCharges": {}, "otherItems": {}, "netIncome": 238733000, "netIncomeApplicableToCommonShares": 238733000}, {"maxAge": 1, "endDate": "2019-12-31", "totalRevenue": 6758504000, "costOfRevenue": 4419213000, "grossProfit": 2339291000, "researchDevelopment": {}, "sellingGeneralAdministrative": 181598000, "nonRecurring": {}, "otherOperatingExpenses": 1594416000, "totalOperatingExpenses": 6307842000, "operatingIncome": 450662000, "totalOtherIncomeExpenseNet": -170794000, "ebit": 450662000, "interestExpense": -240315000, "incomeBeforeTax": 279868000, "incomeTaxExpense": 98878000, "minorityInterest": {}, "netIncomeFromContinuingOps": 180990000, "discontinuedOperations": {}, "extraordinaryItems": {}, "effectOfAccountingCharges": {}, "otherItems": {}, "netIncome": 180990000, "netIncomeApplicableToCommonShares": 180990000}, {"maxAge": 1, "endDate": "2019-09-30", "totalRevenue": 7307220000, "costOfRevenue": 4745783000, "grossProfit": 2561437000, "researchDevelopment": {}, "sellingGeneralAdministrative": 178456000, "nonRecurring": {}, "otherOperatingExpenses": 1642516000, "totalOperatingExpenses": 6681345000, "operatingIncome": 625875000, "totalOtherIncomeExpenseNet": -256384000, "ebit": 625875000, "interestExpense": -322517000, "incomeBeforeTax": 369491000, "incomeTaxExpense": 143218000, "minorityInterest": {}, "netIncomeFromContinuingOps": 226273000, "discontinuedOperations": {}, "extraordinaryItems": {}, "effectOfAccountingCharges": {}, "otherItems": {}, "netIncome": 226273000, "netIncomeApplicableToCommonShares": 226273000}], "maxAge": 86400}, "cashflowStatementHistoryQuarterly": {"cashflowStatements": [{"maxAge": 1, "endDate": "2020-06-30", "netIncome": 110100000, "changeToLiabilities": 0}, {"maxAge": 1, "endDate": "2020-03-31", "netIncome": 238733000, "changeToLiabilities": 0}, {"maxAge": 1, "endDate": "2019-12-31", "netIncome": 180990000, "changeToLiabilities": 0}, {"maxAge": 1, "endDate": "2019-09-30", "netIncome": 226273000, "changeToLiabilities": 0}], "maxAge": 86400}, "insiderHolders": {"holders": [{"maxAge": 1, "name": "Adventz Finance Pvt Ltd", "relation": "Promoter", "url": "", "transactionDescription": "Acquisition", "latestTransDate": "2020-09-04", "positionDirect": 4075361, "positionDirectDate": "2020-09-04"}, {"maxAge": 1, "name": "Duggal (Arun)", "relation": "Independent Chairman Of The Board", "url": "", "transactionDescription": "Acquisition", "latestTransDate": "2019-09-27", "positionDirect": 255968, "positionDirectDate": "2019-09-27"}, {"maxAge": 1, "name": "Poddar (Akshay)", "relation": "Director", "url": "", "transactionDescription": "Acquisition", "latestTransDate": "2020-03-31", "positionDirect": 1109359, "positionDirectDate": "2020-03-31"}, {"maxAge": 1, "name": "Poddar (Jyotsna)", "relation": "Promoter", "url": "", "transactionDescription": "Acquisition", "latestTransDate": "2020-03-12", "positionDirect": 100000, "positionDirectDate": "2020-03-12"}, {"maxAge": 1, "name": "United Breweries Holdings Ltd", "relation": "Promoter", "url": "", "transactionDescription": "Sale", "latestTransDate": "2019-07-22", "positionDirect": 1257186, "positionDirectDate": "2019-07-22"}, {"maxAge": 1, "name": "Zuari Fertilizers & Chemicals Ltd", "relation": "Promoter", "url": "", "transactionDescription": "Sale", "latestTransDate": "2019-07-22", "positionDirect": 64028362, "positionDirectDate": "2019-07-22"}], "maxAge": 1}, "earnings": {"maxAge": 86400, "earningsChart": {"quarterly": [{"date": "1Q2018", "actual": 1.71, "estimate": 1.16}], "currentQuarterEstimateDate": "2Q", "currentQuarterEstimateYear": 2018, "earningsDate": []}, "financialsChart": {"yearly": [{"date": 2017, "revenue": 24793245000, "earnings": 194147000}, {"date": 2018, "revenue": 26889311000, "earnings": 605826000}, {"date": 2019, "revenue": 30736376000, "earnings": 328793000}, {"date": 2020, "revenue": 27108442000, "earnings": 645532000}], "quarterly": [{"date": "3Q2019", "revenue": 7307220000, "earnings": 226273000}, {"date": "4Q2019", "revenue": 6758504000, "earnings": 180990000}, {"date": "1Q2020", "revenue": 5631978000, "earnings": 238733000}, {"date": "2Q2020", "revenue": 5297947000, "earnings": 110100000}]}, "financialCurrency": "INR"}, "calendarEvents": {"maxAge": 1, "earnings": {"earningsDate": []}}, "price": {"maxAge": 1, "regularMarketChangePercent": -0.0012772172, "regularMarketChange": -0.1000061, "regularMarketTime": "2021-04-30 15:43:54", "priceHint": 2, "regularMarketPrice": 78.2, "regularMarketDayHigh": 81.8, "regularMarketDayLow": 77.0, "regularMarketVolume": 116847, "averageDailyVolume10Day": 363934, "averageDailyVolume3Month": 282696, "regularMarketPreviousClose": 78.3, "regularMarketSource": "FREE_REALTIME", "regularMarketOpen": 77.9, "exchange": "BSE", "exchangeName": "BSE", "exchangeDataDelayedBy": 0, "marketState": "CLOSED", "quoteType": "EQUITY", "symbol": "MANGCHEFER.BO", "underlyingSymbol": null, "shortName": "MANGALORE CHEMICALS & FERTILIZ", "longName": "Mangalore Chemicals & Fertilizers Limited", "currency": "INR", "quoteSourceName": "Delayed Quote", "currencySymbol": "\u20b9", "fromCurrency": null, "toCurrency": null, "lastMarket": null, "marketCap": 9267872768}, "balanceSheetHistory": {"balanceSheetStatements": [{"maxAge": 1, "endDate": "2020-03-31", "cash": 2129940000, "netReceivables": 15173114000, "inventory": 2461139000, "otherCurrentAssets": 1055071000, "totalCurrentAssets": 20922705000, "propertyPlantEquipment": 6522244000, "intangibleAssets": 17794000, "otherAssets": 568214000, "totalAssets": 28030957000, "accountsPayable": 5752314000, "shortLongTermDebt": 700374000, "otherCurrentLiab": 912508000, "longTermDebt": 2027334000, "otherLiab": 255861000, "totalCurrentLiabilities": 20082473000, "totalLiab": 22575132000, "commonStock": 1185152000, "retainedEarnings": 4222260000, "treasuryStock": 48413000, "otherStockholderEquity": 48413000, "totalStockholderEquity": 5455825000, "netTangibleAssets": 5438031000}, {"maxAge": 1, "endDate": "2019-03-31", "cash": 416472000, "netReceivables": 15952761000, "inventory": 5387250000, "otherCurrentAssets": 577458000, "totalCurrentAssets": 22425264000, "propertyPlantEquipment": 6466561000, "intangibleAssets": 12944000, "otherAssets": 277085000, "totalAssets": 29181854000, "accountsPayable": 5122908000, "shortLongTermDebt": 495525000, "otherCurrentLiab": 952155000, "longTermDebt": 2703232000, "otherLiab": 392620000, "totalCurrentLiabilities": 21134383000, "totalLiab": 24230235000, "commonStock": 1185152000, "retainedEarnings": 3718054000, "treasuryStock": 48413000, "otherStockholderEquity": 48413000, "totalStockholderEquity": 4951619000, "netTangibleAssets": 4938675000}, {"maxAge": 1, "endDate": "2018-03-31", "cash": 1126404000, "netReceivables": 13024214000, "inventory": 3969086000, "otherCurrentAssets": 291275000, "totalCurrentAssets": 18551054000, "propertyPlantEquipment": 6429792000, "intangibleAssets": 9613000, "otherAssets": 89476000, "totalAssets": 25079935000, "accountsPayable": 5217307000, "shortLongTermDebt": 372003000, "otherCurrentLiab": 551494000, "longTermDebt": 1968681000, "otherLiab": 328247000, "totalCurrentLiabilities": 18009749000, "totalLiab": 20306677000, "commonStock": 1185152000, "retainedEarnings": 3539693000, "treasuryStock": 48413000, "otherStockholderEquity": 48413000, "totalStockholderEquity": 4773258000, "netTangibleAssets": 4763645000}, {"maxAge": 1, "endDate": "2017-03-31", "cash": 589232000, "shortTermInvestments": 258000, "netReceivables": 12482149000, "inventory": 2597876000, "otherCurrentAssets": 96473000, "totalCurrentAssets": 15886513000, "propertyPlantEquipment": 6380707000, "intangibleAssets": 2925000, "otherAssets": 99302000, "totalAssets": 22369447000, "accountsPayable": 4305979000, "shortLongTermDebt": 412791000, "otherCurrentLiab": 569585000, "longTermDebt": 995750000, "otherLiab": 481605000, "totalCurrentLiabilities": 16651743000, "totalLiab": 18129098000, "commonStock": 1185152000, "retainedEarnings": 2397910000, "treasuryStock": 657287000, "otherStockholderEquity": 657287000, "totalStockholderEquity": 4240349000, "netTangibleAssets": 4237424000}], "maxAge": 86400}, "earningsTrend": {"trend": [{"maxAge": 1, "period": "0q", "endDate": "2018-06-30", "growth": {}, "earningsEstimate": {"avg": 0.0, "low": 0.0, "high": 0.0, "yearAgoEps": {}, "numberOfAnalysts": 0, "growth": {}}, "revenueEstimate": {"avg": 0, "low": 0, "high": 0, "numberOfAnalysts": 0, "yearAgoRevenue": {}, "growth": {}}, "epsTrend": {"current": 0.0, "7daysAgo": 0.0, "30daysAgo": 0.0, "60daysAgo": 0.0, "90daysAgo": 0.0}, "epsRevisions": {"upLast7days": 0, "upLast30days": 0, "downLast30days": 0, "downLast90days": {}}}, {"maxAge": 1, "period": "+1q", "endDate": "2018-09-30", "growth": {}, "earningsEstimate": {"avg": 0.0, "low": 0.0, "high": 0.0, "yearAgoEps": {}, "numberOfAnalysts": 0, "growth": {}}, "revenueEstimate": {"avg": 10011500000, "low": 0, "high": 0, "numberOfAnalysts": 0, "yearAgoRevenue": {}, "growth": {}}, "epsTrend": {"current": 0.0, "7daysAgo": 0.0, "30daysAgo": 0.0, "60daysAgo": 0.0, "90daysAgo": 0.0}, "epsRevisions": {"upLast7days": 0, "upLast30days": 0, "downLast30days": 0, "downLast90days": {}}}, {"maxAge": 1, "period": "0y", "endDate": "2019-03-31", "growth": {}, "earningsEstimate": {"avg": 0.0, "low": 0.0, "high": 0.0, "yearAgoEps": {}, "numberOfAnalysts": 0, "growth": {}}, "revenueEstimate": {"avg": 30601400000, "low": 30601400000, "high": 30601400000, "numberOfAnalysts": 1, "yearAgoRevenue": 26889300000, "growth": 0.138}, "epsTrend": {"current": 0.0, "7daysAgo": 6.04, "30daysAgo": 6.04, "60daysAgo": 6.04, "90daysAgo": 6.04}, "epsRevisions": {"upLast7days": 0, "upLast30days": 0, "downLast30days": 0, "downLast90days": {}}}, {"maxAge": 1, "period": "+1y", "endDate": "2020-03-31", "growth": {}, "earningsEstimate": {"avg": 0.0, "low": 0.0, "high": 0.0, "yearAgoEps": {}, "numberOfAnalysts": 0, "growth": {}}, "revenueEstimate": {"avg": 0, "low": 0, "high": 0, "numberOfAnalysts": 0, "yearAgoRevenue": 30601400000, "growth": {}}, "epsTrend": {"current": 0.0, "7daysAgo": 0.0, "30daysAgo": 0.0, "60daysAgo": 0.0, "90daysAgo": 0.0}, "epsRevisions": {"upLast7days": 0, "upLast30days": 0, "downLast30days": 0, "downLast90days": {}}}, {"maxAge": 1, "period": "+5y", "endDate": null, "growth": {}, "earningsEstimate": {"avg": {}, "low": {}, "high": {}, "yearAgoEps": {}, "numberOfAnalysts": {}, "growth": {}}, "revenueEstimate": {"avg": {}, "low": {}, "high": {}, "numberOfAnalysts": {}, "yearAgoRevenue": {}, "growth": {}}, "epsTrend": {"current": {}, "7daysAgo": {}, "30daysAgo": {}, "60daysAgo": {}, "90daysAgo": {}}, "epsRevisions": {"upLast7days": {}, "upLast30days": {}, "downLast30days": {}, "downLast90days": {}}}, {"maxAge": 1, "period": "-5y", "endDate": null, "growth": {}, "earningsEstimate": {"avg": {}, "low": {}, "high": {}, "yearAgoEps": {}, "numberOfAnalysts": {}, "growth": {}}, "revenueEstimate": {"avg": {}, "low": {}, "high": {}, "numberOfAnalysts": {}, "yearAgoRevenue": {}, "growth": {}}, "epsTrend": {"current": {}, "7daysAgo": {}, "30daysAgo": {}, "60daysAgo": {}, "90daysAgo": {}}, "epsRevisions": {"upLast7days": {}, "upLast30days": {}, "downLast30days": {}, "downLast90days": {}}}], "maxAge": 1}, "financialData": {"maxAge": 86400, "currentPrice": 78.2, "recommendationKey": "none", "grossProfits": 8319728000, "financialCurrency": "INR"}}}