{"MANGALAM.BO": {"recommendationTrend": {"trend": [{"period": "0m", "strongBuy": 0, "buy": 0, "hold": 0, "sell": 0, "strongSell": 0}, {"period": "-1m", "strongBuy": 0, "buy": 0, "hold": 0, "sell": 0, "strongSell": 0}, {"period": "-2m", "strongBuy": 0, "buy": 0, "hold": 0, "sell": 0, "strongSell": 0}, {"period": "-3m", "strongBuy": 0, "buy": 0, "hold": 0, "sell": 0, "strongSell": 0}], "maxAge": 86400}, "cashflowStatementHistory": {"cashflowStatements": [{"maxAge": 1, "endDate": "2020-03-31", "netIncome": 82525000, "depreciation": 76752000, "changeToNetincome": 84362000, "changeToAccountReceivables": -223522000, "changeToLiabilities": 241799000, "changeToInventory": 86105000, "changeToOperatingActivities": -47976000, "totalCashFromOperatingActivities": 305471000, "capitalExpenditures": -69320000, "investments": 166000, "otherCashflowsFromInvestingActivities": 4000, "totalCashflowsFromInvestingActivities": -68726000, "netBorrowings": -130740000, "otherCashflowsFromFinancingActivities": -104048000, "totalCashFromFinancingActivities": -234788000, "changeInCash": 1957000}, {"maxAge": 1, "endDate": "2019-03-31", "netIncome": -80308000, "depreciation": 75125000, "changeToNetincome": 109985000, "changeToAccountReceivables": 275770000, "changeToLiabilities": -52116000, "changeToInventory": -133190000, "changeToOperatingActivities": 21661000, "totalCashFromOperatingActivities": 216927000, "capitalExpenditures": -93388000, "investments": 166000, "otherCashflowsFromInvestingActivities": 201000, "totalCashflowsFromInvestingActivities": -92559000, "netBorrowings": -27907000, "otherCashflowsFromFinancingActivities": -86430000, "totalCashFromFinancingActivities": -114337000, "changeInCash": 10031000}, {"maxAge": 1, "endDate": "2018-03-31", "netIncome": 198896000, "depreciation": 64098000, "changeToNetincome": 149261000, "changeToAccountReceivables": -83910000, "changeToLiabilities": 168496000, "changeToInventory": -306952000, "changeToOperatingActivities": 54290000, "totalCashFromOperatingActivities": 245763000, "capitalExpenditures": -159946000, "investments": 66000, "otherCashflowsFromInvestingActivities": 216000, "totalCashflowsFromInvestingActivities": -159549000, "dividendsPaid": -7874000, "netBorrowings": 37272000, "otherCashflowsFromFinancingActivities": -117581000, "totalCashFromFinancingActivities": -88183000, "changeInCash": -1969000}, {"maxAge": 1, "endDate": "2017-03-31", "netIncome": 222750000, "depreciation": 49906000, "changeToNetincome": 140217000, "changeToAccountReceivables": -96064000, "changeToLiabilities": 1005000, "changeToInventory": 100911000, "changeToOperatingActivities": 9098000, "totalCashFromOperatingActivities": 427988000, "capitalExpenditures": -395281000, "investments": -38000, "otherCashflowsFromInvestingActivities": 206000, "totalCashflowsFromInvestingActivities": -394467000, "dividendsPaid": -7874000, "netBorrowings": 58739000, "otherCashflowsFromFinancingActivities": -100365000, "totalCashFromFinancingActivities": -32201000, "changeInCash": 1320000, "issuanceOfStock": 9425000}], "maxAge": 86400}, "institutionOwnership": {"maxAge": 1, "ownershipList": []}, "balanceSheetHistoryQuarterly": {"balanceSheetStatements": [{"maxAge": 1, "endDate": "2020-06-30"}, {"maxAge": 1, "endDate": "2020-03-31", "cash": 16291000, "netReceivables": 399925000, "inventory": 648427000, "otherCurrentAssets": 120031000, "totalCurrentAssets": 1191747000, "longTermInvestments": 2235000, "propertyPlantEquipment": 961736000, "intangibleAssets": 61359000, "otherAssets": 89594000, "totalAssets": 2306671000, "accountsPayable": 565934000, "shortLongTermDebt": 40040000, "otherCurrentLiab": 18817000, "longTermDebt": 41728000, "otherLiab": 122881000, "totalCurrentLiabilities": 1094670000, "totalLiab": 1267284000, "commonStock": 158282000, "retainedEarnings": 653319000, "treasuryStock": 4033000, "capitalSurplus": 223753000, "otherStockholderEquity": 4033000, "totalStockholderEquity": 1039387000, "netTangibleAssets": 978028000}, {"maxAge": 1, "endDate": "2019-12-31", "totalStockholderEquity": 972215000, "netTangibleAssets": 968691000}, {"maxAge": 1, "endDate": "2019-09-30", "cash": 35301000, "netReceivables": 273793000, "inventory": 639113000, "otherCurrentAssets": 136759000, "totalCurrentAssets": 1084966000, "longTermInvestments": 2401000, "propertyPlantEquipment": 1028416000, "intangibleAssets": 3524000, "otherAssets": 29402000, "totalAssets": 2148709000, "accountsPayable": 305675000, "shortLongTermDebt": 36927000, "otherCurrentLiab": 64579000, "longTermDebt": 67602000, "otherLiab": 143331000, "totalCurrentLiabilities": 950796000, "totalLiab": 1176494000, "commonStock": 158282000, "treasuryStock": 813933000, "otherStockholderEquity": 813933000, "totalStockholderEquity": 972215000, "netTangibleAssets": 968691000}], "maxAge": 86400}, "earningsHistory": {"history": [{"maxAge": 1, "epsActual": {}, "epsEstimate": {}, "epsDifference": {}, "surprisePercent": {}, "quarter": {}, "period": "-4q"}, {"maxAge": 1, "epsActual": 3.5, "epsEstimate": 2.81, "epsDifference": 0.69, "surprisePercent": 0.246, "quarter": "2016-03-31", "period": "-3q"}, {"maxAge": 1, "epsActual": 4.14, "epsEstimate": 4.5, "epsDifference": -0.36, "surprisePercent": -0.08, "quarter": "2017-03-31", "period": "-2q"}, {"maxAge": 1, "epsActual": 2.63, "epsEstimate": 3.93, "epsDifference": -1.3, "surprisePercent": -0.33099997, "quarter": "2017-06-30", "period": "-1q"}], "maxAge": 86400}, "indexTrend": {"maxAge": 1, "symbol": "SP5", "peRatio": 19.7411, "pegRatio": 1.34172, "estimates": [{"period": "0q", "growth": 0.549}, {"period": "+1q", "growth": 0.431}, {"period": "0y", "growth": 0.305}, {"period": "+1y", "growth": 0.109}, {"period": "+5y", "growth": 0.120865}, {"period": "-5y"}]}, "industryTrend": {"maxAge": 1, "symbol": null, "estimates": []}, "insiderTransactions": {"transactions": [{"maxAge": 1, "shares": 45671, "filerUrl": "", "transactionText": "", "filerName": "Shree Kishoriju Trading Investment Pvt Ltd", "filerRelation": "Promoter", "moneyText": "", "startDate": "2015-12-17", "ownership": "D"}, {"maxAge": 1, "shares": 9319, "filerUrl": "", "transactionText": "", "filerName": "Dhoot (Chandrakanta Murlidhar)", "filerRelation": "Promoter", "moneyText": "", "startDate": "2015-12-17", "ownership": "D"}, {"maxAge": 1, "shares": 91500, "filerUrl": "", "transactionText": "", "filerName": "Shree Rasbihari Trading Investment Pvt Ltd", "filerRelation": "Promoter", "moneyText": "", "startDate": "2015-12-16", "ownership": "D"}, {"maxAge": 1, "shares": 18906, "filerUrl": "", "transactionText": "", "filerName": "Dhoot (Chandrakanta Murlidhar)", "filerRelation": "Promoter", "moneyText": "", "startDate": "2015-12-16", "ownership": "D"}, {"maxAge": 1, "shares": 62557, "filerUrl": "", "transactionText": "", "filerName": "IPCA Laboratories Ltd", "filerRelation": "UNREPORTED", "moneyText": "", "startDate": "2015-06-05", "ownership": "D"}, {"maxAge": 1, "shares": 25662, "filerUrl": "", "transactionText": "", "filerName": "Dhoot (Smita A)", "filerRelation": "Promoter", "moneyText": "", "startDate": "2014-01-31", "ownership": "D"}, {"maxAge": 1, "shares": 83999, "filerUrl": "", "transactionText": "", "filerName": "Dhoot (Goverdhan Murlidhar)", "filerRelation": "Chairman of the Board", "moneyText": "", "startDate": "2012-02-14", "ownership": "D"}, {"maxAge": 1, "shares": 81000, "filerUrl": "", "transactionText": "", "filerName": "Dhoot (Goverdhan Murlidhar)", "filerRelation": "UNREPORTED", "moneyText": "", "startDate": "2010-11-11", "ownership": "D"}, {"maxAge": 1, "shares": 172500, "filerUrl": "", "transactionText": "", "filerName": "Shree Rasbihari Trading Investment Pvt Ltd", "filerRelation": "Institution- Corporation", "moneyText": "", "startDate": "2010-11-11", "ownership": "D"}, {"maxAge": 1, "shares": 91500, "filerUrl": "", "transactionText": "", "filerName": "Dhoot (Brijmohan Murlidhar)", "filerRelation": "UNREPORTED", "moneyText": "", "startDate": "2010-11-11", "ownership": "D"}, {"maxAge": 1, "shares": 139164, "filerUrl": "", "transactionText": "", "filerName": "Dhoot (Brijmohan Murlidhar)", "filerRelation": "UNREPORTED", "moneyText": "", "startDate": "2010-02-15", "ownership": "D"}, {"maxAge": 1, "shares": 123336, "filerUrl": "", "transactionText": "", "filerName": "Dhoot (Goverdhan Murlidhar)", "filerRelation": "UNREPORTED", "moneyText": "", "startDate": "2010-02-15", "ownership": "D"}, {"maxAge": 1, "shares": 262500, "filerUrl": "", "transactionText": "", "filerName": "Shree Rasbihari Trading Investment Pvt Ltd", "filerRelation": "Institution- Corporation", "moneyText": "", "startDate": "2010-02-15", "ownership": "D"}], "maxAge": 1}, "quoteType": {"exchange": "BSE", "quoteType": "EQUITY", "symbol": "MANGALAM.BO", "underlyingSymbol": "MANGALAM.BO", "shortName": "MANGALAM DRUGS & ORGANICS LTD.", "longName": "Mangalam Drugs & Organics Limited", "firstTradeDateEpochUtc": "2005-05-23 09:15:00", "timeZoneFullName": "Asia/Kolkata", "timeZoneShortName": "IST", "uuid": "07a5758d-92c4-3490-b67f-9831a6d74849", "messageBoardId": null, "gmtOffSetMilliseconds": 19800000, "maxAge": 1}, "incomeStatementHistory": {"incomeStatementHistory": [{"maxAge": 1, "endDate": "2020-03-31", "totalRevenue": 2823536000, "costOfRevenue": 1976931000, "grossProfit": 846605000, "researchDevelopment": {}, "sellingGeneralAdministrative": 270070000, "nonRecurring": {}, "otherOperatingExpenses": 336286000, "totalOperatingExpenses": 2665465000, "operatingIncome": 158071000, "totalOtherIncomeExpenseNet": -95550000, "ebit": 158071000, "interestExpense": -64957000, "incomeBeforeTax": 62521000, "incomeTaxExpense": -20004000, "minorityInterest": {}, "netIncomeFromContinuingOps": 82525000, "discontinuedOperations": {}, "extraordinaryItems": {}, "effectOfAccountingCharges": {}, "otherItems": {}, "netIncome": 82525000, "netIncomeApplicableToCommonShares": 82525000}, {"maxAge": 1, "endDate": "2019-03-31", "totalRevenue": 2275797000, "costOfRevenue": 1561272000, "grossProfit": 714525000, "researchDevelopment": {}, "sellingGeneralAdministrative": 265723000, "nonRecurring": {}, "otherOperatingExpenses": 349928000, "totalOperatingExpenses": 2247808000, "operatingIncome": 27989000, "totalOtherIncomeExpenseNet": -85359000, "ebit": 27989000, "interestExpense": -66156000, "incomeBeforeTax": -57370000, "incomeTaxExpense": 22938000, "minorityInterest": {}, "netIncomeFromContinuingOps": -80308000, "discontinuedOperations": {}, "extraordinaryItems": {}, "effectOfAccountingCharges": {}, "otherItems": {}, "netIncome": -80308000, "netIncomeApplicableToCommonShares": -80308000}, {"maxAge": 1, "endDate": "2018-03-31", "totalRevenue": 2793796000, "costOfRevenue": 1726236000, "grossProfit": 1067560000, "researchDevelopment": {}, "sellingGeneralAdministrative": 235629000, "nonRecurring": {}, "otherOperatingExpenses": 361650000, "totalOperatingExpenses": 2389197000, "operatingIncome": 404599000, "totalOtherIncomeExpenseNet": -111126000, "ebit": 404599000, "interestExpense": -86052000, "incomeBeforeTax": 293473000, "incomeTaxExpense": 94577000, "minorityInterest": {}, "netIncomeFromContinuingOps": 198896000, "discontinuedOperations": {}, "extraordinaryItems": {}, "effectOfAccountingCharges": {}, "otherItems": {}, "netIncome": 198896000, "netIncomeApplicableToCommonShares": 198896000}, {"maxAge": 1, "endDate": "2017-03-31", "totalRevenue": 3028856000, "costOfRevenue": 2023386000, "grossProfit": 1005470000, "researchDevelopment": {}, "sellingGeneralAdministrative": 197378000, "nonRecurring": {}, "otherOperatingExpenses": 335797000, "totalOperatingExpenses": 2606632000, "operatingIncome": 422224000, "totalOtherIncomeExpenseNet": -110417000, "ebit": 422224000, "interestExpense": -66626000, "incomeBeforeTax": 311807000, "incomeTaxExpense": 89057000, "minorityInterest": {}, "netIncomeFromContinuingOps": 222750000, "discontinuedOperations": {}, "extraordinaryItems": {}, "effectOfAccountingCharges": {}, "otherItems": {}, "netIncome": 222750000, "netIncomeApplicableToCommonShares": 222750000}], "maxAge": 86400}, "fundOwnership": {"maxAge": 1, "ownershipList": []}, "summaryDetail": {"maxAge": 1, "priceHint": 2, "previousClose": 140.6, "open": 140.0, "dayLow": 140.0, "dayHigh": 145.0, "regularMarketPreviousClose": 140.6, "regularMarketOpen": 140.0, "regularMarketDayLow": 140.0, "regularMarketDayHigh": 145.0, "trailingPE": 14.171016, "forwardPE": 7.498672, "volume": 28683, "regularMarketVolume": 28683, "averageVolume": 15244, "averageVolume10days": 21069, "averageDailyVolume10Day": 21069, "bid": 0.0, "ask": 141.2, "bidSize": 0, "askSize": 0, "marketCap": 2234941696, "fiftyTwoWeekLow": 20.4, "fiftyTwoWeekHigh": 175.3, "fiftyDayAverage": 133.27353, "twoHundredDayAverage": 134.9625, "trailingAnnualDividendRate": 0.0, "trailingAnnualDividendYield": 0.0, "currency": "INR", "fromCurrency": null, "toCurrency": null, "lastMarket": null, "algorithm": null, "tradeable": false}, "sectorTrend": {"maxAge": 1, "symbol": null, "estimates": []}, "incomeStatementHistoryQuarterly": {"incomeStatementHistory": [{"maxAge": 1, "endDate": "2020-06-30", "totalRevenue": 1042954000, "costOfRevenue": 730294000, "grossProfit": 312660000, "researchDevelopment": {}, "sellingGeneralAdministrative": 68663000, "nonRecurring": {}, "otherOperatingExpenses": 101276000, "totalOperatingExpenses": 920843000, "operatingIncome": 122111000, "totalOtherIncomeExpenseNet": -21580000, "ebit": 122111000, "interestExpense": -21580000, "incomeBeforeTax": 100531000, "incomeTaxExpense": 17576000, "minorityInterest": {}, "netIncomeFromContinuingOps": 82955000, "discontinuedOperations": {}, "extraordinaryItems": {}, "effectOfAccountingCharges": {}, "otherItems": {}, "netIncome": 82955000, "netIncomeApplicableToCommonShares": 82955000}, {"maxAge": 1, "endDate": "2020-03-31", "totalRevenue": 880946000, "costOfRevenue": 659827000, "grossProfit": 221119000, "researchDevelopment": {}, "sellingGeneralAdministrative": 80195000, "nonRecurring": {}, "otherOperatingExpenses": 66016000, "totalOperatingExpenses": 826999000, "operatingIncome": 53947000, "totalOtherIncomeExpenseNet": -23411000, "ebit": 53947000, "interestExpense": -21580000, "incomeBeforeTax": 30536000, "incomeTaxExpense": -20004000, "minorityInterest": {}, "netIncomeFromContinuingOps": 50540000, "discontinuedOperations": {}, "extraordinaryItems": {}, "effectOfAccountingCharges": {}, "otherItems": {}, "netIncome": 50540000, "netIncomeApplicableToCommonShares": 50540000}, {"maxAge": 1, "endDate": "2019-12-31", "totalRevenue": 619436000, "costOfRevenue": 415275000, "grossProfit": 204161000, "researchDevelopment": {}, "sellingGeneralAdministrative": 63528000, "nonRecurring": {}, "otherOperatingExpenses": 91046000, "totalOperatingExpenses": 590424000, "operatingIncome": 29012000, "totalOtherIncomeExpenseNet": -18855000, "ebit": 29012000, "interestExpense": -25445000, "incomeBeforeTax": 10157000, "incomeTaxExpense": -6356000, "minorityInterest": {}, "netIncomeFromContinuingOps": 16513000, "discontinuedOperations": {}, "extraordinaryItems": {}, "effectOfAccountingCharges": {}, "otherItems": {}, "netIncome": 16513000, "netIncomeApplicableToCommonShares": 16513000}, {"maxAge": 1, "endDate": "2019-09-30", "totalRevenue": 672731000, "costOfRevenue": 462326000, "grossProfit": 210405000, "researchDevelopment": {}, "sellingGeneralAdministrative": 65860000, "nonRecurring": {}, "otherOperatingExpenses": 83339000, "totalOperatingExpenses": 634175000, "operatingIncome": 38556000, "totalOtherIncomeExpenseNet": -27159000, "ebit": 38556000, "interestExpense": -27460000, "incomeBeforeTax": 11397000, "incomeTaxExpense": 3318000, "minorityInterest": {}, "netIncomeFromContinuingOps": 8079000, "discontinuedOperations": {}, "extraordinaryItems": {}, "effectOfAccountingCharges": {}, "otherItems": {}, "netIncome": 8079000, "netIncomeApplicableToCommonShares": 8079000}], "maxAge": 86400}, "cashflowStatementHistoryQuarterly": {"cashflowStatements": [{"maxAge": 1, "endDate": "2020-06-30", "netIncome": 82955000, "changeToLiabilities": 0}, {"maxAge": 1, "endDate": "2020-03-31", "netIncome": 50540000, "changeToLiabilities": 0}, {"maxAge": 1, "endDate": "2019-12-31", "netIncome": 16513000, "changeToLiabilities": 0}, {"maxAge": 1, "endDate": "2019-09-30", "netIncome": 8079000, "changeToLiabilities": 0}], "maxAge": 86400}, "insiderHolders": {"holders": [{"maxAge": 1, "name": "Dhoot (Brijmohan Murlidhar)", "relation": "UNREPORTED", "url": "", "transactionDescription": "Acquisition", "latestTransDate": "2010-11-11", "positionDirect": 564469, "positionDirectDate": "2010-11-11"}, {"maxAge": 1, "name": "Dhoot (Chandrakanta Murlidhar)", "relation": "Promoter", "url": "", "transactionDescription": "Sale", "latestTransDate": "2015-12-17", "positionDirect": 430067, "positionDirectDate": "2015-12-17"}, {"maxAge": 1, "name": "Dhoot (Goverdhan Murlidhar)", "relation": "Chairman of the Board", "url": "", "transactionDescription": "Acquisition", "latestTransDate": "2012-02-14", "positionDirect": 667121, "positionDirectDate": "2012-02-14"}, {"maxAge": 1, "name": "Dhoot (Smita A)", "relation": "Promoter", "url": "", "transactionDescription": "Sale", "latestTransDate": "2014-01-31", "positionDirect": 292500, "positionDirectDate": "2014-01-31"}, {"maxAge": 1, "name": "IPCA Laboratories Ltd", "relation": "UNREPORTED", "url": "", "transactionDescription": "Other", "latestTransDate": "2015-06-05", "positionDirect": 0, "positionDirectDate": "2015-06-05"}, {"maxAge": 1, "name": "Shree Kishoriju Trading Investment Pvt Ltd", "relation": "Promoter", "url": "", "transactionDescription": "Sale", "latestTransDate": "2015-12-17", "positionDirect": 1098851, "positionDirectDate": "2015-12-17"}, {"maxAge": 1, "name": "Shree Rasbihari Trading Investment Pvt Ltd", "relation": "Promoter", "url": "", "transactionDescription": "Sale", "latestTransDate": "2015-12-16", "positionDirect": 1048018, "positionDirectDate": "2015-12-16"}], "maxAge": 1}, "earnings": {"maxAge": 86400, "earningsChart": {"quarterly": [{"date": "1Q2016", "actual": 3.5, "estimate": 2.81}, {"date": "1Q2017", "actual": 4.14, "estimate": 4.5}, {"date": "2Q2017", "actual": 2.63, "estimate": 3.93}], "currentQuarterEstimateDate": "3Q", "currentQuarterEstimateYear": 2017, "earningsDate": []}, "financialsChart": {"yearly": [{"date": 2017, "revenue": 3028856000, "earnings": 222750000}, {"date": 2018, "revenue": 2793796000, "earnings": 198896000}, {"date": 2019, "revenue": 2275797000, "earnings": -80308000}, {"date": 2020, "revenue": 2823536000, "earnings": 82525000}], "quarterly": [{"date": "3Q2019", "revenue": 672731000, "earnings": 8079000}, {"date": "4Q2019", "revenue": 619436000, "earnings": 16513000}, {"date": "1Q2020", "revenue": 880946000, "earnings": 50540000}, {"date": "2Q2020", "revenue": 1042954000, "earnings": 82955000}]}, "financialCurrency": "INR"}, "calendarEvents": {"maxAge": 1, "earnings": {"earningsDate": [], "revenueAverage": 831779000}}, "price": {"maxAge": 1, "regularMarketChangePercent": 0.00426736, "regularMarketChange": 0.59999084, "regularMarketTime": "2021-04-30 15:52:05", "priceHint": 2, "regularMarketPrice": 141.2, "regularMarketDayHigh": 145.0, "regularMarketDayLow": 140.0, "regularMarketVolume": 28683, "averageDailyVolume10Day": 21069, "averageDailyVolume3Month": 15244, "regularMarketPreviousClose": 140.6, "regularMarketSource": "FREE_REALTIME", "regularMarketOpen": 140.0, "exchange": "BSE", "exchangeName": "BSE", "exchangeDataDelayedBy": 0, "marketState": "CLOSED", "quoteType": "EQUITY", "symbol": "MANGALAM.BO", "underlyingSymbol": null, "shortName": "MANGALAM DRUGS & ORGANICS LTD.", "longName": "Mangalam Drugs & Organics Limited", "currency": "INR", "quoteSourceName": "Delayed Quote", "currencySymbol": "\u20b9", "fromCurrency": null, "toCurrency": null, "lastMarket": null, "marketCap": 2234941696}, "balanceSheetHistory": {"balanceSheetStatements": [{"maxAge": 1, "endDate": "2020-03-31", "cash": 16291000, "netReceivables": 399925000, "inventory": 648427000, "otherCurrentAssets": 120031000, "totalCurrentAssets": 1191747000, "longTermInvestments": 2235000, "propertyPlantEquipment": 961736000, "intangibleAssets": 61359000, "otherAssets": 89594000, "totalAssets": 2306671000, "accountsPayable": 565934000, "shortLongTermDebt": 40040000, "otherCurrentLiab": 18817000, "longTermDebt": 41728000, "otherLiab": 122881000, "totalCurrentLiabilities": 1094670000, "totalLiab": 1267284000, "commonStock": 158282000, "retainedEarnings": 653319000, "treasuryStock": 4033000, "capitalSurplus": 223753000, "otherStockholderEquity": 4033000, "totalStockholderEquity": 1039387000, "netTangibleAssets": 978028000}, {"maxAge": 1, "endDate": "2019-03-31", "cash": 14334000, "netReceivables": 176395000, "inventory": 734532000, "otherCurrentAssets": 119144000, "totalCurrentAssets": 1050397000, "longTermInvestments": 2401000, "propertyPlantEquipment": 999222000, "intangibleAssets": 37692000, "otherAssets": 23837000, "totalAssets": 2113549000, "accountsPayable": 324135000, "shortLongTermDebt": 37893000, "otherCurrentLiab": 2878000, "longTermDebt": 85956000, "otherLiab": 143325000, "totalCurrentLiabilities": 908148000, "totalLiab": 1156919000, "commonStock": 158282000, "retainedEarnings": 570794000, "treasuryStock": 3801000, "capitalSurplus": 223753000, "otherStockholderEquity": 3801000, "totalStockholderEquity": 956630000, "netTangibleAssets": 918938000}, {"maxAge": 1, "endDate": "2018-03-31", "cash": 4303000, "netReceivables": 452202000, "inventory": 601342000, "otherCurrentAssets": 166216000, "totalCurrentAssets": 1228416000, "longTermInvestments": 2401000, "propertyPlantEquipment": 1012273000, "intangibleAssets": 7531000, "otherAssets": 17253000, "totalAssets": 2267874000, "accountsPayable": 376251000, "shortLongTermDebt": 70308000, "otherCurrentLiab": 10726000, "longTermDebt": 111464000, "otherLiab": 120298000, "totalCurrentLiabilities": 998447000, "totalLiab": 1230209000, "commonStock": 158282000, "retainedEarnings": 655630000, "capitalSurplus": 223753000, "totalStockholderEquity": 1037665000, "netTangibleAssets": 1030134000}, {"maxAge": 1, "endDate": "2017-03-31", "cash": 6273000, "shortTermInvestments": 16443000, "netReceivables": 562637000, "inventory": 372495000, "totalCurrentAssets": 957848000, "propertyPlantEquipment": 925090000, "intangibleAssets": 472000, "otherAssets": 11628000, "totalAssets": 1895038000, "accountsPayable": 207755000, "shortLongTermDebt": 79224000, "otherCurrentLiab": 46653000, "longTermDebt": 168511000, "otherLiab": 91760000, "totalCurrentLiabilities": 777596000, "totalLiab": 1037867000, "commonStock": 158282000, "retainedEarnings": 475136000, "capitalSurplus": 223753000, "totalStockholderEquity": 857171000, "netTangibleAssets": 856699000}], "maxAge": 86400}, "earningsTrend": {"trend": [{"maxAge": 1, "period": "0q", "endDate": "2017-09-30", "growth": {}, "earningsEstimate": {"avg": 0.0, "low": 0.0, "high": 0.0, "yearAgoEps": {}, "numberOfAnalysts": 0, "growth": {}}, "revenueEstimate": {"avg": 831779000, "low": 0, "high": 0, "numberOfAnalysts": 0, "yearAgoRevenue": {}, "growth": {}}, "epsTrend": {"current": 0.0, "7daysAgo": 0.0, "30daysAgo": 0.0, "60daysAgo": 0.0, "90daysAgo": 0.0}, "epsRevisions": {"upLast7days": 0, "upLast30days": 0, "downLast30days": 0, "downLast90days": {}}}, {"maxAge": 1, "period": "+1q", "endDate": "2017-12-31", "growth": {}, "earningsEstimate": {"avg": 0.0, "low": 0.0, "high": 0.0, "yearAgoEps": 3.5, "numberOfAnalysts": 0, "growth": {}}, "revenueEstimate": {"avg": 745505000, "low": 0, "high": 0, "numberOfAnalysts": 0, "yearAgoRevenue": {}, "growth": {}}, "epsTrend": {"current": 0.0, "7daysAgo": 0.0, "30daysAgo": 0.0, "60daysAgo": 0.0, "90daysAgo": 0.0}, "epsRevisions": {"upLast7days": 0, "upLast30days": 0, "downLast30days": 0, "downLast90days": {}}}, {"maxAge": 1, "period": "0y", "endDate": "2018-03-31", "growth": {}, "earningsEstimate": {"avg": 0.0, "low": 0.0, "high": 0.0, "yearAgoEps": {}, "numberOfAnalysts": 0, "growth": {}}, "revenueEstimate": {"avg": 2393800000, "low": 3376470000, "high": 3376470000, "numberOfAnalysts": 1, "yearAgoRevenue": 3028860000, "growth": -0.21}, "epsTrend": {"current": 0.0, "7daysAgo": 16.85, "30daysAgo": 16.85, "60daysAgo": 16.85, "90daysAgo": 16.85}, "epsRevisions": {"upLast7days": 0, "upLast30days": 0, "downLast30days": 0, "downLast90days": {}}}, {"maxAge": 1, "period": "+1y", "endDate": "2019-03-31", "growth": {}, "earningsEstimate": {"avg": 0.0, "low": 0.0, "high": 0.0, "yearAgoEps": {}, "numberOfAnalysts": 0, "growth": {}}, "revenueEstimate": {"avg": 3680360000, "low": 3680360000, "high": 3680360000, "numberOfAnalysts": 1, "yearAgoRevenue": 2393800000, "growth": 0.537}, "epsTrend": {"current": 0.0, "7daysAgo": 18.83, "30daysAgo": 18.83, "60daysAgo": 18.83, "90daysAgo": 18.83}, "epsRevisions": {"upLast7days": 0, "upLast30days": 0, "downLast30days": 0, "downLast90days": {}}}, {"maxAge": 1, "period": "+5y", "endDate": null, "growth": {}, "earningsEstimate": {"avg": {}, "low": {}, "high": {}, "yearAgoEps": {}, "numberOfAnalysts": {}, "growth": {}}, "revenueEstimate": {"avg": {}, "low": {}, "high": {}, "numberOfAnalysts": {}, "yearAgoRevenue": {}, "growth": {}}, "epsTrend": {"current": {}, "7daysAgo": {}, "30daysAgo": {}, "60daysAgo": {}, "90daysAgo": {}}, "epsRevisions": {"upLast7days": {}, "upLast30days": {}, "downLast30days": {}, "downLast90days": {}}}, {"maxAge": 1, "period": "-5y", "endDate": null, "growth": {}, "earningsEstimate": {"avg": {}, "low": {}, "high": {}, "yearAgoEps": {}, "numberOfAnalysts": {}, "growth": {}}, "revenueEstimate": {"avg": {}, "low": {}, "high": {}, "numberOfAnalysts": {}, "yearAgoRevenue": {}, "growth": {}}, "epsTrend": {"current": {}, "7daysAgo": {}, "30daysAgo": {}, "60daysAgo": {}, "90daysAgo": {}}, "epsRevisions": {"upLast7days": {}, "upLast30days": {}, "downLast30days": {}, "downLast90days": {}}}], "maxAge": 1}, "financialData": {"maxAge": 86400, "currentPrice": 141.2, "targetHighPrice": 265.0, "targetLowPrice": 265.0, "targetMeanPrice": 265.0, "targetMedianPrice": 265.0, "recommendationKey": "none", "numberOfAnalystOpinions": 1, "grossProfits": 846605000, "financialCurrency": "INR"}}}