{"MANGLMCEM.NS": {"assetProfile": {"address1": "Birla Building", "address2": "10th Floor 9/1, R.N. Mukherjee Road", "city": "Kolkata", "zip": "700001", "country": "India", "phone": "91 33 2243 8706", "fax": "91 33 2243 8709", "website": "http://www.mangalamcement.com", "industry": "Building Materials", "sector": "Basic Materials", "longBusinessSummary": "Mangalam Cement Limited manufactures and sells cement in India. The company offers Portland Pozzolana cement, and 43 grade and 53 grade ordinary Portland cement under the Birla Uttam brand name. Mangalam Cement Limited was incorporated in 1976 and is based in Kolkata, India.", "fullTimeEmployees": 1057, "companyOfficers": [{"maxAge": 1, "name": "Mr. Anshuman Vikram Jalan", "age": 44, "title": "Exec. Co-Chairperson", "yearBorn": 1976, "fiscalYear": 2020, "totalPay": 36991333, "exercisedValue": 0, "unexercisedValue": 0}, {"maxAge": 1, "name": "Ms. Vidula  Jalan", "age": 41, "title": "Exec. Co-Chairperson", "yearBorn": 1979, "fiscalYear": 2020, "totalPay": 36874683, "exercisedValue": 0, "unexercisedValue": 0}, {"maxAge": 1, "name": "Mr. Yaswant  Mishra", "title": "Pres of Corp. & CFO", "fiscalYear": 2020, "totalPay": 18006959, "exercisedValue": 0, "unexercisedValue": 0}, {"maxAge": 1, "name": "Mr. Manoj Kumar Dhariwal", "title": "GM of Legal, Company Sec. & Compliance Officer", "fiscalYear": 2020, "totalPay": 1849927, "exercisedValue": 0, "unexercisedValue": 0}, {"maxAge": 1, "name": "Mr. S. Sharat Jain", "age": 51, "title": "Pres", "yearBorn": 1969, "exercisedValue": 0, "unexercisedValue": 0}, {"maxAge": 1, "name": "Mr. Sunil  Sachan", "title": "Pres of Operation", "exercisedValue": 0, "unexercisedValue": 0}, {"maxAge": 1, "name": "Mr. S. K. Pokharana", "title": "Joint Pres of Technical", "exercisedValue": 0, "unexercisedValue": 0}, {"maxAge": 1, "name": "Mr. Kaushlesh  Maheswari", "title": "Pres of Sales & Marketing", "exercisedValue": 0, "unexercisedValue": 0}, {"maxAge": 1, "name": "Mr. Anil Kumar Mandot", "title": "Sr. Joint Pres of Commercial", "fiscalYear": 2015, "exercisedValue": 0, "unexercisedValue": 0}], "compensationAsOfEpochDate": "2020-12-31 05:30:00", "maxAge": 86400}, "recommendationTrend": {"trend": [{"period": "0m", "strongBuy": 0, "buy": 0, "hold": 0, "sell": 0, "strongSell": 0}, {"period": "-1m", "strongBuy": 0, "buy": 0, "hold": 0, "sell": 0, "strongSell": 0}, {"period": "-2m", "strongBuy": 0, "buy": 0, "hold": 0, "sell": 0, "strongSell": 0}, {"period": "-3m", "strongBuy": 0, "buy": 0, "hold": 0, "sell": 0, "strongSell": 0}], "maxAge": 86400}, "cashflowStatementHistory": {"cashflowStatements": [{"maxAge": 1, "endDate": "2020-03-31", "netIncome": 759021000, "depreciation": 475799000, "changeToNetincome": 711891000, "changeToAccountReceivables": 395722000, "changeToLiabilities": 280243000, "changeToInventory": -475457000, "totalCashFromOperatingActivities": 2158170000, "capitalExpenditures": -1671544000, "investments": -292313000, "otherCashflowsFromInvestingActivities": 394247000, "totalCashflowsFromInvestingActivities": -1560762000, "dividendsPaid": -16091000, "netBorrowings": 679125000, "otherCashflowsFromFinancingActivities": -633895000, "totalCashFromFinancingActivities": 29139000, "changeInCash": 626547000}, {"maxAge": 1, "endDate": "2019-03-31", "netIncome": -97372000, "depreciation": 449752000, "changeToNetincome": 324741000, "changeToAccountReceivables": -456650000, "changeToLiabilities": 658302000, "changeToInventory": -46571000, "totalCashFromOperatingActivities": 843697000, "capitalExpenditures": -1024441000, "investments": 94340000, "otherCashflowsFromInvestingActivities": -848442000, "totalCashflowsFromInvestingActivities": -1763825000, "dividendsPaid": -13347000, "netBorrowings": 1384729000, "otherCashflowsFromFinancingActivities": -543769000, "totalCashFromFinancingActivities": 827613000, "changeInCash": -92515000}, {"maxAge": 1, "endDate": "2018-03-31", "netIncome": 113819000, "depreciation": 442111000, "changeToNetincome": 362041000, "changeToAccountReceivables": -21514000, "changeToLiabilities": 174493000, "changeToInventory": -103333000, "changeToOperatingActivities": -108756000, "totalCashFromOperatingActivities": 858861000, "capitalExpenditures": -192638000, "investments": -13195000, "otherCashflowsFromInvestingActivities": 23024000, "totalCashflowsFromInvestingActivities": -172470000, "dividendsPaid": -24096000, "netBorrowings": -168037000, "otherCashflowsFromFinancingActivities": -474122000, "totalCashFromFinancingActivities": -666255000, "changeInCash": 20136000}, {"maxAge": 1, "endDate": "2017-03-31", "netIncome": 366347000, "depreciation": 403146000, "changeToNetincome": 394946000, "changeToAccountReceivables": 3917000, "changeToLiabilities": 148486000, "changeToInventory": 143599000, "changeToOperatingActivities": 173458000, "totalCashFromOperatingActivities": 1633899000, "capitalExpenditures": -909035000, "investments": -52893000, "otherCashflowsFromInvestingActivities": 21464000, "totalCashflowsFromInvestingActivities": -905745000, "dividendsPaid": -17551000, "netBorrowings": -309825000, "otherCashflowsFromFinancingActivities": -445987000, "totalCashFromFinancingActivities": -773363000, "changeInCash": -45209000}], "maxAge": 86400}, "indexTrend": {"maxAge": 1, "symbol": "SP5", "peRatio": 19.7411, "pegRatio": 1.34172, "estimates": [{"period": "0q", "growth": 0.549}, {"period": "+1q", "growth": 0.431}, {"period": "0y", "growth": 0.305}, {"period": "+1y", "growth": 0.109}, {"period": "+5y", "growth": 0.120865}, {"period": "-5y"}]}, "defaultKeyStatistics": {"maxAge": 1, "priceHint": 2, "enterpriseValue": 10083641344, "forwardPE": 10.923047, "profitMargins": 0.07439, "floatShares": 6366260, "sharesOutstanding": 26693800, "heldPercentInsiders": 0.59642, "heldPercentInstitutions": 0.059, "beta": 1.308359, "category": null, "bookValue": 227.874, "priceToBook": 1.2021996, "fundFamily": null, "legalType": null, "lastFiscalYearEnd": "2020-03-31 05:30:00", "nextFiscalYearEnd": "2022-03-31 05:30:00", "mostRecentQuarter": "2020-12-31 05:30:00", "earningsQuarterlyGrowth": 2.011, "netIncomeToCommon": 880934016, "trailingEps": 33.0, "forwardEps": 25.08, "pegRatio": 0.63, "lastSplitFactor": null, "enterpriseToRevenue": 0.851, "enterpriseToEbitda": 4.658}, "industryTrend": {"maxAge": 1, "symbol": null, "estimates": []}, "quoteType": {"exchange": "NSI", "quoteType": "EQUITY", "symbol": "MANGLMCEM.NS", "underlyingSymbol": "MANGLMCEM.NS", "shortName": "MANGALAM CEMENT", "longName": "Mangalam Cement Limited", "firstTradeDateEpochUtc": "2002-07-01 09:15:00", "timeZoneFullName": "Asia/Kolkata", "timeZoneShortName": "IST", "uuid": "2cbecaa5-6ebe-3ca4-b6b9-4a98eea48fad", "gmtOffSetMilliseconds": 19800000, "maxAge": 1}, "incomeStatementHistory": {"incomeStatementHistory": [{"maxAge": 1, "endDate": "2020-03-31", "totalRevenue": 12282510000, "costOfRevenue": 1423172000, "grossProfit": 10859338000, "researchDevelopment": {}, "sellingGeneralAdministrative": 1087709000, "nonRecurring": {}, "otherOperatingExpenses": 7776458000, "totalOperatingExpenses": 10774089000, "operatingIncome": 1508421000, "totalOtherIncomeExpenseNet": -337017000, "ebit": 1508421000, "interestExpense": -493377000, "incomeBeforeTax": 1171404000, "incomeTaxExpense": 412383000, "minorityInterest": {}, "netIncomeFromContinuingOps": 759021000, "discontinuedOperations": {}, "extraordinaryItems": {}, "effectOfAccountingCharges": {}, "otherItems": {}, "netIncome": 759021000, "netIncomeApplicableToCommonShares": 759021000}, {"maxAge": 1, "endDate": "2019-03-31", "totalRevenue": 11995965000, "costOfRevenue": 2368277000, "grossProfit": 9627688000, "researchDevelopment": {}, "sellingGeneralAdministrative": 1044835000, "nonRecurring": {}, "otherOperatingExpenses": 8006945000, "totalOperatingExpenses": 11881304000, "operatingIncome": 114661000, "totalOtherIncomeExpenseNet": -273904000, "ebit": 114661000, "interestExpense": -345180000, "incomeBeforeTax": -159243000, "incomeTaxExpense": -61871000, "minorityInterest": {}, "netIncomeFromContinuingOps": -97372000, "discontinuedOperations": {}, "extraordinaryItems": {}, "effectOfAccountingCharges": {}, "otherItems": {}, "netIncome": -97372000, "netIncomeApplicableToCommonShares": -97372000}, {"maxAge": 1, "endDate": "2018-03-31", "totalRevenue": 10796598000, "costOfRevenue": 1812289000, "grossProfit": 8984309000, "researchDevelopment": {}, "sellingGeneralAdministrative": 1047500000, "nonRecurring": {}, "otherOperatingExpenses": 7073963000, "totalOperatingExpenses": 10375863000, "operatingIncome": 420735000, "totalOtherIncomeExpenseNet": -231152000, "ebit": 420735000, "interestExpense": -319928000, "incomeBeforeTax": 189583000, "incomeTaxExpense": 75764000, "minorityInterest": {}, "netIncomeFromContinuingOps": 113819000, "discontinuedOperations": {}, "extraordinaryItems": {}, "effectOfAccountingCharges": {}, "otherItems": {}, "netIncome": 113819000, "netIncomeApplicableToCommonShares": 113819000}, {"maxAge": 1, "endDate": "2017-03-31", "totalRevenue": 9047483000, "costOfRevenue": 500729000, "grossProfit": 8546754000, "researchDevelopment": {}, "sellingGeneralAdministrative": 814962000, "nonRecurring": {}, "otherOperatingExpenses": 6555864000, "totalOperatingExpenses": 8274701000, "operatingIncome": 772782000, "totalOtherIncomeExpenseNet": -268051000, "ebit": 772782000, "interestExpense": -343278000, "incomeBeforeTax": 504731000, "incomeTaxExpense": 138384000, "minorityInterest": {}, "netIncomeFromContinuingOps": 366347000, "discontinuedOperations": {}, "extraordinaryItems": {}, "effectOfAccountingCharges": {}, "otherItems": {}, "netIncome": 366347000, "netIncomeApplicableToCommonShares": 366347000}], "maxAge": 86400}, "fundOwnership": {"ownershipList": [], "maxAge": 1}, "summaryDetail": {"maxAge": 1, "priceHint": 2, "previousClose": 277.7, "open": 276.0, "dayLow": 272.75, "dayHigh": 281.0, "regularMarketPreviousClose": 277.7, "regularMarketOpen": 276.0, "regularMarketDayLow": 272.75, "regularMarketDayHigh": 281.0, "dividendRate": 1.0, "dividendYield": 0.0036000002, "exDividendDate": "2020-09-17 05:30:00", "payoutRatio": 0.030299999, "fiveYearAvgDividendYield": 0.28, "beta": 1.308359, "trailingPE": 8.301516, "forwardPE": 10.923047, "volume": 16204, "regularMarketVolume": 16204, "averageVolume": 81098, "averageVolume10days": 28537, "averageDailyVolume10Day": 28537, "bid": 0.0, "ask": 0.0, "bidSize": 0, "askSize": 0, "marketCap": 7302219776, "fiftyTwoWeekLow": 137.8, "fiftyTwoWeekHigh": 304.35, "priceToSalesTrailing12Months": 0.6166162, "fiftyDayAverage": 276.59848, "twoHundredDayAverage": 230.83821, "trailingAnnualDividendRate": 1.0, "trailingAnnualDividendYield": 0.003601008, "currency": "INR", "fromCurrency": null, "lastMarket": null, "algorithm": null, "tradeable": false}, "insiderHolders": {"holders": [{"maxAge": 1, "name": "Birla (Basant Kumar)", "relation": "Promoter", "url": "", "transactionDescription": "Other", "latestTransDate": "2015-04-29", "positionDirect": 10540, "positionDirectDate": "2015-04-29"}, {"maxAge": 1, "name": "Cygnet Industries Ltd", "relation": "Promoter", "url": "", "transactionDescription": "Sale", "latestTransDate": "2019-05-17", "positionDirect": 0, "positionDirectDate": "2019-05-17"}, {"maxAge": 1, "name": "Jalan (Amar Kumar)", "relation": "UNREPORTED", "url": "", "transactionDescription": "Acquisition", "latestTransDate": "2013-09-18", "positionDirect": 600, "positionDirectDate": "2013-09-18"}, {"maxAge": 1, "name": "Jalan (Anshuman V)", "relation": "Director (Executive)", "url": "", "transactionDescription": "Acquisition", "latestTransDate": "2020-09-28", "positionDirect": 85000, "positionDirectDate": "2020-09-28"}, {"maxAge": 1, "name": "Jalan (Avayaan Vikram)", "relation": "Promoter", "url": "", "transactionDescription": "Acquisition", "latestTransDate": "2020-12-30", "positionDirect": 21000, "positionDirectDate": "2020-12-30"}, {"maxAge": 1, "name": "Jalan (Vaishnavi)", "relation": "Promoter", "url": "", "transactionDescription": "Acquisition", "latestTransDate": "2020-06-24", "positionDirect": 50000, "positionDirectDate": "2020-06-24"}, {"maxAge": 1, "name": "Jalan (Vidula)", "relation": "Director (Executive)", "url": "", "transactionDescription": "Acquisition", "latestTransDate": "2020-09-28", "positionDirect": 130000, "positionDirectDate": "2020-09-28"}, {"maxAge": 1, "name": "Manav Investment & Trading Company Ltd", "relation": "Institution- Corporation", "url": "", "transactionDescription": "Sale", "latestTransDate": "2019-05-17", "positionDirect": 0, "positionDirectDate": "2019-05-17"}, {"maxAge": 1, "name": "Rambara Trading Pvt. Ltd.", "relation": "UNREPORTED", "url": "", "transactionDescription": "Acquisition", "latestTransDate": "2021-02-23", "positionDirect": 421900, "positionDirectDate": "2021-02-23"}, {"maxAge": 1, "name": "Vidula Consultancy Services Ltd", "relation": "Promoter", "url": "", "transactionDescription": "Acquisition", "latestTransDate": "2020-06-30", "positionDirect": 2370720, "positionDirectDate": "2020-06-30"}], "maxAge": 1}, "calendarEvents": {"maxAge": 1, "earnings": {"earningsDate": [], "revenueAverage": 2536000000, "revenueLow": 2536000000, "revenueHigh": 2536000000}, "exDividendDate": "2020-09-17 05:30:00"}, "upgradeDowngradeHistory": {"history": [], "maxAge": 86400}, "price": {"maxAge": 1, "regularMarketChangePercent": -0.013503781, "regularMarketChange": -3.75, "regularMarketTime": "2021-04-30 15:29:56", "priceHint": 2, "regularMarketPrice": 273.95, "regularMarketDayHigh": 281.0, "regularMarketDayLow": 272.75, "regularMarketVolume": 16204, "averageDailyVolume10Day": 28537, "averageDailyVolume3Month": 81098, "regularMarketPreviousClose": 277.7, "regularMarketSource": "FREE_REALTIME", "regularMarketOpen": 276.0, "exchange": "NSI", "exchangeName": "NSE", "exchangeDataDelayedBy": 15, "marketState": "CLOSED", "quoteType": "EQUITY", "symbol": "MANGLMCEM.NS", "underlyingSymbol": null, "shortName": "MANGALAM CEMENT", "longName": "Mangalam Cement Limited", "currency": "INR", "quoteSourceName": "Delayed Quote", "currencySymbol": "\u20b9", "fromCurrency": null, "lastMarket": null, "marketCap": 7302219776}, "balanceSheetHistory": {"balanceSheetStatements": [{"maxAge": 1, "endDate": "2020-03-31", "cash": 633200000, "shortTermInvestments": 163892000, "netReceivables": 1327024000, "inventory": 2301549000, "otherCurrentAssets": 576716000, "totalCurrentAssets": 5331248000, "longTermInvestments": 348592000, "propertyPlantEquipment": 9274500000, "intangibleAssets": 87262000, "otherAssets": 885177000, "totalAssets": 15926779000, "accountsPayable": 1803767000, "shortLongTermDebt": 911528000, "otherCurrentLiab": 686611000, "longTermDebt": 3483455000, "otherLiab": 1247562000, "totalCurrentLiabilities": 5426198000, "totalLiab": 10167715000, "commonStock": 266938000, "retainedEarnings": 5474999000, "treasuryStock": 17127000, "otherStockholderEquity": 17127000, "totalStockholderEquity": 5759064000, "netTangibleAssets": 5671802000}, {"maxAge": 1, "endDate": "2019-03-31", "cash": 6653000, "shortTermInvestments": 111424000, "netReceivables": 1768996000, "inventory": 1986669000, "otherCurrentAssets": 645173000, "totalCurrentAssets": 4603288000, "longTermInvestments": 275888000, "propertyPlantEquipment": 8838714000, "intangibleAssets": 100256000, "otherAssets": 322474000, "totalAssets": 14140620000, "accountsPayable": 1667208000, "shortLongTermDebt": 1119419000, "otherCurrentLiab": 733815000, "longTermDebt": 2917885000, "otherLiab": 946598000, "totalCurrentLiabilities": 5241416000, "totalLiab": 9105899000, "commonStock": 266938000, "retainedEarnings": 4770369000, "treasuryStock": -2586000, "otherStockholderEquity": -2586000, "totalStockholderEquity": 5034721000, "netTangibleAssets": 4934465000}, {"maxAge": 1, "endDate": "2018-03-31", "cash": 99168000, "shortTermInvestments": 108905000, "netReceivables": 479193000, "inventory": 1423844000, "otherCurrentAssets": 976133000, "totalCurrentAssets": 3217685000, "longTermInvestments": 250327000, "propertyPlantEquipment": 8250009000, "intangibleAssets": 113735000, "otherAssets": 365451000, "totalAssets": 12197207000, "accountsPayable": 1435311000, "shortLongTermDebt": 916632000, "otherCurrentLiab": 443975000, "longTermDebt": 1885488000, "otherLiab": 994327000, "totalCurrentLiabilities": 4167710000, "totalLiab": 7047525000, "commonStock": 266938000, "retainedEarnings": 4883832000, "treasuryStock": -1088000, "otherStockholderEquity": -1088000, "totalStockholderEquity": 5149682000, "netTangibleAssets": 5035947000}, {"maxAge": 1, "endDate": "2017-03-31", "cash": 79032000, "shortTermInvestments": 103943000, "netReceivables": 401350000, "inventory": 1015738000, "otherCurrentAssets": 1289199000, "totalCurrentAssets": 2970346000, "longTermInvestments": 225318000, "propertyPlantEquipment": 8517143000, "intangibleAssets": 106380000, "otherAssets": 311441000, "totalAssets": 12130628000, "accountsPayable": 1260828000, "shortLongTermDebt": 914193000, "otherCurrentLiab": 512378000, "longTermDebt": 2283799000, "otherLiab": 921480000, "totalCurrentLiabilities": 3865352000, "totalLiab": 7070631000, "commonStock": 266938000, "retainedEarnings": 4792087000, "treasuryStock": 972000, "otherStockholderEquity": 972000, "totalStockholderEquity": 5059997000, "netTangibleAssets": 4953617000}], "maxAge": 86400}, "earningsTrend": {"trend": [{"maxAge": 1, "period": "0q", "endDate": "2018-06-30", "growth": {}, "earningsEstimate": {"avg": 0.0, "low": 0.0, "high": 0.0, "yearAgoEps": 4.54, "numberOfAnalysts": 0, "growth": {}}, "revenueEstimate": {"avg": 2536000000, "low": 2536000000, "high": 2536000000, "numberOfAnalysts": 1, "yearAgoRevenue": 2540300000, "growth": -0.002}, "epsTrend": {"current": 0.0, "7daysAgo": 0.0, "30daysAgo": 0.0, "60daysAgo": 0.0, "90daysAgo": 0.0}, "epsRevisions": {"upLast7days": 0, "upLast30days": 0, "downLast30days": 0, "downLast90days": {}}}, {"maxAge": 1, "period": "+1q", "endDate": "2018-09-30", "growth": {}, "earningsEstimate": {"avg": 0.0, "low": 0.0, "high": 0.0, "yearAgoEps": 0.4, "numberOfAnalysts": 0, "growth": {}}, "revenueEstimate": {"avg": 0, "low": 0, "high": 0, "numberOfAnalysts": 0, "yearAgoRevenue": {}, "growth": {}}, "epsTrend": {"current": 0.0, "7daysAgo": 0.0, "30daysAgo": 0.0, "60daysAgo": 0.0, "90daysAgo": 0.0}, "epsRevisions": {"upLast7days": 0, "upLast30days": 0, "downLast30days": 0, "downLast90days": {}}}, {"maxAge": 1, "period": "0y", "endDate": "2019-03-31", "growth": 2.911, "earningsEstimate": {"avg": 16.66, "low": 10.1, "high": 20.5, "yearAgoEps": 4.26, "numberOfAnalysts": 5, "growth": 2.911}, "revenueEstimate": {"avg": 12067200000, "low": 11174000000, "high": 12393000000, "numberOfAnalysts": 5, "yearAgoRevenue": 10861400000, "growth": 0.111}, "epsTrend": {"current": 16.66, "7daysAgo": 16.66, "30daysAgo": 16.66, "60daysAgo": 23.32, "90daysAgo": 23.34}, "epsRevisions": {"upLast7days": 0, "upLast30days": 0, "downLast30days": 0, "downLast90days": {}}}, {"maxAge": 1, "period": "+1y", "endDate": "2020-03-31", "growth": 0.505, "earningsEstimate": {"avg": 25.08, "low": 14.8, "high": 31.3, "yearAgoEps": 16.66, "numberOfAnalysts": 5, "growth": 0.505}, "revenueEstimate": {"avg": 13469800000, "low": 11777000000, "high": 14273000000, "numberOfAnalysts": 5, "yearAgoRevenue": 12067200000, "growth": 0.116000004}, "epsTrend": {"current": 25.08, "7daysAgo": 25.08, "30daysAgo": 25.08, "60daysAgo": 31.83, "90daysAgo": 31.93}, "epsRevisions": {"upLast7days": 0, "upLast30days": 0, "downLast30days": 0, "downLast90days": {}}}, {"maxAge": 1, "period": "+5y", "endDate": null, "growth": 0.20799999, "earningsEstimate": {"avg": {}, "low": {}, "high": {}, "yearAgoEps": {}, "numberOfAnalysts": {}, "growth": {}}, "revenueEstimate": {"avg": {}, "low": {}, "high": {}, "numberOfAnalysts": {}, "yearAgoRevenue": {}, "growth": {}}, "epsTrend": {"current": {}, "7daysAgo": {}, "30daysAgo": {}, "60daysAgo": {}, "90daysAgo": {}}, "epsRevisions": {"upLast7days": {}, "upLast30days": {}, "downLast30days": {}, "downLast90days": {}}}, {"maxAge": 1, "period": "-5y", "endDate": null, "growth": -0.15225, "earningsEstimate": {"avg": {}, "low": {}, "high": {}, "yearAgoEps": {}, "numberOfAnalysts": {}, "growth": {}}, "revenueEstimate": {"avg": {}, "low": {}, "high": {}, "numberOfAnalysts": {}, "yearAgoRevenue": {}, "growth": {}}, "epsTrend": {"current": {}, "7daysAgo": {}, "30daysAgo": {}, "60daysAgo": {}, "90daysAgo": {}}, "epsRevisions": {"upLast7days": {}, "upLast30days": {}, "downLast30days": {}, "downLast90days": {}}}], "maxAge": 1}, "institutionOwnership": {"ownershipList": [], "maxAge": 1}, "majorHoldersBreakdown": {"maxAge": 1, "insidersPercentHeld": 0.59642, "institutionsPercentHeld": 0.059, "institutionsFloatPercentHeld": 0.1462, "institutionsCount": 2}, "balanceSheetHistoryQuarterly": {"balanceSheetStatements": [{"maxAge": 1, "endDate": "2020-12-31", "totalStockholderEquity": 6082675000, "netTangibleAssets": 6001940000}, {"maxAge": 1, "endDate": "2020-09-30", "cash": 1960848000, "shortTermInvestments": 385240000, "netReceivables": 1064430000, "inventory": 1535714000, "otherCurrentAssets": 1338699000, "totalCurrentAssets": 6284931000, "longTermInvestments": 475567000, "propertyPlantEquipment": 9614358000, "intangibleAssets": 80735000, "otherAssets": 483474000, "totalAssets": 16939065000, "accountsPayable": 1878483000, "otherCurrentLiab": 2551872000, "longTermDebt": 3904456000, "otherLiab": 1409550000, "totalCurrentLiabilities": 5489116000, "totalLiab": 10856390000, "commonStock": 266938000, "treasuryStock": 5815737000, "otherStockholderEquity": 5815737000, "totalStockholderEquity": 6082675000, "netTangibleAssets": 6001940000}, {"maxAge": 1, "endDate": "2020-06-30", "totalStockholderEquity": 5759064000, "netTangibleAssets": 5671802000}, {"maxAge": 1, "endDate": "2020-03-31", "cash": 633200000, "shortTermInvestments": 163892000, "netReceivables": 1327024000, "inventory": 2301549000, "otherCurrentAssets": 576716000, "totalCurrentAssets": 5331248000, "longTermInvestments": 348592000, "propertyPlantEquipment": 9274500000, "intangibleAssets": 87262000, "otherAssets": 885177000, "totalAssets": 15926779000, "accountsPayable": 1803767000, "shortLongTermDebt": 911528000, "otherCurrentLiab": 686611000, "longTermDebt": 3483455000, "otherLiab": 1247562000, "totalCurrentLiabilities": 5426198000, "totalLiab": 10167715000, "commonStock": 266938000, "retainedEarnings": 5474999000, "treasuryStock": 17127000, "otherStockholderEquity": 17127000, "totalStockholderEquity": 5759064000, "netTangibleAssets": 5671802000}], "maxAge": 86400}, "earningsHistory": {"history": [{"maxAge": 1, "epsActual": 4.54, "epsEstimate": 5.8, "epsDifference": -1.26, "surprisePercent": -0.21700001, "quarter": "2017-06-30", "period": "-4q"}, {"maxAge": 1, "epsActual": 0.4, "epsEstimate": 1.3, "epsDifference": -0.9, "surprisePercent": -0.692, "quarter": "2017-09-30", "period": "-3q"}, {"maxAge": 1, "epsActual": 1.01, "epsEstimate": 0.6, "epsDifference": 0.41, "surprisePercent": 0.683, "quarter": "2017-12-31", "period": "-2q"}, {"maxAge": 1, "epsActual": -1.69, "epsEstimate": 1.6, "epsDifference": -3.29, "surprisePercent": -2.056, "quarter": "2018-03-31", "period": "-1q"}], "maxAge": 86400}, "summaryProfile": {"address1": "Birla Building", "address2": "10th Floor 9/1, R.N. Mukherjee Road", "city": "Kolkata", "zip": "700001", "country": "India", "phone": "91 33 2243 8706", "fax": "91 33 2243 8709", "website": "http://www.mangalamcement.com", "industry": "Building Materials", "sector": "Basic Materials", "longBusinessSummary": "Mangalam Cement Limited manufactures and sells cement in India. The company offers Portland Pozzolana cement, and 43 grade and 53 grade ordinary Portland cement under the Birla Uttam brand name. Mangalam Cement Limited was incorporated in 1976 and is based in Kolkata, India.", "fullTimeEmployees": 1057, "companyOfficers": [], "maxAge": 86400}, "netSharePurchaseActivity": {"maxAge": 1, "period": "6m", "buyInfoCount": 0, "buyInfoShares": 0, "sellInfoCount": 0, "netInfoCount": 0, "netInfoShares": 0, "netPercentInsiderShares": 0.0, "totalInsiderShares": 15921522}, "insiderTransactions": {"transactions": [{"maxAge": 1, "shares": 21900, "value": 81439, "filerUrl": "", "transactionText": "Acquisition at price 3.72 per share.", "filerName": "Rambara Trading Pvt. Ltd.", "filerRelation": "UNREPORTED", "moneyText": "", "startDate": "2021-02-23", "ownership": "D"}, {"maxAge": 1, "shares": 50000, "filerUrl": "", "transactionText": "", "filerName": "Rambara Trading Pvt. Ltd.", "filerRelation": "Promoter", "moneyText": "", "startDate": "2021-02-18", "ownership": "D"}, {"maxAge": 1, "shares": 50000, "value": 163300, "filerUrl": "", "transactionText": "Acquisition at price 3.27 per share.", "filerName": "Rambara Trading Pvt. Ltd.", "filerRelation": "Promoter", "moneyText": "", "startDate": "2020-12-31", "ownership": "D"}, {"maxAge": 1, "shares": 14400, "value": 46785, "filerUrl": "", "transactionText": "Acquisition at price 3.25 per share.", "filerName": "Jalan (Avayaan Vikram)", "filerRelation": "Promoter", "moneyText": "", "startDate": "2020-12-30", "ownership": "D"}, {"maxAge": 1, "shares": 50000, "value": 154530, "filerUrl": "", "transactionText": "Acquisition at price 3.09 per share.", "filerName": "Rambara Trading Pvt. Ltd.", "filerRelation": "Promoter", "moneyText": "", "startDate": "2020-12-29", "ownership": "D"}, {"maxAge": 1, "shares": 50000, "filerUrl": "", "transactionText": "", "filerName": "Rambara Trading Pvt. Ltd.", "filerRelation": "Promoter", "moneyText": "", "startDate": "2020-12-28", "ownership": "D"}, {"maxAge": 1, "shares": 30000, "value": 72246, "filerUrl": "", "transactionText": "Acquisition at price 2.41 per share.", "filerName": "Jalan (Anshuman V)", "filerRelation": "Director (Executive)", "moneyText": "", "startDate": "2020-09-28", "ownership": "D"}, {"maxAge": 1, "shares": 30000, "value": 72120, "filerUrl": "", "transactionText": "Acquisition at price 2.40 per share.", "filerName": "Jalan (Vidula)", "filerRelation": "Director (Executive)", "moneyText": "", "startDate": "2020-09-28", "ownership": "D"}, {"maxAge": 1, "shares": 100000, "value": 272510, "filerUrl": "", "transactionText": "Acquisition at price 2.73 per share.", "filerName": "Rambara Trading Pvt. Ltd.", "filerRelation": "Institution- Corporation", "moneyText": "", "startDate": "2020-08-19", "ownership": "D"}, {"maxAge": 1, "shares": 100000, "value": 265560, "filerUrl": "", "transactionText": "Acquisition at price 2.66 per share.", "filerName": "Rambara Trading Pvt. Ltd.", "filerRelation": "UNREPORTED", "moneyText": "", "startDate": "2020-08-17", "ownership": "D"}, {"maxAge": 1, "shares": 150000, "value": 374235, "filerUrl": "", "transactionText": "Acquisition at price 2.49 per share.", "filerName": "Vidula Consultancy Services Ltd", "filerRelation": "Promoter", "moneyText": "", "startDate": "2020-06-30", "ownership": "D"}, {"maxAge": 1, "shares": 250000, "filerUrl": "", "transactionText": "", "filerName": "Vidula Consultancy Services Ltd", "filerRelation": "Promoter", "moneyText": "", "startDate": "2020-06-25", "ownership": "D"}, {"maxAge": 1, "shares": 15000, "filerUrl": "", "transactionText": "", "filerName": "Jalan (Anshuman V)", "filerRelation": "Director (Executive)", "moneyText": "", "startDate": "2020-06-24", "ownership": "D"}, {"maxAge": 1, "shares": 43371, "filerUrl": "", "transactionText": "", "filerName": "Jalan (Vaishnavi)", "filerRelation": "Promoter", "moneyText": "", "startDate": "2020-06-24", "ownership": "D"}, {"maxAge": 1, "shares": 23900, "filerUrl": "", "transactionText": "", "filerName": "Jalan (Vidula)", "filerRelation": "Director (Executive)", "moneyText": "", "startDate": "2020-06-24", "ownership": "D"}, {"maxAge": 1, "shares": 45000, "filerUrl": "", "transactionText": "", "filerName": "Vidula Consultancy Services Ltd", "filerRelation": "Promoter", "moneyText": "", "startDate": "2020-02-26", "ownership": "D"}, {"maxAge": 1, "shares": 125000, "filerUrl": "", "transactionText": "", "filerName": "Vidula Consultancy Services Ltd", "filerRelation": "Promoter", "moneyText": "", "startDate": "2019-09-12", "ownership": "D"}, {"maxAge": 1, "shares": 3000, "filerUrl": "", "transactionText": "", "filerName": "Jalan (Vaishnavi)", "filerRelation": "Promoter", "moneyText": "", "startDate": "2019-09-05", "ownership": "D"}, {"maxAge": 1, "shares": 400000, "filerUrl": "", "transactionText": "", "filerName": "Vidula Consultancy Services Ltd", "filerRelation": "Promoter", "moneyText": "", "startDate": "2019-08-30", "ownership": "D"}, {"maxAge": 1, "shares": 127000, "filerUrl": "", "transactionText": "", "filerName": "Cygnet Industries Ltd", "filerRelation": "Promoter", "moneyText": "", "startDate": "2019-05-17", "ownership": "D"}, {"maxAge": 1, "shares": 503797, "filerUrl": "", "transactionText": "", "filerName": "Manav Investment & Trading Company Ltd", "filerRelation": "Institution- Corporation", "moneyText": "", "startDate": "2019-05-17", "ownership": "D"}, {"maxAge": 1, "shares": 758870, "filerUrl": "", "transactionText": "", "filerName": "Vidula Consultancy Services Ltd", "filerRelation": "Promoter", "moneyText": "", "startDate": "2019-05-17", "ownership": "D"}, {"maxAge": 1, "shares": 1100000, "filerUrl": "", "transactionText": "", "filerName": "Manav Investment & Trading Company Ltd", "filerRelation": "Institution- Corporation", "moneyText": "", "startDate": "2019-03-29", "ownership": "D"}, {"maxAge": 1, "shares": 673000, "filerUrl": "", "transactionText": "", "filerName": "Cygnet Industries Ltd", "filerRelation": "Promoter", "moneyText": "", "startDate": "2019-03-26", "ownership": "D"}, {"maxAge": 1, "shares": 613000, "filerUrl": "", "transactionText": "", "filerName": "Vidula Consultancy Services Ltd", "filerRelation": "Promoter", "moneyText": "", "startDate": "2019-03-26", "ownership": "D"}, {"maxAge": 1, "shares": 500000, "filerUrl": "", "transactionText": "", "filerName": "Manav Investment & Trading Company Ltd", "filerRelation": "Institution- Corporation", "moneyText": "", "startDate": "2019-03-12", "ownership": "D"}, {"maxAge": 1, "shares": 500000, "filerUrl": "", "transactionText": "", "filerName": "Manav Investment & Trading Company Ltd", "filerRelation": "Institution- Corporation", "moneyText": "", "startDate": "2019-03-07", "ownership": "D"}, {"maxAge": 1, "shares": 178, "filerUrl": "", "transactionText": "", "filerName": "Jalan (Vaishnavi)", "filerRelation": "Promoter", "moneyText": "", "startDate": "2018-10-11", "ownership": "D"}, {"maxAge": 1, "shares": 4358, "filerUrl": "", "transactionText": "", "filerName": "Jalan (Avayaan Vikram)", "filerRelation": "Promoter", "moneyText": "", "startDate": "2018-10-09", "ownership": "D"}, {"maxAge": 1, "shares": 2351, "filerUrl": "", "transactionText": "", "filerName": "Jalan (Vaishnavi)", "filerRelation": "Promoter", "moneyText": "", "startDate": "2018-10-09", "ownership": "D"}, {"maxAge": 1, "shares": 1142, "filerUrl": "", "transactionText": "", "filerName": "Jalan (Avayaan Vikram)", "filerRelation": "Promoter", "moneyText": "", "startDate": "2018-10-08", "ownership": "D"}, {"maxAge": 1, "shares": 15000, "filerUrl": "", "transactionText": "", "filerName": "Vidula Consultancy Services Ltd", "filerRelation": "Promoter", "moneyText": "", "startDate": "2018-03-15", "ownership": "D"}, {"maxAge": 1, "shares": 1100, "filerUrl": "", "transactionText": "", "filerName": "Jalan (Vidula)", "filerRelation": "Director (Executive)", "moneyText": "", "startDate": "2017-09-25", "ownership": "D"}, {"maxAge": 1, "shares": 29060, "filerUrl": "", "transactionText": "", "filerName": "Jalan (Anshuman V)", "filerRelation": "Director (Executive)", "moneyText": "", "startDate": "2017-09-06", "ownership": "D"}, {"maxAge": 1, "shares": 940, "filerUrl": "", "transactionText": "", "filerName": "Jalan (Anshuman V)", "filerRelation": "Director (Executive)", "moneyText": "", "startDate": "2017-09-06", "ownership": "D"}, {"maxAge": 1, "shares": 12745, "filerUrl": "", "transactionText": "", "filerName": "Jalan (Vidula)", "filerRelation": "Director (Executive)", "moneyText": "", "startDate": "2017-09-06", "ownership": "D"}, {"maxAge": 1, "shares": 26427, "filerUrl": "", "transactionText": "", "filerName": "Jalan (Vidula)", "filerRelation": "Director (Executive)", "moneyText": "", "startDate": "2017-08-28", "ownership": "D"}, {"maxAge": 1, "shares": 2250, "filerUrl": "", "transactionText": "", "filerName": "Vidula Consultancy Services Ltd", "filerRelation": "Promoter", "moneyText": "", "startDate": "2015-09-21", "ownership": "D"}, {"maxAge": 1, "shares": 2086, "filerUrl": "", "transactionText": "", "filerName": "Jalan (Vidula)", "filerRelation": "Wholetime Director", "moneyText": "", "startDate": "2015-08-12", "ownership": "D"}, {"maxAge": 1, "shares": 5000, "filerUrl": "", "transactionText": "", "filerName": "Jalan (Vidula)", "filerRelation": "Wholetime Director", "moneyText": "", "startDate": "2015-08-11", "ownership": "D"}, {"maxAge": 1, "shares": 3291, "filerUrl": "", "transactionText": "", "filerName": "Jalan (Vidula)", "filerRelation": "Wholetime Director", "moneyText": "", "startDate": "2015-06-17", "ownership": "D"}, {"maxAge": 1, "shares": 7856, "filerUrl": "", "transactionText": "", "filerName": "Jalan (Vidula)", "filerRelation": "Wholetime Director", "moneyText": "", "startDate": "2015-06-16", "ownership": "D"}, {"maxAge": 1, "shares": 5767, "filerUrl": "", "transactionText": "", "filerName": "Jalan (Vidula)", "filerRelation": "Wholetime Director", "moneyText": "", "startDate": "2015-06-15", "ownership": "D"}, {"maxAge": 1, "shares": 3500, "filerUrl": "", "transactionText": "", "filerName": "Birla (Basant Kumar)", "filerRelation": "Promoter", "moneyText": "", "startDate": "2015-04-29", "ownership": "D"}, {"maxAge": 1, "shares": 600, "filerUrl": "", "transactionText": "", "filerName": "Jalan (Amar Kumar)", "filerRelation": "UNREPORTED", "moneyText": "", "startDate": "2013-09-18", "ownership": "D"}, {"maxAge": 1, "shares": 412, "filerUrl": "", "transactionText": "", "filerName": "Jalan (Anshuman V)", "filerRelation": "Wholetime Director", "moneyText": "", "startDate": "2013-02-25", "ownership": "D"}, {"maxAge": 1, "shares": 4588, "filerUrl": "", "transactionText": "", "filerName": "Jalan (Anshuman V)", "filerRelation": "Wholetime Director", "moneyText": "", "startDate": "2013-02-22", "ownership": "D"}, {"maxAge": 1, "shares": 4547, "filerUrl": "", "transactionText": "", "filerName": "Jalan (Vidula)", "filerRelation": "Wholetime Director", "moneyText": "", "startDate": "2013-02-19", "ownership": "D"}, {"maxAge": 1, "shares": 3634, "filerUrl": "", "transactionText": "", "filerName": "Jalan (Vidula)", "filerRelation": "Wholetime Director", "moneyText": "", "startDate": "2013-02-18", "ownership": "D"}, {"maxAge": 1, "shares": 445, "filerUrl": "", "transactionText": "", "filerName": "Jalan (Vidula)", "filerRelation": "Wholetime Director", "moneyText": "", "startDate": "2011-08-17", "ownership": "D"}, {"maxAge": 1, "shares": 374, "filerUrl": "", "transactionText": "", "filerName": "Jalan (Anshuman V)", "filerRelation": "Director", "moneyText": "", "startDate": "2011-08-16", "ownership": "D"}, {"maxAge": 1, "shares": 4555, "filerUrl": "", "transactionText": "", "filerName": "Jalan (Vidula)", "filerRelation": "Wholetime Director", "moneyText": "", "startDate": "2011-08-16", "ownership": "D"}, {"maxAge": 1, "shares": 4626, "filerUrl": "", "transactionText": "", "filerName": "Jalan (Anshuman V)", "filerRelation": "Director", "moneyText": "", "startDate": "2011-08-12", "ownership": "D"}, {"maxAge": 1, "shares": 1594, "filerUrl": "", "transactionText": "", "filerName": "Kesoram Industries Ltd", "filerRelation": "Institution- Corporation", "moneyText": "", "startDate": "2011-03-01", "ownership": "D"}, {"maxAge": 1, "shares": 5481, "filerUrl": "", "transactionText": "", "filerName": "Kesoram Industries Ltd", "filerRelation": "Institution- Corporation", "moneyText": "", "startDate": "2011-02-28", "ownership": "D"}, {"maxAge": 1, "shares": 1831007, "filerUrl": "", "transactionText": "", "filerName": "Kesoram Industries Ltd", "filerRelation": "Institution- Corporation", "moneyText": "", "startDate": "2011-02-25", "ownership": "D"}, {"maxAge": 1, "shares": 700, "filerUrl": "", "transactionText": "", "filerName": "Jalan (Vidula)", "filerRelation": "Director", "moneyText": "", "startDate": "2011-02-01", "ownership": "D"}, {"maxAge": 1, "shares": 7119, "filerUrl": "", "transactionText": "", "filerName": "Jalan (Vidula)", "filerRelation": "Director", "moneyText": "", "startDate": "2011-01-31", "ownership": "D"}, {"maxAge": 1, "shares": 30000, "filerUrl": "", "transactionText": "", "filerName": "Kesoram Industries Ltd", "filerRelation": "Institution- Corporation", "moneyText": "", "startDate": "2010-11-18", "ownership": "D"}, {"maxAge": 1, "shares": 15000, "filerUrl": "", "transactionText": "", "filerName": "Kesoram Industries Ltd", "filerRelation": "Institution- Corporation", "moneyText": "", "startDate": "2010-11-16", "ownership": "D"}], "maxAge": 1}, "sectorTrend": {"maxAge": 1, "symbol": null, "estimates": []}, "incomeStatementHistoryQuarterly": {"incomeStatementHistory": [{"maxAge": 1, "endDate": "2020-12-31", "totalRevenue": 3404911000, "costOfRevenue": 1181742000, "grossProfit": 2223169000, "researchDevelopment": {}, "sellingGeneralAdministrative": 1213176000, "nonRecurring": {}, "otherOperatingExpenses": 225839000, "totalOperatingExpenses": 2759179000, "operatingIncome": 645732000, "totalOtherIncomeExpenseNet": -73089000, "ebit": 645732000, "interestExpense": -155748000, "incomeBeforeTax": 572643000, "incomeTaxExpense": 198110000, "minorityInterest": {}, "netIncomeFromContinuingOps": 374533000, "discontinuedOperations": {}, "extraordinaryItems": {}, "effectOfAccountingCharges": {}, "otherItems": {}, "netIncome": 374533000, "netIncomeApplicableToCommonShares": 374533000}, {"maxAge": 1, "endDate": "2020-09-30", "totalRevenue": 3207269000, "costOfRevenue": 1254098000, "grossProfit": 1953171000, "researchDevelopment": {}, "sellingGeneralAdministrative": 1158533000, "nonRecurring": {}, "otherOperatingExpenses": 242485000, "totalOperatingExpenses": 2813655000, "operatingIncome": 393614000, "totalOtherIncomeExpenseNet": -65402000, "ebit": 393614000, "interestExpense": -158112000, "incomeBeforeTax": 328212000, "incomeTaxExpense": 114934000, "minorityInterest": {}, "netIncomeFromContinuingOps": 213278000, "discontinuedOperations": {}, "extraordinaryItems": {}, "effectOfAccountingCharges": {}, "otherItems": {}, "netIncome": 213278000, "netIncomeApplicableToCommonShares": 213278000}, {"maxAge": 1, "endDate": "2020-06-30", "totalRevenue": 2262237000, "costOfRevenue": 876090000, "grossProfit": 1386147000, "researchDevelopment": {}, "sellingGeneralAdministrative": 817089000, "nonRecurring": {}, "otherOperatingExpenses": 104303000, "totalOperatingExpenses": 1953933000, "operatingIncome": 308304000, "totalOtherIncomeExpenseNet": -94615000, "ebit": 308304000, "interestExpense": -163607000, "incomeBeforeTax": 213689000, "incomeTaxExpense": 75720000, "minorityInterest": {}, "netIncomeFromContinuingOps": 137969000, "discontinuedOperations": {}, "extraordinaryItems": {}, "effectOfAccountingCharges": {}, "otherItems": {}, "netIncome": 137969000, "netIncomeApplicableToCommonShares": 137969000}, {"maxAge": 1, "endDate": "2020-03-31", "totalRevenue": 2967989000, "costOfRevenue": -2249476000, "grossProfit": 5217465000, "researchDevelopment": {}, "sellingGeneralAdministrative": -2216917000, "nonRecurring": {}, "otherOperatingExpenses": 6972768000, "totalOperatingExpenses": 2632098000, "operatingIncome": 335891000, "totalOtherIncomeExpenseNet": -101529000, "ebit": 335891000, "interestExpense": -31804000, "incomeBeforeTax": 234362000, "incomeTaxExpense": 79208000, "minorityInterest": {}, "netIncomeFromContinuingOps": 155154000, "discontinuedOperations": {}, "extraordinaryItems": {}, "effectOfAccountingCharges": {}, "otherItems": {}, "netIncome": 155154000, "netIncomeApplicableToCommonShares": 155154000}], "maxAge": 86400}, "cashflowStatementHistoryQuarterly": {"cashflowStatements": [{"maxAge": 1, "endDate": "2020-12-31", "netIncome": 374533000, "changeToLiabilities": 0}, {"maxAge": 1, "endDate": "2020-09-30", "netIncome": 213278000, "changeToLiabilities": 0}, {"maxAge": 1, "endDate": "2020-06-30", "netIncome": 137969000, "changeToLiabilities": 0}, {"maxAge": 1, "endDate": "2020-03-31", "netIncome": 155154000, "changeToLiabilities": 0}], "maxAge": 86400}, "earnings": {"maxAge": 86400, "earningsChart": {"quarterly": [{"date": "2Q2017", "actual": 4.54, "estimate": 5.8}, {"date": "3Q2017", "actual": 0.4, "estimate": 1.3}, {"date": "4Q2017", "actual": 1.01, "estimate": 0.6}, {"date": "1Q2018", "actual": -1.69, "estimate": 1.6}], "currentQuarterEstimateDate": "2Q", "currentQuarterEstimateYear": 2018, "earningsDate": []}, "financialsChart": {"yearly": [{"date": 2017, "revenue": 9047483000, "earnings": 366347000}, {"date": 2018, "revenue": 10796598000, "earnings": 113819000}, {"date": 2019, "revenue": 11995965000, "earnings": -97372000}, {"date": 2020, "revenue": 12282510000, "earnings": 759021000}], "quarterly": [{"date": "1Q2020", "revenue": 2967989000, "earnings": 155154000}, {"date": "2Q2020", "revenue": 2262237000, "earnings": 137969000}, {"date": "3Q2020", "revenue": 3207269000, "earnings": 213278000}, {"date": "4Q2020", "revenue": 3404911000, "earnings": 374533000}]}, "financialCurrency": "INR"}, "financialData": {"maxAge": 86400, "currentPrice": 273.95, "targetHighPrice": 420.0, "targetLowPrice": 275.0, "targetMeanPrice": 352.0, "targetMedianPrice": 370.0, "recommendationMean": 2.2, "recommendationKey": "buy", "numberOfAnalystOpinions": 5, "totalCash": 2346087936, "totalCashPerShare": 87.884, "ebitda": 2165024000, "totalDebt": 5016484864, "totalRevenue": 11842406400, "debtToEquity": 82.472, "revenuePerShare": 443.68, "grossProfits": 10859338000, "earningsGrowth": 2.011, "revenueGrowth": 0.102, "grossMargins": 0.91028, "ebitdaMargins": 0.18281999, "operatingMargins": 0.14216, "profitMargins": 0.07439, "financialCurrency": "INR"}}}