{"MANGIND.BO": {"cashflowStatementHistory": {"cashflowStatements": [{"maxAge": 1, "endDate": "2020-03-31", "netIncome": -1325800, "depreciation": 1500, "changeToNetincome": 232400, "changeToLiabilities": 0, "changeToOperatingActivities": 3492200, "totalCashFromOperatingActivities": 2400300, "otherCashflowsFromInvestingActivities": -380000, "totalCashflowsFromInvestingActivities": -10782000, "changeInCash": -8381700}, {"maxAge": 1, "endDate": "2019-03-31", "netIncome": 267987, "depreciation": 9760, "changeToNetincome": -961464, "changeToLiabilities": 0, "changeToOperatingActivities": -2196783, "totalCashFromOperatingActivities": -2880500, "otherCashflowsFromInvestingActivities": -380000, "totalCashflowsFromInvestingActivities": -10782000, "changeInCash": -2880500}, {"maxAge": 1, "endDate": "2018-03-31", "netIncome": 2924683, "depreciation": 26492, "changeToNetincome": -1780380, "changeToLiabilities": 0, "changeToOperatingActivities": 30613188, "totalCashFromOperatingActivities": 31783983, "investments": -32733400, "otherCashflowsFromInvestingActivities": -380000, "totalCashflowsFromInvestingActivities": -32733400, "changeInCash": -949417}, {"maxAge": 1, "endDate": "2017-03-31", "netIncome": 3194349, "depreciation": 41884, "changeToNetincome": -438992, "changeToLiabilities": 0, "changeToInventory": 2924075, "changeToOperatingActivities": -19888067, "totalCashFromOperatingActivities": -14166751, "capitalExpenditures": -78383, "investments": 22000000, "otherCashflowsFromInvestingActivities": 6100, "totalCashflowsFromInvestingActivities": 21927717, "changeInCash": 7760966}], "maxAge": 86400}, "institutionOwnership": {"ownershipList": [], "maxAge": 1}, "balanceSheetHistoryQuarterly": {"balanceSheetStatements": [{"maxAge": 1, "endDate": "2020-06-30", "totalStockholderEquity": 340202000, "netTangibleAssets": 340202000}, {"maxAge": 1, "endDate": "2020-03-31", "cash": 743600, "netReceivables": 268579700, "totalCurrentAssets": 269323300, "longTermInvestments": 80486300, "propertyPlantEquipment": 4200, "otherAssets": 496600, "deferredLongTermAssetCharges": 496600, "totalAssets": 350310400, "otherCurrentLiab": 10108500, "otherLiab": -100, "totalCurrentLiabilities": 10108500, "totalLiab": 10108400, "commonStock": 961643500, "treasuryStock": -621441500, "otherStockholderEquity": -621441500, "totalStockholderEquity": 340202000, "netTangibleAssets": 340202000}, {"maxAge": 1, "endDate": "2019-12-31", "totalStockholderEquity": 338247100, "netTangibleAssets": 338247100}, {"maxAge": 1, "endDate": "2019-09-30", "cash": 243800, "netReceivables": 263856300, "totalCurrentAssets": 264100100, "longTermInvestments": 88776300, "propertyPlantEquipment": 4900, "otherAssets": 496700, "deferredLongTermAssetCharges": 496600, "totalAssets": 353378000, "otherLiab": 15130900, "totalLiab": 15130900, "commonStock": 961643500, "treasuryStock": -623396400, "otherStockholderEquity": -623396400, "totalStockholderEquity": 338247100, "netTangibleAssets": 338247100}], "maxAge": 86400}, "indexTrend": {"maxAge": 1, "symbol": "SP5", "peRatio": 19.7411, "pegRatio": 1.34172, "estimates": [{"period": "0q", "growth": 0.549}, {"period": "+1q", "growth": 0.431}, {"period": "0y", "growth": 0.305}, {"period": "+1y", "growth": 0.109}, {"period": "+5y", "growth": 0.120859005}, {"period": "-5y"}]}, "insiderTransactions": {"transactions": [{"maxAge": 1, "shares": 3900000, "filerUrl": "", "transactionText": "", "filerName": "Apanapan Distributors LLP", "filerRelation": "Promoter", "moneyText": "", "startDate": "2017-02-16", "ownership": "D"}, {"maxAge": 1, "shares": 4611900, "filerUrl": "", "transactionText": "", "filerName": "Response Securities Pvt Ltd", "filerRelation": "Promoter", "moneyText": "", "startDate": "2017-02-16", "ownership": "D"}, {"maxAge": 1, "shares": 24100, "filerUrl": "", "transactionText": "", "filerName": "Daga (Ramesh Chandra)", "filerRelation": "Managing Director", "moneyText": "", "startDate": "2014-08-07", "ownership": "D"}, {"maxAge": 1, "shares": 55000, "filerUrl": "", "transactionText": "", "filerName": "Daga (Ramesh Chandra)", "filerRelation": "Managing Director", "moneyText": "", "startDate": "2014-08-06", "ownership": "D"}, {"maxAge": 1, "shares": 79100, "filerUrl": "", "transactionText": "", "filerName": "Response Securities Pvt Ltd", "filerRelation": "UNREPORTED", "moneyText": "", "startDate": "2014-08-06", "ownership": "D"}], "maxAge": 1}, "quoteType": {"exchange": "BSE", "quoteType": "EQUITY", "symbol": "MANGIND.BO", "underlyingSymbol": "MANGIND.BO", "shortName": "MANGALAM INDUSTRIAL FINANCE LT", "longName": "Mangalam Industrial Finance Limited", "firstTradeDateEpochUtc": "2014-03-25 09:15:00", "timeZoneFullName": "Asia/Kolkata", "timeZoneShortName": "IST", "uuid": "4ff96aea-4ed9-3e2d-91c1-5291aad3b7be", "gmtOffSetMilliseconds": 19800000, "maxAge": 1}, "incomeStatementHistory": {"incomeStatementHistory": [{"maxAge": 1, "endDate": "2020-03-31", "totalRevenue": 22160500, "costOfRevenue": 0, "grossProfit": 22160500, "researchDevelopment": {}, "sellingGeneralAdministrative": 916000, "nonRecurring": {}, "otherOperatingExpenses": 22556300, "totalOperatingExpenses": 23473800, "operatingIncome": -1313300, "totalOtherIncomeExpenseNet": 0, "ebit": 0, "interestExpense": {}, "incomeBeforeTax": -1313300, "incomeTaxExpense": 12500, "minorityInterest": {}, "netIncomeFromContinuingOps": -1325800, "discontinuedOperations": {}, "extraordinaryItems": {}, "effectOfAccountingCharges": {}, "otherItems": {}, "netIncome": -1325800, "netIncomeApplicableToCommonShares": -1325800}, {"maxAge": 1, "endDate": "2019-03-31", "totalRevenue": 38306273, "costOfRevenue": 36109800, "grossProfit": 2196473, "researchDevelopment": {}, "sellingGeneralAdministrative": 928942, "nonRecurring": {}, "otherOperatingExpenses": 983227, "totalOperatingExpenses": 38031729, "operatingIncome": 274544, "totalOtherIncomeExpenseNet": 85496, "ebit": 0, "interestExpense": {}, "incomeBeforeTax": 360040, "incomeTaxExpense": 92053, "minorityInterest": {}, "netIncomeFromContinuingOps": 267987, "discontinuedOperations": {}, "extraordinaryItems": {}, "effectOfAccountingCharges": {}, "otherItems": {}, "netIncome": 267987, "netIncomeApplicableToCommonShares": 267987}, {"maxAge": 1, "endDate": "2018-03-31", "totalRevenue": 70091851, "costOfRevenue": 63508844, "grossProfit": 6583007, "researchDevelopment": {}, "sellingGeneralAdministrative": 1227669, "nonRecurring": {}, "otherOperatingExpenses": 1390112, "totalOperatingExpenses": 66153117, "operatingIncome": 3938734, "totalOtherIncomeExpenseNet": 0, "ebit": 0, "interestExpense": {}, "incomeBeforeTax": 3938734, "incomeTaxExpense": 1014051, "minorityInterest": {}, "netIncomeFromContinuingOps": 2924683, "discontinuedOperations": {}, "extraordinaryItems": {}, "effectOfAccountingCharges": {}, "otherItems": {}, "netIncome": 2924683, "netIncomeApplicableToCommonShares": 2924683}, {"maxAge": 1, "endDate": "2017-03-31", "totalRevenue": 80245082, "costOfRevenue": 73270279, "grossProfit": 6974803, "researchDevelopment": {}, "sellingGeneralAdministrative": 1318693, "nonRecurring": {}, "otherOperatingExpenses": 1095218, "totalOperatingExpenses": 75726074, "operatingIncome": 4519008, "totalOtherIncomeExpenseNet": 35949, "ebit": 0, "interestExpense": {}, "incomeBeforeTax": 4554957, "incomeTaxExpense": 1360608, "minorityInterest": {}, "netIncomeFromContinuingOps": 3194349, "discontinuedOperations": {}, "extraordinaryItems": {}, "effectOfAccountingCharges": {}, "otherItems": {}, "netIncome": 3194349, "netIncomeApplicableToCommonShares": 3194349}], "maxAge": 86400}, "fundOwnership": {"ownershipList": [], "maxAge": 1}, "summaryDetail": {"maxAge": 1, "priceHint": 4, "previousClose": 0.74, "open": 0.73, "dayLow": 0.73, "dayHigh": 0.74, "regularMarketPreviousClose": 0.74, "regularMarketOpen": 0.73, "regularMarketDayLow": 0.73, "regularMarketDayHigh": 0.74, "volume": 265728, "regularMarketVolume": 265728, "averageVolume": 142641, "averageVolume10days": 78020, "averageDailyVolume10Day": 78020, "bid": 0.0, "ask": 0.73, "bidSize": 0, "askSize": 0, "marketCap": 702000192, "fiftyTwoWeekLow": 0.18, "fiftyTwoWeekHigh": 0.81, "fiftyDayAverage": 0.74939394, "twoHundredDayAverage": 0.44992647, "currency": "INR", "fromCurrency": null, "lastMarket": null, "algorithm": null, "tradeable": false}, "incomeStatementHistoryQuarterly": {"incomeStatementHistory": [{"maxAge": 1, "endDate": "2020-06-30", "totalRevenue": 6324100, "costOfRevenue": 0, "grossProfit": 6324100, "researchDevelopment": {}, "sellingGeneralAdministrative": 217500, "nonRecurring": {}, "otherOperatingExpenses": 9600, "totalOperatingExpenses": 227100, "operatingIncome": 6097000, "totalOtherIncomeExpenseNet": 0, "ebit": 0, "interestExpense": {}, "incomeBeforeTax": 6097000, "incomeTaxExpense": 0, "minorityInterest": {}, "netIncomeFromContinuingOps": 6097000, "discontinuedOperations": {}, "extraordinaryItems": {}, "effectOfAccountingCharges": {}, "otherItems": {}, "netIncome": 6097000, "netIncomeApplicableToCommonShares": 6097000}, {"maxAge": 1, "endDate": "2020-03-31", "totalRevenue": 4687800, "costOfRevenue": 0, "grossProfit": 4687800, "researchDevelopment": {}, "sellingGeneralAdministrative": 220000, "nonRecurring": {}, "otherOperatingExpenses": 7474000, "totalOperatingExpenses": 7694400, "operatingIncome": -3006600, "totalOtherIncomeExpenseNet": 0, "ebit": 0, "interestExpense": {}, "incomeBeforeTax": -3006600, "incomeTaxExpense": 0, "minorityInterest": {}, "netIncomeFromContinuingOps": -3006600, "discontinuedOperations": {}, "extraordinaryItems": {}, "effectOfAccountingCharges": {}, "otherItems": {}, "netIncome": -3006600, "netIncomeApplicableToCommonShares": -3006600}, {"maxAge": 1, "endDate": "2019-12-31", "totalRevenue": 5595100, "costOfRevenue": 0, "grossProfit": 5595100, "researchDevelopment": {}, "sellingGeneralAdministrative": 225000, "nonRecurring": {}, "otherOperatingExpenses": 382200, "totalOperatingExpenses": 607600, "operatingIncome": 4987500, "totalOtherIncomeExpenseNet": 0, "ebit": 0, "interestExpense": {}, "incomeBeforeTax": 4987500, "incomeTaxExpense": 0, "minorityInterest": {}, "netIncomeFromContinuingOps": 4987500, "discontinuedOperations": {}, "extraordinaryItems": {}, "effectOfAccountingCharges": {}, "otherItems": {}, "netIncome": 4987500, "netIncomeApplicableToCommonShares": 4987500}, {"maxAge": 1, "endDate": "2019-09-30", "totalRevenue": 5974200, "costOfRevenue": 0, "grossProfit": 5974200, "researchDevelopment": {}, "sellingGeneralAdministrative": 225000, "nonRecurring": {}, "otherOperatingExpenses": 14049600, "totalOperatingExpenses": 14275000, "operatingIncome": -8300800, "totalOtherIncomeExpenseNet": 0, "ebit": 0, "interestExpense": {}, "incomeBeforeTax": -8300800, "incomeTaxExpense": 12500, "minorityInterest": {}, "netIncomeFromContinuingOps": -8313300, "discontinuedOperations": {}, "extraordinaryItems": {}, "effectOfAccountingCharges": {}, "otherItems": {}, "netIncome": -8313300, "netIncomeApplicableToCommonShares": -8313300}], "maxAge": 86400}, "cashflowStatementHistoryQuarterly": {"cashflowStatements": [{"maxAge": 1, "endDate": "2020-06-30", "netIncome": 6097000, "changeToLiabilities": 0}, {"maxAge": 1, "endDate": "2020-03-31", "netIncome": -3006600, "changeToLiabilities": 0}, {"maxAge": 1, "endDate": "2019-12-31", "netIncome": 4987500, "changeToLiabilities": 0}, {"maxAge": 1, "endDate": "2019-09-30", "netIncome": -8313300, "changeToLiabilities": 0}], "maxAge": 86400}, "insiderHolders": {"holders": [{"maxAge": 1, "name": "Apanapan Distributors LLP", "relation": "Promoter", "url": "", "transactionDescription": "Sale", "latestTransDate": "2017-02-16", "positionDirect": 0, "positionDirectDate": "2017-02-16"}, {"maxAge": 1, "name": "Daga (Ramesh Chandra)", "relation": "Managing Director", "url": "", "transactionDescription": "Sale", "latestTransDate": "2014-08-07", "positionDirect": 0, "positionDirectDate": "2014-08-07"}, {"maxAge": 1, "name": "Response Securities Pvt Ltd", "relation": "Promoter", "url": "", "transactionDescription": "Acquisition", "latestTransDate": "2017-02-16", "positionDirect": 4691000, "positionDirectDate": "2017-02-16"}], "maxAge": 1}, "calendarEvents": {"maxAge": 1, "earnings": {"earningsDate": ["2020-09-15 05:30:S"]}}, "upgradeDowngradeHistory": {"history": [], "maxAge": 86400}, "price": {"maxAge": 1, "regularMarketChangePercent": -0.013513501, "regularMarketChange": -0.00999999, "regularMarketTime": "2021-04-30 15:26:48", "priceHint": 4, "regularMarketPrice": 0.73, "regularMarketDayHigh": 0.74, "regularMarketDayLow": 0.73, "regularMarketVolume": 265728, "averageDailyVolume10Day": 78020, "averageDailyVolume3Month": 142641, "regularMarketPreviousClose": 0.74, "regularMarketSource": "FREE_REALTIME", "regularMarketOpen": 0.73, "exchange": "BSE", "exchangeName": "BSE", "exchangeDataDelayedBy": 0, "marketState": "CLOSED", "quoteType": "EQUITY", "symbol": "MANGIND.BO", "underlyingSymbol": null, "shortName": "MANGALAM INDUSTRIAL FINANCE LT", "longName": "Mangalam Industrial Finance Limited", "currency": "INR", "quoteSourceName": "Delayed Quote", "currencySymbol": "\u20b9", "fromCurrency": null, "lastMarket": null, "marketCap": 702000192}, "balanceSheetHistory": {"balanceSheetStatements": [{"maxAge": 1, "endDate": "2020-03-31", "cash": 743600, "netReceivables": 268579700, "totalCurrentAssets": 269323300, "longTermInvestments": 80486300, "propertyPlantEquipment": 4200, "otherAssets": 496600, "deferredLongTermAssetCharges": 496600, "totalAssets": 350310400, "otherLiab": 10108400, "totalLiab": 10108400, "commonStock": 961643500, "treasuryStock": -621441500, "otherStockholderEquity": -621441500, "totalStockholderEquity": 340202000, "netTangibleAssets": 340202000}, {"maxAge": 1, "endDate": "2019-03-31", "cash": 9125368, "netReceivables": 253863073, "otherCurrentAssets": 3934593, "totalCurrentAssets": 266923034, "longTermInvestments": 702100000, "propertyPlantEquipment": 5692, "otherAssets": 1653, "deferredLongTermAssetCharges": 1652, "totalAssets": 969030379, "otherCurrentLiab": 6314262, "totalCurrentLiabilities": 6357832, "totalLiab": 6357832, "commonStock": 961643500, "retainedEarnings": -2361367, "treasuryStock": 3390414, "otherStockholderEquity": 3390414, "totalStockholderEquity": 962672547, "netTangibleAssets": 962672547}, {"maxAge": 1, "endDate": "2018-03-31", "cash": 12005868, "netReceivables": 251655392, "otherCurrentAssets": 3036515, "totalCurrentAssets": 266697775, "longTermInvestments": 702100000, "propertyPlantEquipment": 15452, "totalAssets": 968813227, "otherCurrentLiab": 6373611, "otherLiab": 533, "totalCurrentLiabilities": 6402611, "totalLiab": 6403144, "commonStock": 961643500, "retainedEarnings": -2570234, "treasuryStock": 3336817, "otherStockholderEquity": 3336817, "totalStockholderEquity": 962410083, "netTangibleAssets": 962410083}, {"maxAge": 1, "endDate": "2017-03-31", "cash": 12955285, "netReceivables": 282306388, "otherCurrentAssets": 1196936, "totalCurrentAssets": 296458609, "longTermInvestments": 669366600, "propertyPlantEquipment": 41944, "totalAssets": 965867153, "otherCurrentLiab": 1003066, "otherLiab": 2534, "totalCurrentLiabilities": 1066146, "totalLiab": 1068680, "commonStock": 961643500, "retainedEarnings": 403093, "treasuryStock": 2751880, "otherStockholderEquity": 2751880, "totalStockholderEquity": 964798473, "netTangibleAssets": 964798473}], "maxAge": 86400}, "financialData": {"maxAge": 86400, "currentPrice": 0.73, "recommendationKey": "none", "grossProfits": 22160500, "financialCurrency": "INR"}}}