{"MANGALAM.NS": {"assetProfile": {"address1": "Rupam Building", "address2": "3rd Floor 239, P. D\u00e2\u0080\u0099 Mello Road Near GPO", "city": "Mumbai", "zip": "400001", "country": "India", "phone": "91 22 2261 6200", "fax": "91 22 2261 9090", "website": "http://www.mangalamdrugs.com", "industry": "Drug Manufacturers\u2014Specialty & Generic", "sector": "Healthcare", "longBusinessSummary": "Mangalam Drugs & Organics Limited manufactures and sells drugs, medicines, and allied products in India and internationally. It offers a range of active pharmaceutical ingredients, intermediates, and specialty chemicals, as well as impurities for use in anti-malarial, analgesic/anti-inflammatory, anti-hypertensive, and anti-retroviral applications. Mangalam Drugs & Organics Limited was incorporated in 1972 and is based in Mumbai, India.", "fullTimeEmployees": 387, "companyOfficers": [{"maxAge": 1, "name": "Mr. Govardhan Murlidhar Dhoot", "age": 67, "title": "Chairman & MD", "yearBorn": 1953, "fiscalYear": 2020, "totalPay": 4800010, "exercisedValue": 0, "unexercisedValue": 0}, {"maxAge": 1, "name": "Mr. Ajay  Samant", "title": "Chief Financial Officer", "fiscalYear": 2020, "totalPay": 2303000, "exercisedValue": 0, "unexercisedValue": 0}, {"maxAge": 1, "name": "Ms. Geeta G. Karira", "title": "Company Sec. & Compliance Officer", "fiscalYear": 2020, "totalPay": 571870, "exercisedValue": 0, "unexercisedValue": 0}, {"maxAge": 1, "name": "Mr. Brijmohan Murlidhar Dhoot", "age": 69, "title": "Exec. Director", "yearBorn": 1951, "fiscalYear": 2020, "totalPay": 600000, "exercisedValue": 0, "unexercisedValue": 0}], "compensationAsOfEpochDate": "2020-12-31 05:30:00", "maxAge": 86400}, "cashflowStatementHistory": {"cashflowStatements": [{"maxAge": 1, "endDate": "2020-03-31", "netIncome": 82525000, "depreciation": 76752000, "changeToNetincome": 84362000, "changeToAccountReceivables": -223522000, "changeToLiabilities": 241799000, "changeToInventory": 86105000, "changeToOperatingActivities": -47976000, "totalCashFromOperatingActivities": 305471000, "capitalExpenditures": -69320000, "investments": 166000, "otherCashflowsFromInvestingActivities": 4000, "totalCashflowsFromInvestingActivities": -68726000, "netBorrowings": -130740000, "otherCashflowsFromFinancingActivities": -104048000, "totalCashFromFinancingActivities": -234788000, "changeInCash": 1957000}, {"maxAge": 1, "endDate": "2019-03-31", "netIncome": -80308000, "depreciation": 75125000, "changeToNetincome": 109985000, "changeToAccountReceivables": 275770000, "changeToLiabilities": -52116000, "changeToInventory": -133190000, "changeToOperatingActivities": 21661000, "totalCashFromOperatingActivities": 216927000, "capitalExpenditures": -93388000, "investments": 166000, "otherCashflowsFromInvestingActivities": 201000, "totalCashflowsFromInvestingActivities": -92559000, "netBorrowings": -27907000, "otherCashflowsFromFinancingActivities": -86430000, "totalCashFromFinancingActivities": -114337000, "changeInCash": 10031000}, {"maxAge": 1, "endDate": "2018-03-31", "netIncome": 198896000, "depreciation": 64098000, "changeToNetincome": 149261000, "changeToAccountReceivables": -83910000, "changeToLiabilities": 168496000, "changeToInventory": -306952000, "changeToOperatingActivities": 54290000, "totalCashFromOperatingActivities": 245763000, "capitalExpenditures": -159946000, "investments": 66000, "otherCashflowsFromInvestingActivities": 216000, "totalCashflowsFromInvestingActivities": -159549000, "dividendsPaid": -7874000, "netBorrowings": 37272000, "otherCashflowsFromFinancingActivities": -117581000, "totalCashFromFinancingActivities": -88183000, "changeInCash": -1969000}, {"maxAge": 1, "endDate": "2017-03-31", "netIncome": 222750000, "depreciation": 49906000, "changeToNetincome": 140217000, "changeToAccountReceivables": -96064000, "changeToLiabilities": 1005000, "changeToInventory": 100911000, "changeToOperatingActivities": 9098000, "totalCashFromOperatingActivities": 427988000, "capitalExpenditures": -395281000, "investments": -38000, "otherCashflowsFromInvestingActivities": 206000, "totalCashflowsFromInvestingActivities": -394467000, "dividendsPaid": -7874000, "netBorrowings": 58739000, "otherCashflowsFromFinancingActivities": -100365000, "totalCashFromFinancingActivities": -32201000, "changeInCash": 1320000, "issuanceOfStock": 9425000}], "maxAge": 86400}, "institutionOwnership": {"ownershipList": [], "maxAge": 1}, "majorHoldersBreakdown": {"maxAge": 1, "insidersPercentHeld": 0.50523996, "institutionsPercentHeld": 0.0, "institutionsFloatPercentHeld": 0.0, "institutionsCount": 0}, "balanceSheetHistoryQuarterly": {"balanceSheetStatements": [{"maxAge": 1, "endDate": "2020-12-31", "totalStockholderEquity": 1226526000, "netTangibleAssets": 1167302000}, {"maxAge": 1, "endDate": "2020-09-30", "cash": 9690000, "netReceivables": 572771000, "inventory": 717568000, "otherCurrentAssets": 142618000, "totalCurrentAssets": 1442647000, "longTermInvestments": 2235000, "propertyPlantEquipment": 1027364000, "intangibleAssets": 59224000, "otherAssets": 51350000, "totalAssets": 2582820000, "accountsPayable": 599438000, "shortLongTermDebt": 43444000, "otherCurrentLiab": 64370000, "longTermDebt": 53645000, "otherLiab": 122881000, "totalCurrentLiabilities": 1162279000, "totalLiab": 1356294000, "commonStock": 158282000, "treasuryStock": 1068244000, "otherStockholderEquity": 1068244000, "totalStockholderEquity": 1226526000, "netTangibleAssets": 1167302000}, {"maxAge": 1, "endDate": "2020-06-30", "totalStockholderEquity": 1039387000, "netTangibleAssets": 978028000}, {"maxAge": 1, "endDate": "2020-03-31", "cash": 16291000, "netReceivables": 399925000, "inventory": 648427000, "otherCurrentAssets": 120031000, "totalCurrentAssets": 1191747000, "longTermInvestments": 2235000, "propertyPlantEquipment": 961736000, "intangibleAssets": 61359000, "otherAssets": 89594000, "totalAssets": 2306671000, "accountsPayable": 565934000, "shortLongTermDebt": 40040000, "otherCurrentLiab": 18817000, "longTermDebt": 41728000, "otherLiab": 122881000, "totalCurrentLiabilities": 1094670000, "totalLiab": 1267284000, "commonStock": 158282000, "retainedEarnings": 653319000, "treasuryStock": 4033000, "capitalSurplus": 223753000, "otherStockholderEquity": 4033000, "totalStockholderEquity": 1039387000, "netTangibleAssets": 978028000}], "maxAge": 86400}, "indexTrend": {"maxAge": 1, "symbol": "SP5", "peRatio": 19.7411, "pegRatio": 1.34172, "estimates": [{"period": "0q", "growth": 0.549}, {"period": "+1q", "growth": 0.431}, {"period": "0y", "growth": 0.305}, {"period": "+1y", "growth": 0.109}, {"period": "+5y", "growth": 0.120865}, {"period": "-5y"}]}, "defaultKeyStatistics": {"maxAge": 1, "priceHint": 2, "enterpriseValue": 2729111808, "profitMargins": 0.08179, "floatShares": 4206417, "sharesOutstanding": 15828200, "heldPercentInsiders": 0.50523996, "heldPercentInstitutions": 0.0, "beta": 1.191868, "category": null, "bookValue": 77.439, "priceToBook": 1.8240162, "fundFamily": null, "legalType": null, "lastFiscalYearEnd": "2020-03-31 05:30:00", "nextFiscalYearEnd": "2022-03-31 05:30:00", "mostRecentQuarter": "2020-12-31 05:30:00", "earningsQuarterlyGrowth": 2.896, "netIncomeToCommon": 308707008, "trailingEps": 19.505, "lastSplitFactor": null, "enterpriseToRevenue": 0.723, "enterpriseToEbitda": 5.433}, "summaryProfile": {"address1": "Rupam Building", "address2": "3rd Floor 239, P. D\u00e2\u0080\u0099 Mello Road Near GPO", "city": "Mumbai", "zip": "400001", "country": "India", "phone": "91 22 2261 6200", "fax": "91 22 2261 9090", "website": "http://www.mangalamdrugs.com", "industry": "Drug Manufacturers\u2014Specialty & Generic", "sector": "Healthcare", "longBusinessSummary": "Mangalam Drugs & Organics Limited manufactures and sells drugs, medicines, and allied products in India and internationally. It offers a range of active pharmaceutical ingredients, intermediates, and specialty chemicals, as well as impurities for use in anti-malarial, analgesic/anti-inflammatory, anti-hypertensive, and anti-retroviral applications. Mangalam Drugs & Organics Limited was incorporated in 1972 and is based in Mumbai, India.", "fullTimeEmployees": 387, "companyOfficers": [], "maxAge": 86400}, "netSharePurchaseActivity": {"maxAge": 1, "period": "6m", "buyInfoCount": 0, "buyInfoShares": 0, "sellInfoCount": 0, "netInfoCount": 0, "netInfoShares": 0, "netPercentInsiderShares": 0.0, "totalInsiderShares": 7987260}, "insiderTransactions": {"transactions": [{"maxAge": 1, "shares": 45671, "filerUrl": "", "transactionText": "", "filerName": "Shree Kishoriju Trading Investment Pvt Ltd", "filerRelation": "Promoter", "moneyText": "", "startDate": "2015-12-17", "ownership": "D"}, {"maxAge": 1, "shares": 9319, "filerUrl": "", "transactionText": "", "filerName": "Dhoot (Chandrakanta Murlidhar)", "filerRelation": "Promoter", "moneyText": "", "startDate": "2015-12-17", "ownership": "D"}, {"maxAge": 1, "shares": 91500, "filerUrl": "", "transactionText": "", "filerName": "Shree Rasbihari Trading Investment Pvt Ltd", "filerRelation": "Promoter", "moneyText": "", "startDate": "2015-12-16", "ownership": "D"}, {"maxAge": 1, "shares": 18906, "filerUrl": "", "transactionText": "", "filerName": "Dhoot (Chandrakanta Murlidhar)", "filerRelation": "Promoter", "moneyText": "", "startDate": "2015-12-16", "ownership": "D"}, {"maxAge": 1, "shares": 62557, "filerUrl": "", "transactionText": "", "filerName": "IPCA Laboratories Ltd", "filerRelation": "UNREPORTED", "moneyText": "", "startDate": "2015-06-05", "ownership": "D"}, {"maxAge": 1, "shares": 25662, "filerUrl": "", "transactionText": "", "filerName": "Dhoot (Smita A)", "filerRelation": "Promoter", "moneyText": "", "startDate": "2014-01-31", "ownership": "D"}, {"maxAge": 1, "shares": 83999, "filerUrl": "", "transactionText": "", "filerName": "Dhoot (Goverdhan Murlidhar)", "filerRelation": "Chairman of the Board", "moneyText": "", "startDate": "2012-02-14", "ownership": "D"}, {"maxAge": 1, "shares": 91500, "filerUrl": "", "transactionText": "", "filerName": "Dhoot (Brijmohan Murlidhar)", "filerRelation": "UNREPORTED", "moneyText": "", "startDate": "2010-11-11", "ownership": "D"}, {"maxAge": 1, "shares": 172500, "filerUrl": "", "transactionText": "", "filerName": "Shree Rasbihari Trading Investment Pvt Ltd", "filerRelation": "Institution- Corporation", "moneyText": "", "startDate": "2010-11-11", "ownership": "D"}, {"maxAge": 1, "shares": 81000, "filerUrl": "", "transactionText": "", "filerName": "Dhoot (Goverdhan Murlidhar)", "filerRelation": "UNREPORTED", "moneyText": "", "startDate": "2010-11-11", "ownership": "D"}, {"maxAge": 1, "shares": 262500, "filerUrl": "", "transactionText": "", "filerName": "Shree Rasbihari Trading Investment Pvt Ltd", "filerRelation": "Institution- Corporation", "moneyText": "", "startDate": "2010-02-15", "ownership": "D"}, {"maxAge": 1, "shares": 139164, "filerUrl": "", "transactionText": "", "filerName": "Dhoot (Brijmohan Murlidhar)", "filerRelation": "UNREPORTED", "moneyText": "", "startDate": "2010-02-15", "ownership": "D"}, {"maxAge": 1, "shares": 123336, "filerUrl": "", "transactionText": "", "filerName": "Dhoot (Goverdhan Murlidhar)", "filerRelation": "UNREPORTED", "moneyText": "", "startDate": "2010-02-15", "ownership": "D"}], "maxAge": 1}, "quoteType": {"exchange": "NSI", "quoteType": "EQUITY", "symbol": "MANGALAM.NS", "underlyingSymbol": "MANGALAM.NS", "shortName": "MANGALAM DRUGS & O", "longName": "Mangalam Drugs & Organics Limited", "firstTradeDateEpochUtc": "2005-05-23 09:15:00", "timeZoneFullName": "Asia/Kolkata", "timeZoneShortName": "IST", "uuid": "29ff5c0b-896f-31f9-b11e-ef918cc34ecf", "gmtOffSetMilliseconds": 19800000, "maxAge": 1}, "incomeStatementHistory": {"incomeStatementHistory": [{"maxAge": 1, "endDate": "2020-03-31", "totalRevenue": 2823536000, "costOfRevenue": 1976931000, "grossProfit": 846605000, "researchDevelopment": {}, "sellingGeneralAdministrative": 270070000, "nonRecurring": {}, "otherOperatingExpenses": 336286000, "totalOperatingExpenses": 2665465000, "operatingIncome": 158071000, "totalOtherIncomeExpenseNet": -95550000, "ebit": 158071000, "interestExpense": -64957000, "incomeBeforeTax": 62521000, "incomeTaxExpense": -20004000, "minorityInterest": {}, "netIncomeFromContinuingOps": 82525000, "discontinuedOperations": {}, "extraordinaryItems": {}, "effectOfAccountingCharges": {}, "otherItems": {}, "netIncome": 82525000, "netIncomeApplicableToCommonShares": 82525000}, {"maxAge": 1, "endDate": "2019-03-31", "totalRevenue": 2275797000, "costOfRevenue": 1561272000, "grossProfit": 714525000, "researchDevelopment": {}, "sellingGeneralAdministrative": 265723000, "nonRecurring": {}, "otherOperatingExpenses": 349928000, "totalOperatingExpenses": 2247808000, "operatingIncome": 27989000, "totalOtherIncomeExpenseNet": -85359000, "ebit": 27989000, "interestExpense": -66156000, "incomeBeforeTax": -57370000, "incomeTaxExpense": 22938000, "minorityInterest": {}, "netIncomeFromContinuingOps": -80308000, "discontinuedOperations": {}, "extraordinaryItems": {}, "effectOfAccountingCharges": {}, "otherItems": {}, "netIncome": -80308000, "netIncomeApplicableToCommonShares": -80308000}, {"maxAge": 1, "endDate": "2018-03-31", "totalRevenue": 2793796000, "costOfRevenue": 1726236000, "grossProfit": 1067560000, "researchDevelopment": {}, "sellingGeneralAdministrative": 235629000, "nonRecurring": {}, "otherOperatingExpenses": 361650000, "totalOperatingExpenses": 2389197000, "operatingIncome": 404599000, "totalOtherIncomeExpenseNet": -111126000, "ebit": 404599000, "interestExpense": -86052000, "incomeBeforeTax": 293473000, "incomeTaxExpense": 94577000, "minorityInterest": {}, "netIncomeFromContinuingOps": 198896000, "discontinuedOperations": {}, "extraordinaryItems": {}, "effectOfAccountingCharges": {}, "otherItems": {}, "netIncome": 198896000, "netIncomeApplicableToCommonShares": 198896000}, {"maxAge": 1, "endDate": "2017-03-31", "totalRevenue": 3028856000, "costOfRevenue": 2023386000, "grossProfit": 1005470000, "researchDevelopment": {}, "sellingGeneralAdministrative": 197378000, "nonRecurring": {}, "otherOperatingExpenses": 335797000, "totalOperatingExpenses": 2606632000, "operatingIncome": 422224000, "totalOtherIncomeExpenseNet": -110417000, "ebit": 422224000, "interestExpense": -66626000, "incomeBeforeTax": 311807000, "incomeTaxExpense": 89057000, "minorityInterest": {}, "netIncomeFromContinuingOps": 222750000, "discontinuedOperations": {}, "extraordinaryItems": {}, "effectOfAccountingCharges": {}, "otherItems": {}, "netIncome": 222750000, "netIncomeApplicableToCommonShares": 222750000}], "maxAge": 86400}, "fundOwnership": {"ownershipList": [], "maxAge": 1}, "summaryDetail": {"maxAge": 1, "priceHint": 2, "previousClose": 139.95, "open": 139.95, "dayLow": 139.0, "dayHigh": 145.2, "regularMarketPreviousClose": 139.95, "regularMarketOpen": 139.95, "regularMarketDayLow": 139.0, "regularMarketDayHigh": 145.2, "exDividendDate": "2017-12-21 05:30:00", "payoutRatio": 0.0, "beta": 1.191868, "trailingPE": 7.241733, "volume": 193545, "regularMarketVolume": 193545, "averageVolume": 94214, "averageVolume10days": 72581, "averageDailyVolume10Day": 72581, "bid": 0.0, "ask": 0.0, "bidSize": 0, "askSize": 0, "marketCap": 2246129152, "fiftyTwoWeekLow": 35.15, "fiftyTwoWeekHigh": 175.7, "priceToSalesTrailing12Months": 0.59508276, "fiftyDayAverage": 111.05303, "twoHundredDayAverage": 133.37036, "trailingAnnualDividendRate": 0.0, "trailingAnnualDividendYield": 0.0, "currency": "INR", "fromCurrency": null, "lastMarket": null, "algorithm": null, "tradeable": false}, "incomeStatementHistoryQuarterly": {"incomeStatementHistory": [{"maxAge": 1, "endDate": "2020-12-31", "totalRevenue": 886873000, "costOfRevenue": 563271000, "grossProfit": 323602000, "researchDevelopment": {}, "sellingGeneralAdministrative": 74119000, "nonRecurring": {}, "otherOperatingExpenses": 123450000, "totalOperatingExpenses": 784176000, "operatingIncome": 102697000, "totalOtherIncomeExpenseNet": -10804000, "ebit": 102697000, "interestExpense": -23482000, "incomeBeforeTax": 91893000, "incomeTaxExpense": 27551000, "minorityInterest": {}, "netIncomeFromContinuingOps": 64342000, "discontinuedOperations": {}, "extraordinaryItems": {}, "effectOfAccountingCharges": {}, "otherItems": {}, "netIncome": 64342000, "netIncomeApplicableToCommonShares": 64342000}, {"maxAge": 1, "endDate": "2020-09-30", "totalRevenue": 970257000, "costOfRevenue": 609405000, "grossProfit": 360852000, "researchDevelopment": {}, "sellingGeneralAdministrative": 71317000, "nonRecurring": {}, "otherOperatingExpenses": 113326000, "totalOperatingExpenses": 816702000, "operatingIncome": 153555000, "totalOtherIncomeExpenseNet": -19200000, "ebit": 153555000, "interestExpense": -26042000, "incomeBeforeTax": 134355000, "incomeTaxExpense": 23485000, "minorityInterest": {}, "netIncomeFromContinuingOps": 110870000, "discontinuedOperations": {}, "extraordinaryItems": {}, "effectOfAccountingCharges": {}, "otherItems": {}, "netIncome": 110870000, "netIncomeApplicableToCommonShares": 110870000}, {"maxAge": 1, "endDate": "2020-06-30", "totalRevenue": 1003331500, "costOfRevenue": 669849500, "grossProfit": 333482000, "researchDevelopment": {}, "sellingGeneralAdministrative": 69990000, "nonRecurring": {}, "otherOperatingExpenses": 107301000, "totalOperatingExpenses": 868772500, "operatingIncome": 134559000, "totalOtherIncomeExpenseNet": -17116000, "ebit": 134559000, "interestExpense": -23811000, "incomeBeforeTax": 117443000, "incomeTaxExpense": 20530500, "minorityInterest": {}, "netIncomeFromContinuingOps": 96912500, "discontinuedOperations": {}, "extraordinaryItems": {}, "effectOfAccountingCharges": {}, "otherItems": {}, "netIncome": 96912500, "netIncomeApplicableToCommonShares": 96912500}, {"maxAge": 1, "endDate": "2020-03-31", "totalRevenue": 880946000, "costOfRevenue": 659827000, "grossProfit": 221119000, "researchDevelopment": {}, "sellingGeneralAdministrative": 80195000, "nonRecurring": {}, "otherOperatingExpenses": 66016000, "totalOperatingExpenses": 826999000, "operatingIncome": 53947000, "totalOtherIncomeExpenseNet": -23411000, "ebit": 53947000, "interestExpense": -23811000, "incomeBeforeTax": 30536000, "incomeTaxExpense": -20004000, "minorityInterest": {}, "netIncomeFromContinuingOps": 50540000, "discontinuedOperations": {}, "extraordinaryItems": {}, "effectOfAccountingCharges": {}, "otherItems": {}, "netIncome": 50540000, "netIncomeApplicableToCommonShares": 50540000}], "maxAge": 86400}, "cashflowStatementHistoryQuarterly": {"cashflowStatements": [{"maxAge": 1, "endDate": "2020-12-31", "netIncome": 64342000, "changeToLiabilities": 0}, {"maxAge": 1, "endDate": "2020-09-30", "netIncome": 110870000, "depreciation": 21632000, "changeToNetincome": 20549000, "changeToAccountReceivables": -86386000, "changeToLiabilities": 16752000, "changeToInventory": -34571000, "changeToOperatingActivities": 45737500, "totalCashFromOperatingActivities": 80626000, "capitalExpenditures": -53620000, "totalCashflowsFromInvestingActivities": -53459000, "netBorrowings": -6656500, "otherCashflowsFromFinancingActivities": -23811000, "totalCashFromFinancingActivities": -30467500, "changeInCash": -3300500}, {"maxAge": 1, "endDate": "2020-06-30", "netIncome": 96912500, "depreciation": 21632000, "changeToNetincome": 20549000, "changeToAccountReceivables": -86386000, "changeToLiabilities": 16752000, "changeToInventory": -34571000, "changeToOperatingActivities": 45737500, "totalCashFromOperatingActivities": 80626000, "capitalExpenditures": -53620000, "totalCashflowsFromInvestingActivities": -53459000, "netBorrowings": -6656500, "otherCashflowsFromFinancingActivities": -23811000, "totalCashFromFinancingActivities": -30467500, "changeInCash": -3300500}, {"maxAge": 1, "endDate": "2020-03-31", "netIncome": 50540000, "depreciation": 21632000, "changeToNetincome": 20549000, "changeToAccountReceivables": -86386000, "changeToLiabilities": 0, "changeToInventory": -34571000, "changeToOperatingActivities": 45737500, "totalCashFromOperatingActivities": 80626000, "capitalExpenditures": -53620000, "totalCashflowsFromInvestingActivities": -53459000, "netBorrowings": -6656500, "otherCashflowsFromFinancingActivities": -23811000, "totalCashFromFinancingActivities": -30467500, "changeInCash": -3300500}], "maxAge": 86400}, "insiderHolders": {"holders": [{"maxAge": 1, "name": "Dhoot (Brijmohan Murlidhar)", "relation": "UNREPORTED", "url": "", "transactionDescription": "Acquisition", "latestTransDate": "2010-11-11", "positionDirect": 564469, "positionDirectDate": "2010-11-11"}, {"maxAge": 1, "name": "Dhoot (Chandrakanta Murlidhar)", "relation": "Promoter", "url": "", "transactionDescription": "Sale", "latestTransDate": "2015-12-17", "positionDirect": 430067, "positionDirectDate": "2015-12-17"}, {"maxAge": 1, "name": "Dhoot (Goverdhan Murlidhar)", "relation": "Chairman of the Board", "url": "", "transactionDescription": "Acquisition", "latestTransDate": "2012-02-14", "positionDirect": 667121, "positionDirectDate": "2012-02-14"}, {"maxAge": 1, "name": "Dhoot (Smita A)", "relation": "Promoter", "url": "", "transactionDescription": "Sale", "latestTransDate": "2014-01-31", "positionDirect": 292500, "positionDirectDate": "2014-01-31"}, {"maxAge": 1, "name": "IPCA Laboratories Ltd", "relation": "UNREPORTED", "url": "", "transactionDescription": "Other", "latestTransDate": "2015-06-05", "positionDirect": 0, "positionDirectDate": "2015-06-05"}, {"maxAge": 1, "name": "Shree Kishoriju Trading Investment Pvt Ltd", "relation": "Promoter", "url": "", "transactionDescription": "Sale", "latestTransDate": "2015-12-17", "positionDirect": 1098851, "positionDirectDate": "2015-12-17"}, {"maxAge": 1, "name": "Shree Rasbihari Trading Investment Pvt Ltd", "relation": "Promoter", "url": "", "transactionDescription": "Sale", "latestTransDate": "2015-12-16", "positionDirect": 1048018, "positionDirectDate": "2015-12-16"}], "maxAge": 1}, "calendarEvents": {"maxAge": 1, "earnings": {"earningsDate": []}, "exDividendDate": "2017-12-21 05:30:00"}, "upgradeDowngradeHistory": {"history": [], "maxAge": 86400}, "price": {"maxAge": 1, "regularMarketChangePercent": 0.009289054, "regularMarketChange": 1.300003, "regularMarketTime": "2021-04-30 15:30:01", "priceHint": 2, "regularMarketPrice": 141.25, "regularMarketDayHigh": 145.2, "regularMarketDayLow": 139.0, "regularMarketVolume": 193545, "averageDailyVolume10Day": 72581, "averageDailyVolume3Month": 94214, "regularMarketPreviousClose": 139.95, "regularMarketSource": "FREE_REALTIME", "regularMarketOpen": 139.95, "exchange": "NSI", "exchangeName": "NSE", "exchangeDataDelayedBy": 15, "marketState": "CLOSED", "quoteType": "EQUITY", "symbol": "MANGALAM.NS", "underlyingSymbol": null, "shortName": "MANGALAM DRUGS & O", "longName": "Mangalam Drugs & Organics Limited", "currency": "INR", "quoteSourceName": "Delayed Quote", "currencySymbol": "\u20b9", "fromCurrency": null, "lastMarket": null, "marketCap": 2246129152}, "balanceSheetHistory": {"balanceSheetStatements": [{"maxAge": 1, "endDate": "2020-03-31", "cash": 16291000, "netReceivables": 399925000, "inventory": 648427000, "otherCurrentAssets": 120031000, "totalCurrentAssets": 1191747000, "longTermInvestments": 2235000, "propertyPlantEquipment": 961736000, "intangibleAssets": 61359000, "otherAssets": 89594000, "totalAssets": 2306671000, "accountsPayable": 565934000, "shortLongTermDebt": 40040000, "otherCurrentLiab": 18817000, "longTermDebt": 41728000, "otherLiab": 122881000, "totalCurrentLiabilities": 1094670000, "totalLiab": 1267284000, "commonStock": 158282000, "retainedEarnings": 653319000, "treasuryStock": 4033000, "capitalSurplus": 223753000, "otherStockholderEquity": 4033000, "totalStockholderEquity": 1039387000, "netTangibleAssets": 978028000}, {"maxAge": 1, "endDate": "2019-03-31", "cash": 14334000, "netReceivables": 176395000, "inventory": 734532000, "otherCurrentAssets": 119144000, "totalCurrentAssets": 1050397000, "longTermInvestments": 2401000, "propertyPlantEquipment": 999222000, "intangibleAssets": 37692000, "otherAssets": 23837000, "totalAssets": 2113549000, "accountsPayable": 324135000, "shortLongTermDebt": 37893000, "otherCurrentLiab": 2878000, "longTermDebt": 85956000, "otherLiab": 143325000, "totalCurrentLiabilities": 908148000, "totalLiab": 1156919000, "commonStock": 158282000, "retainedEarnings": 570794000, "treasuryStock": 3801000, "capitalSurplus": 223753000, "otherStockholderEquity": 3801000, "totalStockholderEquity": 956630000, "netTangibleAssets": 918938000}, {"maxAge": 1, "endDate": "2018-03-31", "cash": 4303000, "netReceivables": 452202000, "inventory": 601342000, "otherCurrentAssets": 166216000, "totalCurrentAssets": 1228416000, "longTermInvestments": 2401000, "propertyPlantEquipment": 1012273000, "intangibleAssets": 7531000, "otherAssets": 17253000, "totalAssets": 2267874000, "accountsPayable": 376251000, "shortLongTermDebt": 70308000, "otherCurrentLiab": 10726000, "longTermDebt": 111464000, "otherLiab": 120298000, "totalCurrentLiabilities": 998447000, "totalLiab": 1230209000, "commonStock": 158282000, "retainedEarnings": 655630000, "capitalSurplus": 223753000, "totalStockholderEquity": 1037665000, "netTangibleAssets": 1030134000}, {"maxAge": 1, "endDate": "2017-03-31", "cash": 6273000, "shortTermInvestments": 16443000, "netReceivables": 562637000, "inventory": 372495000, "totalCurrentAssets": 957848000, "propertyPlantEquipment": 925090000, "intangibleAssets": 472000, "otherAssets": 11628000, "totalAssets": 1895038000, "accountsPayable": 207755000, "shortLongTermDebt": 79224000, "otherCurrentLiab": 46653000, "longTermDebt": 168511000, "otherLiab": 91760000, "totalCurrentLiabilities": 777596000, "totalLiab": 1037867000, "commonStock": 158282000, "retainedEarnings": 475136000, "capitalSurplus": 223753000, "totalStockholderEquity": 857171000, "netTangibleAssets": 856699000}], "maxAge": 86400}, "financialData": {"maxAge": 86400, "currentPrice": 141.25, "recommendationKey": "none", "totalCash": 9690000, "totalCashPerShare": 0.613, "ebitda": 502343264, "totalDebt": 526353984, "totalRevenue": 3774481920, "debtToEquity": 42.914, "revenuePerShare": 238.526, "grossProfits": 846605000, "earningsGrowth": 2.913, "revenueGrowth": 0.432, "grossMargins": 0.32102, "ebitdaMargins": 0.13309, "operatingMargins": 0.112799995, "profitMargins": 0.08179, "financialCurrency": "INR"}}}