{"MANINFRA.BO": {"recommendationTrend": {"trend": [{"period": "0m", "strongBuy": 0, "buy": 0, "hold": 0, "sell": 0, "strongSell": 0}, {"period": "-1m", "strongBuy": 0, "buy": 0, "hold": 0, "sell": 0, "strongSell": 0}, {"period": "-2m", "strongBuy": 0, "buy": 0, "hold": 0, "sell": 0, "strongSell": 0}, {"period": "-3m", "strongBuy": 0, "buy": 0, "hold": 0, "sell": 0, "strongSell": 0}], "maxAge": 86400}, "cashflowStatementHistory": {"cashflowStatements": [{"maxAge": 1, "endDate": "2020-03-31", "netIncome": -71247000, "depreciation": 70728000, "changeToNetincome": -313094000, "changeToAccountReceivables": 1026454000, "changeToLiabilities": 94587000, "changeToInventory": 74895000, "changeToOperatingActivities": -1752000, "totalCashFromOperatingActivities": 880613000, "investments": 418942000, "otherCashflowsFromInvestingActivities": 374497000, "totalCashflowsFromInvestingActivities": 841213000, "dividendsPaid": -136124000, "netBorrowings": -421761000, "otherCashflowsFromFinancingActivities": -812761000, "totalCashFromFinancingActivities": -1370646000, "changeInCash": 338809000}, {"maxAge": 1, "endDate": "2019-03-31", "netIncome": 417899000, "depreciation": 74469000, "changeToNetincome": 134878000, "changeToAccountReceivables": -1660000, "changeToLiabilities": -168055000, "changeToInventory": -672513000, "changeToOperatingActivities": 375413000, "totalCashFromOperatingActivities": 161366000, "capitalExpenditures": -202410000, "investments": 908284000, "otherCashflowsFromInvestingActivities": 479482000, "totalCashflowsFromInvestingActivities": 1185356000, "dividendsPaid": -311850000, "netBorrowings": -29000, "otherCashflowsFromFinancingActivities": -973289000, "totalCashFromFinancingActivities": -1285168000, "changeInCash": 61554000}, {"maxAge": 1, "endDate": "2018-03-31", "netIncome": 665258000, "depreciation": 79953000, "changeToNetincome": 681561000, "changeToAccountReceivables": -183416000, "changeToLiabilities": -69877000, "changeToInventory": -867703000, "changeToOperatingActivities": -2001955000, "totalCashFromOperatingActivities": -1694354000, "capitalExpenditures": -120899000, "investments": 766275000, "otherCashflowsFromInvestingActivities": -99448000, "totalCashflowsFromInvestingActivities": 868521000, "dividendsPaid": -267300000, "netBorrowings": 1257442000, "otherCashflowsFromFinancingActivities": -552855000, "totalCashFromFinancingActivities": 437292000, "changeInCash": -388541000, "issuanceOfStock": 5000}, {"maxAge": 1, "endDate": "2017-03-31", "netIncome": 530113000, "depreciation": 76959000, "changeToNetincome": 165182000, "changeToAccountReceivables": -260847000, "changeToLiabilities": 744189000, "changeToInventory": -687438000, "changeToOperatingActivities": 369646000, "totalCashFromOperatingActivities": 938749000, "capitalExpenditures": -166490000, "investments": -1117502000, "otherCashflowsFromInvestingActivities": 115422000, "totalCashflowsFromInvestingActivities": -586426000, "dividendsPaid": -267300000, "netBorrowings": 220197000, "otherCashflowsFromFinancingActivities": -391835000, "totalCashFromFinancingActivities": -171638000, "changeInCash": 180685000, "issuanceOfStock": 5000}], "maxAge": 86400}, "institutionOwnership": {"maxAge": 1, "ownershipList": []}, "balanceSheetHistoryQuarterly": {"balanceSheetStatements": [{"maxAge": 1, "endDate": "2020-06-30", "totalStockholderEquity": 6697600000, "netTangibleAssets": 6690980000}, {"maxAge": 1, "endDate": "2020-03-31", "cash": 633358000, "shortTermInvestments": 886170000, "netReceivables": 2857572000, "inventory": 3799175000, "otherCurrentAssets": 319106000, "totalCurrentAssets": 8637201000, "longTermInvestments": 252938000, "propertyPlantEquipment": 356482000, "goodWill": 6620000, "otherAssets": 3726742000, "deferredLongTermAssetCharges": 493499000, "totalAssets": 12979983000, "accountsPayable": 400919000, "shortLongTermDebt": 81921000, "otherCurrentLiab": 1538353000, "longTermDebt": 3632390000, "otherLiab": 45515000, "minorityInterest": 190685000, "totalCurrentLiabilities": 2413793000, "totalLiab": 6091698000, "commonStock": 495001000, "retainedEarnings": 3884769000, "treasuryStock": 62007000, "capitalSurplus": 2255823000, "otherStockholderEquity": 62007000, "totalStockholderEquity": 6697600000, "netTangibleAssets": 6690980000}, {"maxAge": 1, "endDate": "2019-12-31", "totalStockholderEquity": 6853520000, "netTangibleAssets": 5553856000}, {"maxAge": 1, "endDate": "2019-09-30", "cash": 1773066000, "shortTermInvestments": 669464000, "netReceivables": 1200121000, "inventory": 3628109000, "otherCurrentAssets": 381721000, "totalCurrentAssets": 7652481000, "longTermInvestments": 325703000, "propertyPlantEquipment": 470254000, "goodWill": 350000, "intangibleAssets": 1299314000, "otherAssets": 3595387000, "deferredLongTermAssetCharges": 168881000, "totalAssets": 13343489000, "accountsPayable": 199996000, "otherCurrentLiab": 997185000, "longTermDebt": 4512045000, "otherLiab": 118950000, "minorityInterest": 382204000, "totalCurrentLiabilities": 1476770000, "totalLiab": 6107765000, "commonStock": 495001000, "treasuryStock": 6358519000, "otherStockholderEquity": 6358519000, "totalStockholderEquity": 6853520000, "netTangibleAssets": 5553856000}], "maxAge": 86400}, "earningsHistory": {"history": [{"maxAge": 1, "epsActual": 0.77, "epsEstimate": 0.35, "epsDifference": 0.42, "surprisePercent": 1.2, "quarter": "2017-03-31", "period": "-4q"}, {"maxAge": 1, "epsActual": 0.9, "epsEstimate": 0.56, "epsDifference": 0.34, "surprisePercent": 0.607, "quarter": "2017-06-30", "period": "-3q"}, {"maxAge": 1, "epsActual": 0.45, "epsEstimate": 0.83, "epsDifference": -0.38, "surprisePercent": -0.458, "quarter": "2017-09-30", "period": "-2q"}, {"maxAge": 1, "epsActual": 0.92, "epsEstimate": 0.7, "epsDifference": 0.22, "surprisePercent": 0.314, "quarter": "2018-03-31", "period": "-1q"}], "maxAge": 86400}, "indexTrend": {"maxAge": 1, "symbol": "SP5", "peRatio": 19.7411, "pegRatio": 1.34172, "estimates": [{"period": "0q", "growth": 0.549}, {"period": "+1q", "growth": 0.431}, {"period": "0y", "growth": 0.305}, {"period": "+1y", "growth": 0.109}, {"period": "+5y", "growth": 0.120865}, {"period": "-5y"}]}, "industryTrend": {"maxAge": 1, "symbol": null, "estimates": []}, "insiderTransactions": {"transactions": [{"maxAge": 1, "shares": 199145, "value": 71751, "filerUrl": "", "transactionText": "Acquisition at price 0.36 per share.", "filerName": "Shah (Parag K)", "filerRelation": "Promoter", "moneyText": "", "startDate": "2020-09-30", "ownership": "D"}, {"maxAge": 1, "shares": 102855, "filerUrl": "", "transactionText": "", "filerName": "Shah (Parag K)", "filerRelation": "Promoter", "moneyText": "", "startDate": "2020-09-30", "ownership": "D"}, {"maxAge": 1, "shares": 102855, "value": 37161, "filerUrl": "", "transactionText": "Acquisition at price 0.36 per share.", "filerName": "Shah (Parag K)", "filerRelation": "Promoter", "moneyText": "", "startDate": "2020-09-30", "ownership": "D"}, {"maxAge": 1, "shares": 168145, "value": 59338, "filerUrl": "", "transactionText": "Acquisition at price 0.35 per share.", "filerName": "Shah (Parag K)", "filerRelation": "Promoter", "moneyText": "", "startDate": "2020-09-29", "ownership": "D"}, {"maxAge": 1, "shares": 92290, "value": 32264, "filerUrl": "", "transactionText": "Acquisition at price 0.35 per share.", "filerName": "Shah (Parag K)", "filerRelation": "Promoter", "moneyText": "", "startDate": "2020-09-29", "ownership": "D"}, {"maxAge": 1, "shares": 172589, "value": 83688, "filerUrl": "", "transactionText": "Acquisition at price 0.48 per share.", "filerName": "Shah (Parag K)", "filerRelation": "Managing Director", "moneyText": "", "startDate": "2020-09-21", "ownership": "D"}, {"maxAge": 1, "shares": 75000, "value": 27315, "filerUrl": "", "transactionText": "Acquisition at price 0.36 per share.", "filerName": "Shah (Parag K)", "filerRelation": "Managing Director", "moneyText": "", "startDate": "2020-09-21", "ownership": "D"}, {"maxAge": 1, "shares": 297589, "value": 109453, "filerUrl": "", "transactionText": "Acquisition at price 0.37 per share.", "filerName": "Shah (Parag K)", "filerRelation": "Managing Director", "moneyText": "", "startDate": "2020-09-18", "ownership": "D"}, {"maxAge": 1, "shares": 72589, "value": 26698, "filerUrl": "", "transactionText": "Acquisition at price 0.37 per share.", "filerName": "Shah (Parag K)", "filerRelation": "Managing Director", "moneyText": "", "startDate": "2020-09-18", "ownership": "D"}, {"maxAge": 1, "shares": 217078, "value": 79407, "filerUrl": "", "transactionText": "Acquisition at price 0.37 per share.", "filerName": "Shah (Parag K)", "filerRelation": "Director (Executive)", "moneyText": "", "startDate": "2020-09-16", "ownership": "D"}, {"maxAge": 1, "shares": 200000, "value": 68620, "filerUrl": "", "transactionText": "Acquisition at price 0.34 per share.", "filerName": "Shah (Manan Parag)", "filerRelation": "Promoter", "moneyText": "", "startDate": "2020-09-11", "ownership": "D"}, {"maxAge": 1, "shares": 200000, "value": 66040, "filerUrl": "", "transactionText": "Acquisition at price 0.33 per share.", "filerName": "Shah (Manan Parag)", "filerRelation": "Promoter", "moneyText": "", "startDate": "2020-09-10", "ownership": "D"}, {"maxAge": 1, "shares": 243000, "value": 76229, "filerUrl": "", "transactionText": "Acquisition at price 0.31 per share.", "filerName": "Shah (Manan Parag)", "filerRelation": "Promoter", "moneyText": "", "startDate": "2020-09-09", "ownership": "D"}, {"maxAge": 1, "shares": 130000, "value": 45175, "filerUrl": "", "transactionText": "Acquisition at price 0.35 per share.", "filerName": "Shah (Manan Parag)", "filerRelation": "Promoter", "moneyText": "", "startDate": "2020-08-31", "ownership": "D"}, {"maxAge": 1, "shares": 43000, "value": 14968, "filerUrl": "", "transactionText": "Acquisition at price 0.35 per share.", "filerName": "Shah (Manan Parag)", "filerRelation": "Promoter", "moneyText": "", "startDate": "2020-08-31", "ownership": "D"}, {"maxAge": 1, "shares": 132784, "value": 50803, "filerUrl": "", "transactionText": "Acquisition at price 0.38 per share.", "filerName": "Shah (Manan Parag)", "filerRelation": "Promoter", "moneyText": "", "startDate": "2020-08-28", "ownership": "D"}, {"maxAge": 1, "shares": 80000, "value": 30632, "filerUrl": "", "transactionText": "Acquisition at price 0.38 per share.", "filerName": "Shah (Manan Parag)", "filerRelation": "Promoter", "moneyText": "", "startDate": "2020-08-28", "ownership": "D"}, {"maxAge": 1, "shares": 69384, "value": 18844, "filerUrl": "", "transactionText": "Acquisition at price 0.27 per share.", "filerName": "Shah (Manan Parag)", "filerRelation": "Promoter", "moneyText": "", "startDate": "2020-08-12", "ownership": "D"}, {"maxAge": 1, "shares": 32784, "value": 9018, "filerUrl": "", "transactionText": "Acquisition at price 0.28 per share.", "filerName": "Shah (Manan Parag)", "filerRelation": "Promoter", "moneyText": "", "startDate": "2020-08-12", "ownership": "D"}, {"maxAge": 1, "shares": 50000, "filerUrl": "", "transactionText": "", "filerName": "Shah (Parag K)", "filerRelation": "Managing Director", "moneyText": "", "startDate": "2020-03-23", "ownership": "D"}, {"maxAge": 1, "shares": 17078, "filerUrl": "", "transactionText": "", "filerName": "Shah (Parag K)", "filerRelation": "Managing Director", "moneyText": "", "startDate": "2020-03-23", "ownership": "D"}, {"maxAge": 1, "shares": 290800, "filerUrl": "", "transactionText": "", "filerName": "Shah (Parag K)", "filerRelation": "Managing Director", "moneyText": "", "startDate": "2020-03-19", "ownership": "D"}, {"maxAge": 1, "shares": 175355, "filerUrl": "", "transactionText": "", "filerName": "Shah (Parag K)", "filerRelation": "Managing Director", "moneyText": "", "startDate": "2020-03-18", "ownership": "D"}, {"maxAge": 1, "shares": 23033, "filerUrl": "", "transactionText": "", "filerName": "Shah (Parag K)", "filerRelation": "Managing Director", "moneyText": "", "startDate": "2020-03-17", "ownership": "D"}, {"maxAge": 1, "shares": 355, "filerUrl": "", "transactionText": "", "filerName": "Shah (Parag K)", "filerRelation": "Managing Director", "moneyText": "", "startDate": "2020-03-17", "ownership": "D"}, {"maxAge": 1, "shares": 19000, "filerUrl": "", "transactionText": "", "filerName": "Shah (Parag K)", "filerRelation": "Managing Director", "moneyText": "", "startDate": "2020-03-16", "ownership": "D"}, {"maxAge": 1, "shares": 5000, "filerUrl": "", "transactionText": "", "filerName": "Shah (Parag K)", "filerRelation": "Managing Director", "moneyText": "", "startDate": "2020-03-16", "ownership": "D"}, {"maxAge": 1, "shares": 101719, "filerUrl": "", "transactionText": "", "filerName": "Shah (Parag K)", "filerRelation": "Managing Director", "moneyText": "", "startDate": "2020-03-13", "ownership": "D"}, {"maxAge": 1, "shares": 4000, "filerUrl": "", "transactionText": "", "filerName": "Shah (Parag K)", "filerRelation": "Managing Director", "moneyText": "", "startDate": "2020-03-13", "ownership": "D"}, {"maxAge": 1, "shares": 147000, "filerUrl": "", "transactionText": "", "filerName": "Shah (Parag K)", "filerRelation": "Promoter", "moneyText": "", "startDate": "2019-08-28", "ownership": "D"}, {"maxAge": 1, "shares": 50000, "filerUrl": "", "transactionText": "", "filerName": "Shah (Parag K)", "filerRelation": "Promoter", "moneyText": "", "startDate": "2019-08-20", "ownership": "D"}, {"maxAge": 1, "shares": 47000, "filerUrl": "", "transactionText": "", "filerName": "Shah (Parag K)", "filerRelation": "Promoter", "moneyText": "", "startDate": "2019-08-20", "ownership": "D"}, {"maxAge": 1, "shares": 10000, "filerUrl": "", "transactionText": "", "filerName": "Shah (Parag K)", "filerRelation": "Managing Director", "moneyText": "", "startDate": "2019-06-19", "ownership": "D"}, {"maxAge": 1, "shares": 11530, "filerUrl": "", "transactionText": "", "filerName": "Shah (Parag K)", "filerRelation": "Managing Director", "moneyText": "", "startDate": "2019-06-19", "ownership": "D"}, {"maxAge": 1, "shares": 24876, "filerUrl": "", "transactionText": "", "filerName": "Shah (Parag K)", "filerRelation": "Managing Director", "moneyText": "", "startDate": "2019-06-18", "ownership": "D"}, {"maxAge": 1, "shares": 49830, "filerUrl": "", "transactionText": "", "filerName": "Shah (Parag K)", "filerRelation": "Managing Director", "moneyText": "", "startDate": "2019-06-17", "ownership": "D"}, {"maxAge": 1, "shares": 38978, "filerUrl": "", "transactionText": "", "filerName": "Shah (Manan Parag)", "filerRelation": "Wholetime Director", "moneyText": "", "startDate": "2019-06-14", "ownership": "D"}, {"maxAge": 1, "shares": 35000, "filerUrl": "", "transactionText": "", "filerName": "Shah (Manan Parag)", "filerRelation": "Wholetime Director", "moneyText": "", "startDate": "2019-06-14", "ownership": "D"}, {"maxAge": 1, "shares": 47286, "filerUrl": "", "transactionText": "", "filerName": "Shah (Parag K)", "filerRelation": "Managing Director", "moneyText": "", "startDate": "2019-06-13", "ownership": "D"}, {"maxAge": 1, "shares": 46236, "filerUrl": "", "transactionText": "", "filerName": "Shah (Parag K)", "filerRelation": "Managing Director", "moneyText": "", "startDate": "2019-06-13", "ownership": "D"}, {"maxAge": 1, "shares": 100000, "filerUrl": "", "transactionText": "", "filerName": "Shah (Parag K)", "filerRelation": "Managing Director", "moneyText": "", "startDate": "2019-05-27", "ownership": "D"}, {"maxAge": 1, "shares": 269500, "filerUrl": "", "transactionText": "", "filerName": "Shah (Parag K)", "filerRelation": "Managing Director", "moneyText": "", "startDate": "2019-03-29", "ownership": "D"}, {"maxAge": 1, "shares": 30800, "filerUrl": "", "transactionText": "", "filerName": "Shah (Parag K)", "filerRelation": "Managing Director", "moneyText": "", "startDate": "2019-02-18", "ownership": "D"}, {"maxAge": 1, "shares": 19500, "filerUrl": "", "transactionText": "", "filerName": "Shah (Parag K)", "filerRelation": "Managing Director", "moneyText": "", "startDate": "2019-02-18", "ownership": "D"}, {"maxAge": 1, "shares": 43000, "filerUrl": "", "transactionText": "", "filerName": "Shah (Parag K)", "filerRelation": "Managing Director", "moneyText": "", "startDate": "2019-01-14", "ownership": "D"}, {"maxAge": 1, "shares": 5800, "filerUrl": "", "transactionText": "", "filerName": "Shah (Parag K)", "filerRelation": "Managing Director", "moneyText": "", "startDate": "2019-01-14", "ownership": "D"}, {"maxAge": 1, "shares": 91000, "filerUrl": "", "transactionText": "", "filerName": "Shah (Parag K)", "filerRelation": "Managing Director", "moneyText": "", "startDate": "2019-01-11", "ownership": "D"}, {"maxAge": 1, "shares": 36500, "filerUrl": "", "transactionText": "", "filerName": "Shah (Parag K)", "filerRelation": "Managing Director", "moneyText": "", "startDate": "2019-01-11", "ownership": "D"}, {"maxAge": 1, "shares": 56345, "filerUrl": "", "transactionText": "", "filerName": "Shah (Parag K)", "filerRelation": "Managing Director", "moneyText": "", "startDate": "2019-01-09", "ownership": "D"}, {"maxAge": 1, "shares": 47500, "filerUrl": "", "transactionText": "", "filerName": "Shah (Parag K)", "filerRelation": "Managing Director", "moneyText": "", "startDate": "2019-01-09", "ownership": "D"}, {"maxAge": 1, "shares": 44567, "filerUrl": "", "transactionText": "", "filerName": "Shah (Parag K)", "filerRelation": "Managing Director", "moneyText": "", "startDate": "2018-12-07", "ownership": "D"}, {"maxAge": 1, "shares": 6345, "filerUrl": "", "transactionText": "", "filerName": "Shah (Parag K)", "filerRelation": "Managing Director", "moneyText": "", "startDate": "2018-12-07", "ownership": "D"}, {"maxAge": 1, "shares": 32695, "filerUrl": "", "transactionText": "", "filerName": "Shah (Parag K)", "filerRelation": "Managing Director", "moneyText": "", "startDate": "2018-12-06", "ownership": "D"}, {"maxAge": 1, "shares": 3222, "filerUrl": "", "transactionText": "", "filerName": "Shah (Parag K)", "filerRelation": "Managing Director", "moneyText": "", "startDate": "2018-12-06", "ownership": "D"}, {"maxAge": 1, "shares": 59140, "filerUrl": "", "transactionText": "", "filerName": "Shah (Parag K)", "filerRelation": "Managing Director", "moneyText": "", "startDate": "2018-12-05", "ownership": "D"}, {"maxAge": 1, "shares": 7340, "filerUrl": "", "transactionText": "", "filerName": "Shah (Parag K)", "filerRelation": "Managing Director", "moneyText": "", "startDate": "2018-12-05", "ownership": "D"}, {"maxAge": 1, "shares": 11009, "filerUrl": "", "transactionText": "", "filerName": "Shah (Manan Parag)", "filerRelation": "Wholetime Director", "moneyText": "", "startDate": "2018-11-27", "ownership": "D"}, {"maxAge": 1, "shares": 36000, "filerUrl": "", "transactionText": "", "filerName": "Shah (Manan Parag)", "filerRelation": "Wholetime Director", "moneyText": "", "startDate": "2018-11-26", "ownership": "D"}, {"maxAge": 1, "shares": 6000, "filerUrl": "", "transactionText": "", "filerName": "Shah (Manan Parag)", "filerRelation": "Wholetime Director", "moneyText": "", "startDate": "2018-11-26", "ownership": "D"}, {"maxAge": 1, "shares": 50000, "filerUrl": "", "transactionText": "", "filerName": "Shah (Manan Parag)", "filerRelation": "Wholetime Director", "moneyText": "", "startDate": "2018-11-20", "ownership": "D"}, {"maxAge": 1, "shares": 6000, "filerUrl": "", "transactionText": "", "filerName": "Shah (Manan Parag)", "filerRelation": "Wholetime Director", "moneyText": "", "startDate": "2018-11-20", "ownership": "D"}], "maxAge": 1}, "quoteType": {"exchange": "BSE", "quoteType": "EQUITY", "symbol": "MANINFRA.BO", "underlyingSymbol": "MANINFRA.BO", "shortName": "MAN INFRACONSTRUCTION LTD.", "longName": "Man Infraconstruction Limited", "firstTradeDateEpochUtc": "2010-03-11 09:15:00", "timeZoneFullName": "Asia/Kolkata", "timeZoneShortName": "IST", "uuid": "07786167-f8ec-34d3-a014-32354083d06e", "messageBoardId": null, "gmtOffSetMilliseconds": 19800000, "maxAge": 1}, "incomeStatementHistory": {"incomeStatementHistory": [{"maxAge": 1, "endDate": "2020-03-31", "totalRevenue": 2669783000, "costOfRevenue": 1713463000, "grossProfit": 956320000, "researchDevelopment": {}, "sellingGeneralAdministrative": 445719000, "nonRecurring": {}, "otherOperatingExpenses": 535549000, "totalOperatingExpenses": 2765459000, "operatingIncome": -95676000, "totalOtherIncomeExpenseNet": -248190000, "ebit": -95676000, "interestExpense": -538072000, "incomeBeforeTax": -343866000, "incomeTaxExpense": -221578000, "minorityInterest": 190685000, "netIncomeFromContinuingOps": -122288000, "discontinuedOperations": {}, "extraordinaryItems": {}, "effectOfAccountingCharges": {}, "otherItems": {}, "netIncome": -71247000, "netIncomeApplicableToCommonShares": -71247000}, {"maxAge": 1, "endDate": "2019-03-31", "totalRevenue": 3713567000, "costOfRevenue": 1674258000, "grossProfit": 2039309000, "researchDevelopment": {}, "sellingGeneralAdministrative": 512586000, "nonRecurring": {}, "otherOperatingExpenses": 529154000, "totalOperatingExpenses": 2790467000, "operatingIncome": 923100000, "totalOtherIncomeExpenseNet": -68564000, "ebit": 923100000, "interestExpense": -517135000, "incomeBeforeTax": 854536000, "incomeTaxExpense": 428957000, "minorityInterest": 425442000, "netIncomeFromContinuingOps": 425579000, "discontinuedOperations": {}, "extraordinaryItems": {}, "effectOfAccountingCharges": {}, "otherItems": {}, "netIncome": 417899000, "netIncomeApplicableToCommonShares": 417899000}, {"maxAge": 1, "endDate": "2018-03-31", "totalRevenue": 6516019000, "costOfRevenue": 3213348000, "grossProfit": 3302671000, "researchDevelopment": {}, "sellingGeneralAdministrative": 526873000, "nonRecurring": {}, "otherOperatingExpenses": 781891000, "totalOperatingExpenses": 4602065000, "operatingIncome": 1913954000, "totalOtherIncomeExpenseNet": -126291000, "ebit": 1913954000, "interestExpense": -501761000, "incomeBeforeTax": 1787663000, "incomeTaxExpense": 696074000, "minorityInterest": 738177000, "netIncomeFromContinuingOps": 1091589000, "discontinuedOperations": {}, "extraordinaryItems": {}, "effectOfAccountingCharges": {}, "otherItems": {}, "netIncome": 665258000, "netIncomeApplicableToCommonShares": 665258000}, {"maxAge": 1, "endDate": "2017-03-31", "totalRevenue": 4517146000, "costOfRevenue": 2539610000, "grossProfit": 1977536000, "researchDevelopment": {}, "sellingGeneralAdministrative": 407785000, "nonRecurring": {}, "otherOperatingExpenses": 489036000, "totalOperatingExpenses": 3513390000, "operatingIncome": 1003756000, "totalOtherIncomeExpenseNet": 119047000, "ebit": 1003756000, "interestExpense": -368429000, "incomeBeforeTax": 1122803000, "incomeTaxExpense": 467664000, "minorityInterest": 431397000, "netIncomeFromContinuingOps": 655139000, "discontinuedOperations": {}, "extraordinaryItems": {}, "effectOfAccountingCharges": {}, "otherItems": {}, "netIncome": 530113000, "netIncomeApplicableToCommonShares": 530113000}], "maxAge": 86400}, "fundOwnership": {"maxAge": 1, "ownershipList": []}, "summaryDetail": {"maxAge": 1, "priceHint": 2, "previousClose": 38.95, "open": 38.6, "dayLow": 38.4, "dayHigh": 40.7, "regularMarketPreviousClose": 38.95, "regularMarketOpen": 38.6, "regularMarketDayLow": 38.4, "regularMarketDayHigh": 40.7, "trailingPE": 3513.6365, "forwardPE": 11.537314, "volume": 127497, "regularMarketVolume": 127497, "averageVolume": 150033, "averageVolume10days": 129105, "averageDailyVolume10Day": 129105, "bid": 0.0, "ask": 38.65, "bidSize": 0, "askSize": 0, "marketCap": 9603481600, "fiftyTwoWeekLow": 14.5, "fiftyTwoWeekHigh": 40.7, "fiftyDayAverage": 35.65441, "twoHundredDayAverage": 28.96397, "trailingAnnualDividendRate": 0.55, "trailingAnnualDividendYield": 0.014120667, "currency": "INR", "fromCurrency": null, "toCurrency": null, "lastMarket": null, "algorithm": null, "tradeable": false}, "sectorTrend": {"maxAge": 1, "symbol": null, "estimates": []}, "incomeStatementHistoryQuarterly": {"incomeStatementHistory": [{"maxAge": 1, "endDate": "2020-06-30", "totalRevenue": 228496000, "costOfRevenue": -71580000, "grossProfit": 300076000, "researchDevelopment": {}, "sellingGeneralAdministrative": 73855000, "nonRecurring": {}, "otherOperatingExpenses": 87068000, "totalOperatingExpenses": 105020000, "operatingIncome": 123476000, "totalOtherIncomeExpenseNet": -66328000, "ebit": 123476000, "interestExpense": -122631000, "incomeBeforeTax": 57148000, "incomeTaxExpense": 44135000, "minorityInterest": {}, "netIncomeFromContinuingOps": 13013000, "discontinuedOperations": {}, "extraordinaryItems": {}, "effectOfAccountingCharges": {}, "otherItems": {}, "netIncome": 23025000, "netIncomeApplicableToCommonShares": 23025000}, {"maxAge": 1, "endDate": "2020-03-31", "totalRevenue": 954220000, "costOfRevenue": 669728000, "grossProfit": 284492000, "researchDevelopment": {}, "sellingGeneralAdministrative": 158585000, "nonRecurring": {}, "otherOperatingExpenses": 68013000, "totalOperatingExpenses": 917996000, "operatingIncome": 36224000, "totalOtherIncomeExpenseNet": -47035000, "ebit": 36224000, "interestExpense": -103492000, "incomeBeforeTax": -10811000, "incomeTaxExpense": 4296000, "minorityInterest": 190685000, "netIncomeFromContinuingOps": -15107000, "discontinuedOperations": {}, "extraordinaryItems": {}, "effectOfAccountingCharges": {}, "otherItems": {}, "netIncome": -5057000, "netIncomeApplicableToCommonShares": -5057000}, {"maxAge": 1, "endDate": "2019-12-31", "totalRevenue": 664793000, "costOfRevenue": 552499000, "grossProfit": 112294000, "researchDevelopment": {}, "sellingGeneralAdministrative": 102027000, "nonRecurring": {}, "otherOperatingExpenses": 173852000, "totalOperatingExpenses": 845977000, "operatingIncome": -181184000, "totalOtherIncomeExpenseNet": -68431000, "ebit": -181184000, "interestExpense": -152159000, "incomeBeforeTax": -249615000, "incomeTaxExpense": -235050000, "minorityInterest": 190685000, "netIncomeFromContinuingOps": -14565000, "discontinuedOperations": {}, "extraordinaryItems": {}, "effectOfAccountingCharges": {}, "otherItems": {}, "netIncome": 15541000, "netIncomeApplicableToCommonShares": 15541000}, {"maxAge": 1, "endDate": "2019-09-30", "totalRevenue": 433596000, "costOfRevenue": 151560000, "grossProfit": 282036000, "researchDevelopment": {}, "sellingGeneralAdministrative": 89505000, "nonRecurring": {}, "otherOperatingExpenses": 171368000, "totalOperatingExpenses": 428658000, "operatingIncome": 4938000, "totalOtherIncomeExpenseNet": -74575000, "ebit": 4938000, "interestExpense": -144917000, "incomeBeforeTax": -69637000, "incomeTaxExpense": -61348000, "minorityInterest": 382204000, "netIncomeFromContinuingOps": -8289000, "discontinuedOperations": {}, "extraordinaryItems": {}, "effectOfAccountingCharges": {}, "otherItems": {}, "netIncome": -30768000, "netIncomeApplicableToCommonShares": -30768000}], "maxAge": 86400}, "cashflowStatementHistoryQuarterly": {"cashflowStatements": [{"maxAge": 1, "endDate": "2020-06-30", "netIncome": 23025000, "changeToLiabilities": 0}, {"maxAge": 1, "endDate": "2020-03-31", "netIncome": -5057000, "changeToLiabilities": 0}, {"maxAge": 1, "endDate": "2019-12-31", "netIncome": 15541000, "changeToLiabilities": 0}, {"maxAge": 1, "endDate": "2019-09-30", "netIncome": -30768000, "changeToLiabilities": 0}], "maxAge": 86400}, "insiderHolders": {"holders": [{"maxAge": 1, "name": "Shah (Manan Parag)", "relation": "Promoter", "url": "", "transactionDescription": "Acquisition", "latestTransDate": "2020-09-11", "positionDirect": 14251497, "positionDirectDate": "2020-09-11"}, {"maxAge": 1, "name": "Shah (Parag K)", "relation": "Promoter", "url": "", "transactionDescription": "Acquisition", "latestTransDate": "2020-09-30", "positionDirect": 84108954, "positionDirectDate": "2020-09-30"}], "maxAge": 1}, "earnings": {"maxAge": 86400, "earningsChart": {"quarterly": [{"date": "1Q2017", "actual": 0.77, "estimate": 0.35}, {"date": "2Q2017", "actual": 0.9, "estimate": 0.56}, {"date": "3Q2017", "actual": 0.45, "estimate": 0.83}, {"date": "1Q2018", "actual": 0.92, "estimate": 0.7}], "currentQuarterEstimateDate": "2Q", "currentQuarterEstimateYear": 2018, "earningsDate": []}, "financialsChart": {"yearly": [{"date": 2017, "revenue": 4517146000, "earnings": 530113000}, {"date": 2018, "revenue": 6516019000, "earnings": 665258000}, {"date": 2019, "revenue": 3713567000, "earnings": 417899000}, {"date": 2020, "revenue": 2669783000, "earnings": -71247000}], "quarterly": [{"date": "3Q2019", "revenue": 433596000, "earnings": -30768000}, {"date": "4Q2019", "revenue": 664793000, "earnings": 15541000}, {"date": "1Q2020", "revenue": 954220000, "earnings": -5057000}, {"date": "2Q2020", "revenue": 228496000, "earnings": 23025000}]}, "financialCurrency": "INR"}, "calendarEvents": {"maxAge": 1, "earnings": {"earningsDate": [], "revenueAverage": 1421790000}}, "price": {"maxAge": 1, "regularMarketChangePercent": -0.0077021625, "regularMarketChange": -0.29999924, "regularMarketTime": "2021-04-30 15:55:27", "priceHint": 2, "regularMarketPrice": 38.65, "regularMarketDayHigh": 40.7, "regularMarketDayLow": 38.4, "regularMarketVolume": 127497, "averageDailyVolume10Day": 129105, "averageDailyVolume3Month": 150033, "regularMarketPreviousClose": 38.95, "regularMarketSource": "FREE_REALTIME", "regularMarketOpen": 38.6, "exchange": "BSE", "exchangeName": "BSE", "exchangeDataDelayedBy": 0, "marketState": "CLOSED", "quoteType": "EQUITY", "symbol": "MANINFRA.BO", "underlyingSymbol": null, "shortName": "MAN INFRACONSTRUCTION LTD.", "longName": "Man Infraconstruction Limited", "currency": "INR", "quoteSourceName": "Delayed Quote", "currencySymbol": "\u20b9", "fromCurrency": null, "toCurrency": null, "lastMarket": null, "marketCap": 9603481600}, "balanceSheetHistory": {"balanceSheetStatements": [{"maxAge": 1, "endDate": "2020-03-31", "cash": 633358000, "shortTermInvestments": 886170000, "netReceivables": 2857572000, "inventory": 3799175000, "otherCurrentAssets": 319106000, "totalCurrentAssets": 8637201000, "longTermInvestments": 252938000, "propertyPlantEquipment": 356482000, "goodWill": 6620000, "otherAssets": 3726742000, "deferredLongTermAssetCharges": 493499000, "totalAssets": 12979983000, "accountsPayable": 400919000, "shortLongTermDebt": 81921000, "otherCurrentLiab": 1538353000, "longTermDebt": 3632390000, "otherLiab": 45515000, "minorityInterest": 190685000, "totalCurrentLiabilities": 2413793000, "totalLiab": 6091698000, "commonStock": 495001000, "retainedEarnings": 3884769000, "treasuryStock": 62007000, "capitalSurplus": 2255823000, "otherStockholderEquity": 62007000, "totalStockholderEquity": 6697600000, "netTangibleAssets": 6690980000}, {"maxAge": 1, "endDate": "2019-03-31", "cash": 398819000, "shortTermInvestments": 939739000, "netReceivables": 1923175000, "inventory": 3850894000, "otherCurrentAssets": 433213000, "totalCurrentAssets": 7685026000, "longTermInvestments": 262734000, "propertyPlantEquipment": 335899000, "goodWill": 350000, "intangibleAssets": 1299314000, "otherAssets": 3881863000, "deferredLongTermAssetCharges": 82213000, "totalAssets": 13465186000, "accountsPayable": 285204000, "otherCurrentLiab": 1119399000, "longTermDebt": 4028000000, "otherLiab": 37681000, "minorityInterest": 425442000, "totalCurrentLiabilities": 2034167000, "totalLiab": 6099848000, "commonStock": 495001000, "retainedEarnings": 4127065000, "treasuryStock": 62007000, "capitalSurplus": 2255823000, "otherStockholderEquity": 62007000, "totalStockholderEquity": 6939896000, "netTangibleAssets": 5640232000}, {"maxAge": 1, "endDate": "2018-03-31", "cash": 232995000, "shortTermInvestments": 990905000, "netReceivables": 2060492000, "inventory": 3198464000, "otherCurrentAssets": 708451000, "totalCurrentAssets": 8114600000, "longTermInvestments": 123804000, "propertyPlantEquipment": 341856000, "goodWill": 350000, "intangibleAssets": 1386425000, "otherAssets": 3546311000, "deferredLongTermAssetCharges": 81082000, "totalAssets": 13513346000, "accountsPayable": 516979000, "otherCurrentLiab": 583843000, "longTermDebt": 3887760000, "otherLiab": 151388000, "minorityInterest": 738177000, "totalCurrentLiabilities": 1852204000, "totalLiab": 5891352000, "commonStock": 495001000, "retainedEarnings": 4070986000, "treasuryStock": 62007000, "capitalSurplus": 2255823000, "otherStockholderEquity": 62007000, "totalStockholderEquity": 6883817000, "netTangibleAssets": 5497042000}, {"maxAge": 1, "endDate": "2017-03-31", "cash": 621536000, "shortTermInvestments": 1117197000, "netReceivables": 1845871000, "inventory": 2330761000, "otherCurrentAssets": 640369000, "totalCurrentAssets": 8138020000, "longTermInvestments": 27489000, "propertyPlantEquipment": 397020000, "goodWill": 350000, "intangibleAssets": 1421940000, "otherAssets": 2000129000, "deferredLongTermAssetCharges": 84718000, "totalAssets": 11984948000, "accountsPayable": 567142000, "shortLongTermDebt": 90000000, "otherCurrentLiab": 1124278000, "longTermDebt": 2485066000, "otherLiab": 112783000, "minorityInterest": 431397000, "totalCurrentLiabilities": 2411603000, "totalLiab": 5009452000, "commonStock": 495001000, "retainedEarnings": 3725000000, "treasuryStock": 68275000, "capitalSurplus": 2255823000, "otherStockholderEquity": 68275000, "totalStockholderEquity": 6544099000, "netTangibleAssets": 5121809000}], "maxAge": 86400}, "earningsTrend": {"trend": [{"maxAge": 1, "period": "0q", "endDate": "2018-06-30", "growth": {}, "earningsEstimate": {"avg": 0.0, "low": 0.0, "high": 0.0, "yearAgoEps": 0.77, "numberOfAnalysts": 0, "growth": {}}, "revenueEstimate": {"avg": 1421790000, "low": 0, "high": 0, "numberOfAnalysts": 0, "yearAgoRevenue": 1681140000, "growth": -0.154}, "epsTrend": {"current": 0.0, "7daysAgo": 0.0, "30daysAgo": 0.0, "60daysAgo": 0.0, "90daysAgo": 0.0}, "epsRevisions": {"upLast7days": 0, "upLast30days": 0, "downLast30days": 0, "downLast90days": {}}}, {"maxAge": 1, "period": "+1q", "endDate": "2018-09-30", "growth": {}, "earningsEstimate": {"avg": 0.0, "low": 0.0, "high": 0.0, "yearAgoEps": 0.9, "numberOfAnalysts": 0, "growth": {}}, "revenueEstimate": {"avg": 583608000, "low": 0, "high": 0, "numberOfAnalysts": 0, "yearAgoRevenue": 959912000, "growth": -0.39200002}, "epsTrend": {"current": 0.0, "7daysAgo": 0.0, "30daysAgo": 0.0, "60daysAgo": 0.0, "90daysAgo": 0.0}, "epsRevisions": {"upLast7days": 0, "upLast30days": 0, "downLast30days": 0, "downLast90days": {}}}, {"maxAge": 1, "period": "0y", "endDate": "2019-03-31", "growth": {}, "earningsEstimate": {"avg": 0.0, "low": 0.0, "high": 0.0, "yearAgoEps": {}, "numberOfAnalysts": 0, "growth": {}}, "revenueEstimate": {"avg": 8205080000, "low": 8205080000, "high": 8205080000, "numberOfAnalysts": 1, "yearAgoRevenue": 6516020000, "growth": 0.259}, "epsTrend": {"current": 0.0, "7daysAgo": 3.35, "30daysAgo": 3.35, "60daysAgo": 3.35, "90daysAgo": 3.35}, "epsRevisions": {"upLast7days": 0, "upLast30days": 0, "downLast30days": 0, "downLast90days": {}}}, {"maxAge": 1, "period": "+1y", "endDate": "2020-03-31", "growth": {}, "earningsEstimate": {"avg": 0.0, "low": 0.0, "high": 0.0, "yearAgoEps": {}, "numberOfAnalysts": 0, "growth": {}}, "revenueEstimate": {"avg": 0, "low": 0, "high": 0, "numberOfAnalysts": 0, "yearAgoRevenue": 8205080000, "growth": {}}, "epsTrend": {"current": 0.0, "7daysAgo": 0.0, "30daysAgo": 0.0, "60daysAgo": 0.0, "90daysAgo": 0.0}, "epsRevisions": {"upLast7days": 0, "upLast30days": 0, "downLast30days": 0, "downLast90days": {}}}, {"maxAge": 1, "period": "+5y", "endDate": null, "growth": {}, "earningsEstimate": {"avg": {}, "low": {}, "high": {}, "yearAgoEps": {}, "numberOfAnalysts": {}, "growth": {}}, "revenueEstimate": {"avg": {}, "low": {}, "high": {}, "numberOfAnalysts": {}, "yearAgoRevenue": {}, "growth": {}}, "epsTrend": {"current": {}, "7daysAgo": {}, "30daysAgo": {}, "60daysAgo": {}, "90daysAgo": {}}, "epsRevisions": {"upLast7days": {}, "upLast30days": {}, "downLast30days": {}, "downLast90days": {}}}, {"maxAge": 1, "period": "-5y", "endDate": null, "growth": {}, "earningsEstimate": {"avg": {}, "low": {}, "high": {}, "yearAgoEps": {}, "numberOfAnalysts": {}, "growth": {}}, "revenueEstimate": {"avg": {}, "low": {}, "high": {}, "numberOfAnalysts": {}, "yearAgoRevenue": {}, "growth": {}}, "epsTrend": {"current": {}, "7daysAgo": {}, "30daysAgo": {}, "60daysAgo": {}, "90daysAgo": {}}, "epsRevisions": {"upLast7days": {}, "upLast30days": {}, "downLast30days": {}, "downLast90days": {}}}], "maxAge": 1}, "financialData": {"maxAge": 86400, "currentPrice": 38.65, "targetHighPrice": 95.0, "targetLowPrice": 95.0, "targetMeanPrice": 95.0, "targetMedianPrice": 95.0, "recommendationKey": "none", "numberOfAnalystOpinions": 1, "grossProfits": 956320000, "financialCurrency": "INR"}}}