{"MANINDS.BO": {"recommendationTrend": {"trend": [{"period": "0m", "strongBuy": 0, "buy": 0, "hold": 0, "sell": 0, "strongSell": 0}, {"period": "-1m", "strongBuy": 0, "buy": 0, "hold": 0, "sell": 0, "strongSell": 0}, {"period": "-2m", "strongBuy": 0, "buy": 0, "hold": 0, "sell": 0, "strongSell": 0}, {"period": "-3m", "strongBuy": 0, "buy": 0, "hold": 0, "sell": 0, "strongSell": 0}], "maxAge": 86400}, "cashflowStatementHistory": {"cashflowStatements": [{"maxAge": 1, "endDate": "2020-03-31", "netIncome": 555026000, "depreciation": 523212000, "changeToNetincome": 586897000, "changeToAccountReceivables": 676752000, "changeToLiabilities": 1472355000, "changeToInventory": -1629725000, "changeToOperatingActivities": -41464000, "totalCashFromOperatingActivities": 2143053000, "capitalExpenditures": -106976000, "investments": -429490000, "otherCashflowsFromInvestingActivities": 73059000, "totalCashflowsFromInvestingActivities": -463407000, "dividendsPaid": -139840000, "netBorrowings": 431920000, "otherCashflowsFromFinancingActivities": -660653000, "totalCashFromFinancingActivities": -368573000, "changeInCash": 1311073000}, {"maxAge": 1, "endDate": "2019-03-31", "netIncome": 588370000, "depreciation": 459287000, "changeToNetincome": 604602000, "changeToAccountReceivables": -1332332000, "changeToLiabilities": -977228000, "changeToInventory": 2016679000, "changeToOperatingActivities": 14121000, "totalCashFromOperatingActivities": 1373499000, "capitalExpenditures": -266953000, "investments": 192612000, "otherCashflowsFromInvestingActivities": 75924000, "totalCashflowsFromInvestingActivities": 1583000, "dividendsPaid": -89393000, "netBorrowings": -628345000, "otherCashflowsFromFinancingActivities": -662543000, "totalCashFromFinancingActivities": -1380281000, "changeInCash": -5199000}, {"maxAge": 1, "endDate": "2018-03-31", "netIncome": 636926000, "depreciation": 392065000, "changeToNetincome": 286887000, "changeToAccountReceivables": -332138000, "changeToLiabilities": 3420896000, "changeToInventory": -3093775000, "changeToOperatingActivities": 9029000, "totalCashFromOperatingActivities": 1319890000, "capitalExpenditures": -1104770000, "investments": -246743000, "otherCashflowsFromInvestingActivities": 302337000, "totalCashflowsFromInvestingActivities": -1049176000, "dividendsPaid": -85655000, "netBorrowings": -867189000, "otherCashflowsFromFinancingActivities": -456234000, "totalCashFromFinancingActivities": -1151730000, "changeInCash": -881016000, "issuanceOfStock": 257348000}, {"maxAge": 1, "endDate": "2017-03-31", "netIncome": 335738000, "depreciation": 400713000, "changeToNetincome": -15354000, "changeToAccountReceivables": -1540004000, "changeToLiabilities": -114286000, "changeToInventory": 185944000, "changeToOperatingActivities": -502000, "totalCashFromOperatingActivities": -747751000, "capitalExpenditures": -228881000, "investments": 15333000, "otherCashflowsFromInvestingActivities": 419431000, "totalCashflowsFromInvestingActivities": 205883000, "dividendsPaid": -85655000, "netBorrowings": 895748000, "otherCashflowsFromFinancingActivities": -398095000, "totalCashFromFinancingActivities": 411998000, "changeInCash": -129870000, "issuanceOfStock": 257348000}], "maxAge": 86400}, "institutionOwnership": {"maxAge": 1, "ownershipList": []}, "balanceSheetHistoryQuarterly": {"balanceSheetStatements": [{"maxAge": 1, "endDate": "2020-06-30", "totalStockholderEquity": 7463600000, "netTangibleAssets": 7463600000}, {"maxAge": 1, "endDate": "2020-03-31", "cash": 1360279000, "shortTermInvestments": 1000, "netReceivables": 5195405000, "inventory": 3796017000, "otherCurrentAssets": 1324467000, "totalCurrentAssets": 11783933000, "longTermInvestments": 1023005000, "propertyPlantEquipment": 3718739000, "otherAssets": 1745958000, "totalAssets": 18271635000, "accountsPayable": 5612795000, "shortLongTermDebt": 383697000, "otherCurrentLiab": 1670541000, "longTermDebt": 153333000, "otherLiab": 315345000, "totalCurrentLiabilities": 10221958000, "totalLiab": 10808018000, "commonStock": 285515000, "retainedEarnings": 6143379000, "treasuryStock": 91391000, "capitalSurplus": 943332000, "otherStockholderEquity": 91391000, "totalStockholderEquity": 7463617000, "netTangibleAssets": 7463617000}, {"maxAge": 1, "endDate": "2019-12-31", "totalStockholderEquity": 7067600000, "netTangibleAssets": 7067600000}, {"maxAge": 1, "endDate": "2019-09-30", "cash": 672400000, "shortTermInvestments": 500000, "netReceivables": 6257100000, "inventory": 2948600000, "otherCurrentAssets": 949300000, "totalCurrentAssets": 10827900000, "longTermInvestments": 1158500000, "propertyPlantEquipment": 3782200000, "otherAssets": 1437400000, "totalAssets": 17206000000, "accountsPayable": 6869100000, "otherCurrentLiab": 792200000, "longTermDebt": 321300000, "otherLiab": 439400000, "totalCurrentLiabilities": 9377700000, "totalLiab": 10138400000, "commonStock": 285500000, "treasuryStock": 6782100000, "otherStockholderEquity": 6782100000, "totalStockholderEquity": 7067600000, "netTangibleAssets": 7067600000}], "maxAge": 86400}, "earningsHistory": {"history": [{"maxAge": 1, "epsActual": {}, "epsEstimate": {}, "epsDifference": {}, "surprisePercent": {}, "quarter": {}, "period": "-4q"}, {"maxAge": 1, "epsActual": {}, "epsEstimate": {}, "epsDifference": {}, "surprisePercent": {}, "quarter": {}, "period": "-3q"}, {"maxAge": 1, "epsActual": {}, "epsEstimate": {}, "epsDifference": {}, "surprisePercent": {}, "quarter": {}, "period": "-2q"}, {"maxAge": 1, "epsActual": 2.66, "epsEstimate": 4.26, "epsDifference": -1.6, "surprisePercent": -0.376, "quarter": "2018-09-30", "period": "-1q"}], "maxAge": 86400}, "indexTrend": {"maxAge": 1, "symbol": "SP5", "peRatio": 19.7411, "pegRatio": 1.34172, "estimates": [{"period": "0q", "growth": 0.549}, {"period": "+1q", "growth": 0.431}, {"period": "0y", "growth": 0.305}, {"period": "+1y", "growth": 0.109}, {"period": "+5y", "growth": 0.120865}, {"period": "-5y"}]}, "industryTrend": {"maxAge": 1, "symbol": null, "estimates": []}, "insiderTransactions": {"transactions": [{"maxAge": 1, "shares": 108642, "value": 90705, "filerUrl": "", "transactionText": "Acquisition at price 0.83 per share.", "filerName": "Man Finance Ltd.", "filerRelation": "Promoter", "moneyText": "", "startDate": "2020-09-30", "ownership": "D"}, {"maxAge": 1, "shares": 1582834, "value": 1262151, "filerUrl": "", "transactionText": "Acquisition at price 0.80 per share.", "filerName": "Man Finance Ltd.", "filerRelation": "Promoter", "moneyText": "", "startDate": "2020-09-29", "ownership": "D"}, {"maxAge": 1, "shares": 48000, "value": 38366, "filerUrl": "", "transactionText": "Acquisition at price 0.80 per share.", "filerName": "Man Finance Ltd.", "filerRelation": "Promoter", "moneyText": "", "startDate": "2020-09-29", "ownership": "D"}, {"maxAge": 1, "shares": 60000, "filerUrl": "", "transactionText": "", "filerName": "Mansukhani (Nikhil Rameshchandra)", "filerRelation": "Director (Executive)", "moneyText": "", "startDate": "2020-03-31", "ownership": "D"}, {"maxAge": 1, "shares": 35000, "filerUrl": "", "transactionText": "", "filerName": "Mansukhani (Nikhil Rameshchandra)", "filerRelation": "Director (Executive)", "moneyText": "", "startDate": "2020-03-30", "ownership": "D"}, {"maxAge": 1, "shares": 30000, "filerUrl": "", "transactionText": "", "filerName": "Mansukhani (Nikhil Rameshchandra)", "filerRelation": "Director (Executive)", "moneyText": "", "startDate": "2020-03-27", "ownership": "D"}, {"maxAge": 1, "shares": 50000, "filerUrl": "", "transactionText": "", "filerName": "Mansukhani (Rameshchandra Jhamaklal)", "filerRelation": "Chairman of the Board", "moneyText": "", "startDate": "2020-03-26", "ownership": "D"}, {"maxAge": 1, "shares": 40000, "filerUrl": "", "transactionText": "", "filerName": "Mansukhani (Rameshchandra Jhamaklal)", "filerRelation": "Chairman of the Board", "moneyText": "", "startDate": "2020-03-25", "ownership": "D"}, {"maxAge": 1, "shares": 52000, "filerUrl": "", "transactionText": "", "filerName": "Mansukhani (Rameshchandra Jhamaklal)", "filerRelation": "Chairman of the Board", "moneyText": "", "startDate": "2020-03-24", "ownership": "D"}, {"maxAge": 1, "shares": 306786, "filerUrl": "", "transactionText": "", "filerName": "Mansukhani (Rameshchandra Jhamaklal)", "filerRelation": "UNREPORTED", "moneyText": "", "startDate": "2019-06-18", "ownership": "D"}, {"maxAge": 1, "shares": 900000, "filerUrl": "", "transactionText": "", "filerName": "Mansukhani (Deepadevi Rameshchandra)", "filerRelation": "UNREPORTED", "moneyText": "", "startDate": "2019-06-18", "ownership": "D"}, {"maxAge": 1, "shares": 8793, "filerUrl": "", "transactionText": "", "filerName": "Mansukhani (Rameshchandra Jhamaklal)", "filerRelation": "Chairman of the Board", "moneyText": "", "startDate": "2018-10-22", "ownership": "D"}, {"maxAge": 1, "shares": 6786, "filerUrl": "", "transactionText": "", "filerName": "Mansukhani (Rameshchandra Jhamaklal)", "filerRelation": "Chairman of the Board", "moneyText": "", "startDate": "2018-10-22", "ownership": "D"}], "maxAge": 1}, "quoteType": {"exchange": "BSE", "quoteType": "EQUITY", "symbol": "MANINDS.BO", "underlyingSymbol": "MANINDS.BO", "shortName": "MAN INDUSTRIES (INDIA) LTD.", "longName": "Man Industries (India) Limited", "firstTradeDateEpochUtc": "2002-07-01 09:15:00", "timeZoneFullName": "Asia/Kolkata", "timeZoneShortName": "IST", "uuid": "1bff141d-a9a7-3761-8888-ce3e8b5f0046", "messageBoardId": null, "gmtOffSetMilliseconds": 19800000, "maxAge": 1}, "incomeStatementHistory": {"incomeStatementHistory": [{"maxAge": 1, "endDate": "2020-03-31", "totalRevenue": 17689366000, "costOfRevenue": 12658792000, "grossProfit": 5030574000, "researchDevelopment": {}, "sellingGeneralAdministrative": 560461000, "nonRecurring": {}, "otherOperatingExpenses": 2694055000, "totalOperatingExpenses": 16436520000, "operatingIncome": 1252846000, "totalOtherIncomeExpenseNet": -600286000, "ebit": 1252846000, "interestExpense": -462401000, "incomeBeforeTax": 652560000, "incomeTaxExpense": 97534000, "minorityInterest": {}, "netIncomeFromContinuingOps": 555026000, "discontinuedOperations": {}, "extraordinaryItems": {}, "effectOfAccountingCharges": {}, "otherItems": {}, "netIncome": 555026000, "netIncomeApplicableToCommonShares": 555026000}, {"maxAge": 1, "endDate": "2019-03-31", "totalRevenue": 22365521000, "costOfRevenue": 16999143000, "grossProfit": 5366378000, "researchDevelopment": {}, "sellingGeneralAdministrative": 598014000, "nonRecurring": {}, "otherOperatingExpenses": 2837985000, "totalOperatingExpenses": 20894429000, "operatingIncome": 1471092000, "totalOtherIncomeExpenseNet": -586788000, "ebit": 1471092000, "interestExpense": -503806000, "incomeBeforeTax": 884304000, "incomeTaxExpense": 295934000, "minorityInterest": {}, "netIncomeFromContinuingOps": 588370000, "discontinuedOperations": {}, "extraordinaryItems": {}, "effectOfAccountingCharges": {}, "otherItems": {}, "netIncome": 588370000, "netIncomeApplicableToCommonShares": 588370000}, {"maxAge": 1, "endDate": "2018-03-31", "totalRevenue": 16193439000, "costOfRevenue": 12111086000, "grossProfit": 4082353000, "researchDevelopment": {}, "sellingGeneralAdministrative": 499808000, "nonRecurring": {}, "otherOperatingExpenses": 2190678000, "totalOperatingExpenses": 15193637000, "operatingIncome": 999802000, "totalOtherIncomeExpenseNet": -46082000, "ebit": 999802000, "interestExpense": -311946000, "incomeBeforeTax": 953720000, "incomeTaxExpense": 316794000, "minorityInterest": {}, "netIncomeFromContinuingOps": 636926000, "discontinuedOperations": {}, "extraordinaryItems": {}, "effectOfAccountingCharges": {}, "otherItems": {}, "netIncome": 636926000, "netIncomeApplicableToCommonShares": 636926000}, {"maxAge": 1, "endDate": "2017-03-31", "totalRevenue": 10579348000, "costOfRevenue": 8190946000, "grossProfit": 2388402000, "researchDevelopment": {}, "sellingGeneralAdministrative": 489243000, "nonRecurring": {}, "otherOperatingExpenses": 1415986000, "totalOperatingExpenses": 10496888000, "operatingIncome": 82460000, "totalOtherIncomeExpenseNet": 360668000, "ebit": 82460000, "interestExpense": -282630000, "incomeBeforeTax": 443128000, "incomeTaxExpense": 107390000, "minorityInterest": {}, "netIncomeFromContinuingOps": 335738000, "discontinuedOperations": {}, "extraordinaryItems": {}, "effectOfAccountingCharges": {}, "otherItems": {}, "netIncome": 335738000, "netIncomeApplicableToCommonShares": 335738000}], "maxAge": 86400}, "fundOwnership": {"maxAge": 1, "ownershipList": []}, "summaryDetail": {"maxAge": 1, "priceHint": 2, "previousClose": 84.35, "open": 83.1, "dayLow": 82.45, "dayHigh": 96.4, "regularMarketPreviousClose": 84.35, "regularMarketOpen": 83.1, "regularMarketDayLow": 82.45, "regularMarketDayHigh": 96.4, "trailingPE": 7.5472484, "forwardPE": 5.2538953, "volume": 252942, "regularMarketVolume": 252942, "averageVolume": 52514, "averageVolume10days": 44367, "averageDailyVolume10Day": 44367, "bid": 0.0, "ask": 0.0, "bidSize": 0, "askSize": 0, "marketCap": 5199237632, "fiftyTwoWeekLow": 31.0, "fiftyTwoWeekHigh": 96.4, "fiftyDayAverage": 80.935295, "twoHundredDayAverage": 70.09559, "trailingAnnualDividendRate": 1.0, "trailingAnnualDividendYield": 0.011855365, "currency": "INR", "fromCurrency": null, "toCurrency": null, "lastMarket": null, "algorithm": null, "tradeable": false}, "sectorTrend": {"maxAge": 1, "symbol": null, "estimates": []}, "incomeStatementHistoryQuarterly": {"incomeStatementHistory": [{"maxAge": 1, "endDate": "2020-06-30", "totalRevenue": 4101000000, "costOfRevenue": 2645200000, "grossProfit": 1455800000, "researchDevelopment": {}, "sellingGeneralAdministrative": 133700000, "nonRecurring": {}, "otherOperatingExpenses": 769600000, "totalOperatingExpenses": 3663300000, "operatingIncome": 437700000, "totalOtherIncomeExpenseNet": -199000000, "ebit": 437700000, "interestExpense": -199000000, "incomeBeforeTax": 238700000, "incomeTaxExpense": 67600000, "minorityInterest": {}, "netIncomeFromContinuingOps": 171100000, "discontinuedOperations": {}, "extraordinaryItems": {}, "effectOfAccountingCharges": {}, "otherItems": {}, "netIncome": 171100000, "netIncomeApplicableToCommonShares": 171100000}, {"maxAge": 1, "endDate": "2020-03-31", "totalRevenue": 6639666000, "costOfRevenue": 5092392000, "grossProfit": 1547274000, "researchDevelopment": {}, "sellingGeneralAdministrative": 146561000, "nonRecurring": {}, "otherOperatingExpenses": 995555000, "totalOperatingExpenses": 6389020000, "operatingIncome": 250646000, "totalOtherIncomeExpenseNet": -176986000, "ebit": 250646000, "interestExpense": -39101000, "incomeBeforeTax": 73660000, "incomeTaxExpense": -51166000, "minorityInterest": {}, "netIncomeFromContinuingOps": 124826000, "discontinuedOperations": {}, "extraordinaryItems": {}, "effectOfAccountingCharges": {}, "otherItems": {}, "netIncome": 124826000, "netIncomeApplicableToCommonShares": 124826000}, {"maxAge": 1, "endDate": "2019-12-31", "totalRevenue": 5410300000, "costOfRevenue": 3793800000, "grossProfit": 1616500000, "researchDevelopment": {}, "sellingGeneralAdministrative": 138800000, "nonRecurring": {}, "otherOperatingExpenses": 803800000, "totalOperatingExpenses": 4862700000, "operatingIncome": 547600000, "totalOtherIncomeExpenseNet": -154400000, "ebit": 547600000, "interestExpense": -154400000, "incomeBeforeTax": 393200000, "incomeTaxExpense": 100200000, "minorityInterest": {}, "netIncomeFromContinuingOps": 293000000, "discontinuedOperations": {}, "extraordinaryItems": {}, "effectOfAccountingCharges": {}, "otherItems": {}, "netIncome": 293000000, "netIncomeApplicableToCommonShares": 293000000}, {"maxAge": 1, "endDate": "2019-09-30", "totalRevenue": 3190600000, "costOfRevenue": 2182100000, "grossProfit": 1008500000, "researchDevelopment": {}, "sellingGeneralAdministrative": 143400000, "nonRecurring": {}, "otherOperatingExpenses": 460000000, "totalOperatingExpenses": 2908200000, "operatingIncome": 282400000, "totalOtherIncomeExpenseNet": -139200000, "ebit": 282400000, "interestExpense": -139200000, "incomeBeforeTax": 143200000, "incomeTaxExpense": 42600000, "minorityInterest": {}, "netIncomeFromContinuingOps": 100600000, "discontinuedOperations": {}, "extraordinaryItems": {}, "effectOfAccountingCharges": {}, "otherItems": {}, "netIncome": 100600000, "netIncomeApplicableToCommonShares": 100600000}], "maxAge": 86400}, "cashflowStatementHistoryQuarterly": {"cashflowStatements": [{"maxAge": 1, "endDate": "2020-06-30", "netIncome": 171100000, "changeToLiabilities": 0}, {"maxAge": 1, "endDate": "2020-03-31", "netIncome": 124826000, "changeToLiabilities": 0}, {"maxAge": 1, "endDate": "2019-12-31", "netIncome": 293000000, "changeToLiabilities": 0}, {"maxAge": 1, "endDate": "2019-09-30", "netIncome": 100600000, "changeToLiabilities": 0}], "maxAge": 86400}, "insiderHolders": {"holders": [{"maxAge": 1, "name": "Man Finance Ltd.", "relation": "Promoter", "url": "", "transactionDescription": "Acquisition", "latestTransDate": "2020-09-30", "positionDirect": 3243476, "positionDirectDate": "2020-09-30"}, {"maxAge": 1, "name": "Mansukhani (Deepadevi Rameshchandra)", "relation": "UNREPORTED", "url": "", "transactionDescription": "Acquisition", "latestTransDate": "2019-06-18", "positionDirect": 1805604, "positionDirectDate": "2019-06-18"}, {"maxAge": 1, "name": "Mansukhani (Nikhil Rameshchandra)", "relation": "Director (Executive)", "url": "", "transactionDescription": "Acquisition", "latestTransDate": "2020-03-31", "positionDirect": 3586285, "positionDirectDate": "2020-03-31"}, {"maxAge": 1, "name": "Mansukhani (Rameshchandra Jhamaklal)", "relation": "Chairman of the Board", "url": "", "transactionDescription": "Acquisition", "latestTransDate": "2020-03-26", "positionDirect": 13754992, "positionDirectDate": "2020-03-26"}], "maxAge": 1}, "earnings": {"maxAge": 86400, "earningsChart": {"quarterly": [{"date": "3Q2018", "actual": 2.66, "estimate": 4.26}], "currentQuarterEstimateDate": "4Q", "currentQuarterEstimateYear": 2018, "earningsDate": ["2020-08-12 05:30:S"]}, "financialsChart": {"yearly": [{"date": 2017, "revenue": 10579348000, "earnings": 335738000}, {"date": 2018, "revenue": 16193439000, "earnings": 636926000}, {"date": 2019, "revenue": 22365521000, "earnings": 588370000}, {"date": 2020, "revenue": 17689366000, "earnings": 555026000}], "quarterly": [{"date": "3Q2019", "revenue": 3190600000, "earnings": 100600000}, {"date": "4Q2019", "revenue": 5410300000, "earnings": 293000000}, {"date": "1Q2020", "revenue": 6639666000, "earnings": 124826000}, {"date": "2Q2020", "revenue": 4101000000, "earnings": 171100000}]}, "financialCurrency": "INR"}, "calendarEvents": {"maxAge": 1, "earnings": {"earningsDate": ["2020-08-12 05:30:S"]}}, "price": {"maxAge": 1, "regularMarketChangePercent": 0.079431, "regularMarketChange": 6.7000046, "regularMarketTime": "2021-04-30 15:47:19", "priceHint": 2, "regularMarketPrice": 91.05, "regularMarketDayHigh": 96.4, "regularMarketDayLow": 82.45, "regularMarketVolume": 252942, "averageDailyVolume10Day": 44367, "averageDailyVolume3Month": 52514, "regularMarketPreviousClose": 84.35, "regularMarketSource": "FREE_REALTIME", "regularMarketOpen": 83.1, "exchange": "BSE", "exchangeName": "BSE", "exchangeDataDelayedBy": 0, "marketState": "CLOSED", "quoteType": "EQUITY", "symbol": "MANINDS.BO", "underlyingSymbol": null, "shortName": "MAN INDUSTRIES (INDIA) LTD.", "longName": "Man Industries (India) Limited", "currency": "INR", "quoteSourceName": "Delayed Quote", "currencySymbol": "\u20b9", "fromCurrency": null, "toCurrency": null, "lastMarket": null, "marketCap": 5199237632}, "balanceSheetHistory": {"balanceSheetStatements": [{"maxAge": 1, "endDate": "2020-03-31", "cash": 1360279000, "shortTermInvestments": 1000, "netReceivables": 5195405000, "inventory": 3796017000, "otherCurrentAssets": 1324467000, "totalCurrentAssets": 11783933000, "longTermInvestments": 1023005000, "propertyPlantEquipment": 3718739000, "otherAssets": 1745958000, "totalAssets": 18271635000, "accountsPayable": 5612795000, "shortLongTermDebt": 383697000, "otherCurrentLiab": 1670541000, "longTermDebt": 153333000, "otherLiab": 315345000, "totalCurrentLiabilities": 10221958000, "totalLiab": 10808018000, "commonStock": 285515000, "retainedEarnings": 6143379000, "treasuryStock": 91391000, "capitalSurplus": 943332000, "otherStockholderEquity": 91391000, "totalStockholderEquity": 7463617000, "netTangibleAssets": 7463617000}, {"maxAge": 1, "endDate": "2019-03-31", "cash": 49207000, "shortTermInvestments": 1000, "netReceivables": 6368703000, "inventory": 2166292000, "otherCurrentAssets": 818570000, "totalCurrentAssets": 9491367000, "longTermInvestments": 1023591000, "propertyPlantEquipment": 3991779000, "otherAssets": 1435218000, "totalAssets": 15941955000, "accountsPayable": 5633841000, "shortLongTermDebt": 434455000, "otherCurrentLiab": 221712000, "longTermDebt": 491647000, "otherLiab": 451122000, "totalCurrentLiabilities": 7978885000, "totalLiab": 8921654000, "commonStock": 285515000, "retainedEarnings": 5760053000, "treasuryStock": 31401000, "capitalSurplus": 943332000, "otherStockholderEquity": 31401000, "totalStockholderEquity": 7020301000, "netTangibleAssets": 7020301000}, {"maxAge": 1, "endDate": "2018-03-31", "cash": 54407000, "shortTermInvestments": 4926000, "netReceivables": 5160561000, "inventory": 4182970000, "otherCurrentAssets": 1423843000, "totalCurrentAssets": 10919947000, "longTermInvestments": 1022983000, "propertyPlantEquipment": 4184112000, "otherAssets": 849112000, "totalAssets": 16976154000, "accountsPayable": 5777767000, "shortLongTermDebt": 1039834000, "otherCurrentLiab": 398756000, "longTermDebt": 895795000, "otherLiab": 404986000, "totalCurrentLiabilities": 9153454000, "totalLiab": 10454235000, "commonStock": 285515000, "retainedEarnings": 5284290000, "treasuryStock": 8782000, "capitalSurplus": 943332000, "otherStockholderEquity": 8782000, "totalStockholderEquity": 6521919000, "netTangibleAssets": 6521919000}, {"maxAge": 1, "endDate": "2017-03-31", "cash": 1185615000, "shortTermInvestments": 2000, "netReceivables": 5353875000, "inventory": 1089195000, "otherCurrentAssets": 1023943000, "totalCurrentAssets": 8703028000, "longTermInvestments": 1030073000, "propertyPlantEquipment": 3508424000, "otherAssets": 322418000, "totalAssets": 13563943000, "accountsPayable": 2117824000, "shortLongTermDebt": 903279000, "otherCurrentLiab": 273699000, "longTermDebt": 1313307000, "otherLiab": 455664000, "totalCurrentLiabilities": 5812159000, "totalLiab": 7581130000, "commonStock": 285515000, "retainedEarnings": 4748450000, "treasuryStock": 5516000, "capitalSurplus": 943332000, "otherStockholderEquity": 5516000, "totalStockholderEquity": 5982813000, "netTangibleAssets": 5982813000}], "maxAge": 86400}, "earningsTrend": {"trend": [{"maxAge": 1, "period": "0q", "endDate": "2018-12-31", "growth": {}, "earningsEstimate": {"avg": 0.0, "low": 0.0, "high": 0.0, "yearAgoEps": {}, "numberOfAnalysts": 0, "growth": {}}, "revenueEstimate": {"avg": 0, "low": 0, "high": 0, "numberOfAnalysts": 0, "yearAgoRevenue": {}, "growth": {}}, "epsTrend": {"current": 0.0, "7daysAgo": 0.0, "30daysAgo": 0.0, "60daysAgo": 0.0, "90daysAgo": 0.0}, "epsRevisions": {"upLast7days": 0, "upLast30days": 0, "downLast30days": 0, "downLast90days": {}}}, {"maxAge": 1, "period": "+1q", "endDate": "2019-03-31", "growth": {}, "earningsEstimate": {"avg": 0.0, "low": 0.0, "high": 0.0, "yearAgoEps": {}, "numberOfAnalysts": 0, "growth": {}}, "revenueEstimate": {"avg": 0, "low": 0, "high": 0, "numberOfAnalysts": 0, "yearAgoRevenue": {}, "growth": {}}, "epsTrend": {"current": 0.0, "7daysAgo": 0.0, "30daysAgo": 0.0, "60daysAgo": 0.0, "90daysAgo": 0.0}, "epsRevisions": {"upLast7days": 0, "upLast30days": 0, "downLast30days": 0, "downLast90days": {}}}, {"maxAge": 1, "period": "0y", "endDate": "2019-03-31", "growth": {}, "earningsEstimate": {"avg": 0.0, "low": 0.0, "high": 0.0, "yearAgoEps": {}, "numberOfAnalysts": 0, "growth": {}}, "revenueEstimate": {"avg": 23271200000, "low": 23271200000, "high": 23271200000, "numberOfAnalysts": 1, "yearAgoRevenue": 15723800000, "growth": 0.48}, "epsTrend": {"current": 0.0, "7daysAgo": 14.06, "30daysAgo": 14.06, "60daysAgo": 14.06, "90daysAgo": 14.06}, "epsRevisions": {"upLast7days": 0, "upLast30days": 0, "downLast30days": 0, "downLast90days": {}}}, {"maxAge": 1, "period": "+1y", "endDate": "2020-03-31", "growth": {}, "earningsEstimate": {"avg": 0.0, "low": 0.0, "high": 0.0, "yearAgoEps": {}, "numberOfAnalysts": 0, "growth": {}}, "revenueEstimate": {"avg": 27460000000, "low": 27460000000, "high": 27460000000, "numberOfAnalysts": 1, "yearAgoRevenue": 23271200000, "growth": 0.18}, "epsTrend": {"current": 0.0, "7daysAgo": 17.33, "30daysAgo": 17.33, "60daysAgo": 17.33, "90daysAgo": 17.33}, "epsRevisions": {"upLast7days": 0, "upLast30days": 1, "downLast30days": 0, "downLast90days": {}}}, {"maxAge": 1, "period": "+5y", "endDate": null, "growth": {}, "earningsEstimate": {"avg": {}, "low": {}, "high": {}, "yearAgoEps": {}, "numberOfAnalysts": {}, "growth": {}}, "revenueEstimate": {"avg": {}, "low": {}, "high": {}, "numberOfAnalysts": {}, "yearAgoRevenue": {}, "growth": {}}, "epsTrend": {"current": {}, "7daysAgo": {}, "30daysAgo": {}, "60daysAgo": {}, "90daysAgo": {}}, "epsRevisions": {"upLast7days": {}, "upLast30days": {}, "downLast30days": {}, "downLast90days": {}}}, {"maxAge": 1, "period": "-5y", "endDate": null, "growth": {}, "earningsEstimate": {"avg": {}, "low": {}, "high": {}, "yearAgoEps": {}, "numberOfAnalysts": {}, "growth": {}}, "revenueEstimate": {"avg": {}, "low": {}, "high": {}, "numberOfAnalysts": {}, "yearAgoRevenue": {}, "growth": {}}, "epsTrend": {"current": {}, "7daysAgo": {}, "30daysAgo": {}, "60daysAgo": {}, "90daysAgo": {}}, "epsRevisions": {"upLast7days": {}, "upLast30days": {}, "downLast30days": {}, "downLast90days": {}}}], "maxAge": 1}, "financialData": {"maxAge": 86400, "currentPrice": 91.05, "targetHighPrice": 135.0, "targetLowPrice": 135.0, "targetMeanPrice": 135.0, "targetMedianPrice": 135.0, "recommendationKey": "none", "numberOfAnalystOpinions": 1, "grossProfits": 5030574000, "financialCurrency": "INR"}}}