{"MANORG.BO": {"recommendationTrend": {"trend": [{"period": "0m", "strongBuy": 0, "buy": 0, "hold": 0, "sell": 0, "strongSell": 0}, {"period": "-1m", "strongBuy": 0, "buy": 0, "hold": 0, "sell": 0, "strongSell": 0}, {"period": "-2m", "strongBuy": 0, "buy": 0, "hold": 0, "sell": 0, "strongSell": 0}, {"period": "-3m", "strongBuy": 0, "buy": 0, "hold": 0, "sell": 0, "strongSell": 0}], "maxAge": 86400}, "cashflowStatementHistory": {"cashflowStatements": [{"maxAge": 1, "endDate": "2020-03-31", "netIncome": 479365852, "depreciation": 89735120, "changeToNetincome": 31557521, "changeToAccountReceivables": 258152699, "changeToLiabilities": 57604480, "changeToInventory": 16916272, "totalCashFromOperatingActivities": 933331944, "capitalExpenditures": -593082074, "otherCashflowsFromInvestingActivities": 94994, "totalCashflowsFromInvestingActivities": -592987080, "dividendsPaid": -8564440, "netBorrowings": -296924169, "otherCashflowsFromFinancingActivities": -53686401, "totalCashFromFinancingActivities": -359175010, "changeInCash": -18830146}, {"maxAge": 1, "endDate": "2019-03-31", "netIncome": 726575539, "depreciation": 62117293, "changeToNetincome": 21499837, "changeToAccountReceivables": -143647197, "changeToLiabilities": -49721154, "changeToInventory": -324865677, "totalCashFromOperatingActivities": 291958641, "capitalExpenditures": -275706563, "investments": 5069244, "otherCashflowsFromInvestingActivities": 1693392, "totalCashflowsFromInvestingActivities": -268943927, "dividendsPaid": -8564440, "netBorrowings": 99454231, "otherCashflowsFromFinancingActivities": -38102140, "totalCashFromFinancingActivities": -59507549, "changeInCash": -36492835, "repurchaseOfStock": -112295200}, {"maxAge": 1, "endDate": "2018-03-31", "netIncome": 144556230, "depreciation": 55028082, "changeToNetincome": 14952530, "changeToAccountReceivables": -2361814, "changeToLiabilities": -1313190, "changeToInventory": 36201984, "totalCashFromOperatingActivities": 247063822, "capitalExpenditures": -71480038, "investments": 5069244, "otherCashflowsFromInvestingActivities": 4037302, "totalCashflowsFromInvestingActivities": -67139284, "dividendsPaid": -8564440, "netBorrowings": -103331748, "otherCashflowsFromFinancingActivities": -25626749, "totalCashFromFinancingActivities": -128958497, "changeInCash": 50966042, "repurchaseOfStock": -112295200}, {"maxAge": 1, "endDate": "2017-03-31", "netIncome": 48337218, "depreciation": 52968725, "changeToNetincome": 23014533, "changeToAccountReceivables": 63247638, "changeToLiabilities": -41660382, "changeToInventory": 65237081, "totalCashFromOperatingActivities": 211144813, "capitalExpenditures": -28517109, "investments": 5069244, "otherCashflowsFromInvestingActivities": 3300270, "totalCashflowsFromInvestingActivities": -24715138, "dividendsPaid": -8564440, "netBorrowings": -134937138, "otherCashflowsFromFinancingActivities": -44634372, "totalCashFromFinancingActivities": -179571510, "changeInCash": 6858165, "repurchaseOfStock": -112295200}], "maxAge": 86400}, "institutionOwnership": {"ownershipList": [], "maxAge": 1}, "balanceSheetHistoryQuarterly": {"balanceSheetStatements": [{"maxAge": 1, "endDate": "2020-06-30", "totalStockholderEquity": 1678989000, "netTangibleAssets": 1678989000}, {"maxAge": 1, "endDate": "2020-03-31", "cash": 6473616, "netReceivables": 313172216, "inventory": 647128935, "otherCurrentAssets": 87987585, "totalCurrentAssets": 1058507766, "longTermInvestments": 25000, "propertyPlantEquipment": 1052782994, "otherAssets": 37583878, "totalAssets": 2148899638, "accountsPayable": 63588897, "shortLongTermDebt": 27718377, "otherCurrentLiab": 63007087, "longTermDebt": 88155255, "otherLiab": 56557687, "totalCurrentLiabilities": 325198001, "totalLiab": 469910943, "commonStock": 85644400, "retainedEarnings": 1593344295, "totalStockholderEquity": 1678988695, "netTangibleAssets": 1678988695}, {"maxAge": 1, "endDate": "2019-12-31", "totalStockholderEquity": 1516471000, "netTangibleAssets": 1516471000}, {"maxAge": 1, "endDate": "2019-09-30", "cash": 23518000, "shortTermInvestments": 49843000, "netReceivables": 408271000, "inventory": 774388000, "otherCurrentAssets": 140549000, "totalCurrentAssets": 1396569000, "longTermInvestments": 1462000, "propertyPlantEquipment": 849591000, "otherAssets": 13890000, "totalAssets": 2261512000, "accountsPayable": 97122000, "otherCurrentLiab": 23101000, "longTermDebt": 258273000, "otherLiab": 48236000, "totalCurrentLiabilities": 438532000, "totalLiab": 745041000, "commonStock": 85644000, "retainedEarnings": 1430827000, "totalStockholderEquity": 1516471000, "netTangibleAssets": 1516471000}], "maxAge": 86400}, "earningsHistory": {"history": [{"maxAge": 1, "epsActual": {}, "epsEstimate": {}, "epsDifference": {}, "surprisePercent": {}, "quarter": {}, "period": "-4q"}, {"maxAge": 1, "epsActual": {}, "epsEstimate": {}, "epsDifference": {}, "surprisePercent": {}, "quarter": {}, "period": "-3q"}, {"maxAge": 1, "epsActual": {}, "epsEstimate": {}, "epsDifference": {}, "surprisePercent": {}, "quarter": {}, "period": "-2q"}, {"maxAge": 1, "epsActual": 0.35, "epsEstimate": 1.76, "epsDifference": -1.41, "surprisePercent": -0.801, "quarter": "2015-03-31", "period": "-1q"}], "maxAge": 86400}, "indexTrend": {"maxAge": 1, "symbol": "SP5", "peRatio": 19.7411, "pegRatio": 1.34172, "estimates": [{"period": "0q", "growth": 0.549}, {"period": "+1q", "growth": 0.431}, {"period": "0y", "growth": 0.305}, {"period": "+1y", "growth": 0.109}, {"period": "+5y", "growth": 0.120859005}, {"period": "-5y"}]}, "industryTrend": {"maxAge": 1, "symbol": null, "estimates": []}, "insiderTransactions": {"transactions": [{"maxAge": 1, "shares": 156216, "filerUrl": "", "transactionText": "Other at price 0.00 per share.", "filerName": "Dujodwala (Kamalkumar R)", "filerRelation": "Promoter", "moneyText": "", "startDate": "2020-09-25", "ownership": "D"}, {"maxAge": 1, "shares": 156216, "filerUrl": "", "transactionText": "Other at price 0.00 per share.", "filerName": "Kamalkunar(Ramgopal) HUF", "filerRelation": "Promoter", "moneyText": "", "startDate": "2020-09-25", "ownership": "D"}, {"maxAge": 1, "shares": 260000, "filerUrl": "", "transactionText": "", "filerName": "Dujodwala (Akshay Kamalkumar)", "filerRelation": "Promoter", "moneyText": "", "startDate": "2020-02-27", "ownership": "D"}, {"maxAge": 1, "shares": 160000, "filerUrl": "", "transactionText": "", "filerName": "Dujodwala (Akshay Kamalkumar)", "filerRelation": "Promoter", "moneyText": "", "startDate": "2019-09-16", "ownership": "D"}, {"maxAge": 1, "shares": 36591, "filerUrl": "", "transactionText": "", "filerName": "Dujodwala (Akshay Kamalkumar)", "filerRelation": "Promoter", "moneyText": "", "startDate": "2019-03-28", "ownership": "D"}, {"maxAge": 1, "shares": 131300, "filerUrl": "", "transactionText": "", "filerName": "Dujodwala (Pankaj)", "filerRelation": "UNREPORTED", "moneyText": "", "startDate": "2019-03-16", "ownership": "D"}, {"maxAge": 1, "shares": 131300, "filerUrl": "", "transactionText": "", "filerName": "Dujodwala (Vasudha)", "filerRelation": "UNREPORTED", "moneyText": "", "startDate": "2019-03-16", "ownership": "D"}, {"maxAge": 1, "shares": 61065, "filerUrl": "", "transactionText": "", "filerName": "Indo Euro Securities Ltd", "filerRelation": "Institution- Corporation", "moneyText": "", "startDate": "2009-10-19", "ownership": "D"}], "maxAge": 1}, "quoteType": {"exchange": "BSE", "quoteType": "EQUITY", "symbol": "MANORG.BO", "underlyingSymbol": "MANORG.BO", "shortName": "MANGALAM ORGANICS LIMITED", "longName": "Mangalam Organics Limited", "firstTradeDateEpochUtc": "2002-01-07 09:15:00", "timeZoneFullName": "Asia/Kolkata", "timeZoneShortName": "IST", "uuid": "cff7cd23-81ef-31dd-8ea1-67836acb65b4", "gmtOffSetMilliseconds": 19800000, "maxAge": 1}, "incomeStatementHistory": {"incomeStatementHistory": [{"maxAge": 1, "endDate": "2020-03-31", "totalRevenue": 3755437582, "costOfRevenue": 2170543516, "grossProfit": 1584894066, "researchDevelopment": {}, "sellingGeneralAdministrative": 254605784, "nonRecurring": {}, "otherOperatingExpenses": 455441019, "totalOperatingExpenses": 2970325439, "operatingIncome": 785112143, "totalOtherIncomeExpenseNet": -155991567, "ebit": 785112143, "interestExpense": -48504242, "incomeBeforeTax": 629120576, "incomeTaxExpense": 149754724, "minorityInterest": {}, "netIncomeFromContinuingOps": 479365852, "discontinuedOperations": {}, "extraordinaryItems": {}, "effectOfAccountingCharges": {}, "otherItems": {}, "netIncome": 479365852, "netIncomeApplicableToCommonShares": 479365852}, {"maxAge": 1, "endDate": "2019-03-31", "totalRevenue": 4262551752, "costOfRevenue": 2500102959, "grossProfit": 1762448793, "researchDevelopment": {}, "sellingGeneralAdministrative": 222458732, "nonRecurring": {}, "otherOperatingExpenses": 424928634, "totalOperatingExpenses": 3209607618, "operatingIncome": 1052944134, "totalOtherIncomeExpenseNet": -36685604, "ebit": 1052944134, "interestExpense": -29180559, "incomeBeforeTax": 1016258530, "incomeTaxExpense": 289682991, "minorityInterest": {}, "netIncomeFromContinuingOps": 726575539, "discontinuedOperations": {}, "extraordinaryItems": {}, "effectOfAccountingCharges": {}, "otherItems": {}, "netIncome": 726575539, "netIncomeApplicableToCommonShares": 726575539}, {"maxAge": 1, "endDate": "2018-03-31", "totalRevenue": 2415718655, "costOfRevenue": 1751605725, "grossProfit": 664112930, "researchDevelopment": {}, "sellingGeneralAdministrative": 124806471, "nonRecurring": {}, "otherOperatingExpenses": 278811968, "totalOperatingExpenses": 2210252246, "operatingIncome": 205466409, "totalOtherIncomeExpenseNet": -21577661, "ebit": 205466409, "interestExpense": -20363076, "incomeBeforeTax": 183888748, "incomeTaxExpense": 39332518, "minorityInterest": {}, "netIncomeFromContinuingOps": 144556230, "discontinuedOperations": {}, "extraordinaryItems": {}, "effectOfAccountingCharges": {}, "otherItems": {}, "netIncome": 144556230, "netIncomeApplicableToCommonShares": 144556230}, {"maxAge": 1, "endDate": "2017-03-31", "totalRevenue": 1768530400, "costOfRevenue": 1258268870, "grossProfit": 510261530, "researchDevelopment": {}, "sellingGeneralAdministrative": 88101704, "nonRecurring": {}, "otherOperatingExpenses": 174871989, "totalOperatingExpenses": 1574211288, "operatingIncome": 194319112, "totalOtherIncomeExpenseNet": -164650622, "ebit": 194319112, "interestExpense": -40498459, "incomeBeforeTax": 29668490, "incomeTaxExpense": -18668728, "minorityInterest": {}, "netIncomeFromContinuingOps": 48337218, "discontinuedOperations": {}, "extraordinaryItems": {}, "effectOfAccountingCharges": {}, "otherItems": {}, "netIncome": 48337218, "netIncomeApplicableToCommonShares": 48337218}], "maxAge": 86400}, "fundOwnership": {"ownershipList": [], "maxAge": 1}, "summaryDetail": {"maxAge": 1, "priceHint": 2, "previousClose": 608.7, "open": 595.0, "dayLow": 591.1, "dayHigh": 615.0, "regularMarketPreviousClose": 608.7, "regularMarketOpen": 595.0, "regularMarketDayLow": 591.1, "regularMarketDayHigh": 615.0, "trailingPE": 11.87515, "volume": 23422, "regularMarketVolume": 23422, "averageVolume": 20436, "averageVolume10days": 32414, "averageDailyVolume10Day": 32414, "bid": 591.15, "ask": 0.0, "bidSize": 0, "askSize": 0, "marketCap": 5094556672, "fiftyTwoWeekLow": 120.8, "fiftyTwoWeekHigh": 615.0, "fiftyDayAverage": 446.75757, "twoHundredDayAverage": 457.52353, "trailingAnnualDividendRate": 1.0, "trailingAnnualDividendYield": 0.0016428453, "currency": "INR", "fromCurrency": null, "lastMarket": null, "algorithm": null, "tradeable": false}, "sectorTrend": {"maxAge": 1, "symbol": null, "estimates": []}, "incomeStatementHistoryQuarterly": {"incomeStatementHistory": [{"maxAge": 1, "endDate": "2020-06-30", "totalRevenue": 489041000, "costOfRevenue": 207094000, "grossProfit": 281947000, "researchDevelopment": {}, "sellingGeneralAdministrative": 53015000, "nonRecurring": {}, "otherOperatingExpenses": 99379000, "totalOperatingExpenses": 381174000, "operatingIncome": 107867000, "totalOtherIncomeExpenseNet": -4601000, "ebit": 107867000, "interestExpense": -4601000, "incomeBeforeTax": 103266000, "incomeTaxExpense": 25000000, "minorityInterest": {}, "netIncomeFromContinuingOps": 78266000, "discontinuedOperations": {}, "extraordinaryItems": {}, "effectOfAccountingCharges": {}, "otherItems": {}, "netIncome": 78266000, "netIncomeApplicableToCommonShares": 78266000}, {"maxAge": 1, "endDate": "2020-03-31", "totalRevenue": 810477582, "costOfRevenue": 439771516, "grossProfit": 370706066, "researchDevelopment": {}, "sellingGeneralAdministrative": 69418784, "nonRecurring": {}, "otherOperatingExpenses": 45170019, "totalOperatingExpenses": 586343439, "operatingIncome": 224134143, "totalOtherIncomeExpenseNet": -61027567, "ebit": 224134143, "interestExpense": -4740242, "incomeBeforeTax": 163106576, "incomeTaxExpense": 34652724, "minorityInterest": {}, "netIncomeFromContinuingOps": 128453852, "discontinuedOperations": {}, "extraordinaryItems": {}, "effectOfAccountingCharges": {}, "otherItems": {}, "netIncome": 128453852, "netIncomeApplicableToCommonShares": 128453852}, {"maxAge": 1, "endDate": "2019-12-31", "totalRevenue": 805851000, "costOfRevenue": 469161000, "grossProfit": 336690000, "researchDevelopment": {}, "sellingGeneralAdministrative": 61591000, "nonRecurring": {}, "otherOperatingExpenses": 138792000, "totalOperatingExpenses": 690707000, "operatingIncome": 115144000, "totalOtherIncomeExpenseNet": -62430000, "ebit": 115144000, "interestExpense": -11230000, "incomeBeforeTax": 52714000, "incomeTaxExpense": 15000000, "minorityInterest": {}, "netIncomeFromContinuingOps": 37714000, "discontinuedOperations": {}, "extraordinaryItems": {}, "effectOfAccountingCharges": {}, "otherItems": {}, "netIncome": 37714000, "netIncomeApplicableToCommonShares": 37714000}, {"maxAge": 1, "endDate": "2019-09-30", "totalRevenue": 1220534000, "costOfRevenue": 724996000, "grossProfit": 495538000, "researchDevelopment": {}, "sellingGeneralAdministrative": 69352000, "nonRecurring": {}, "otherOperatingExpenses": 145103000, "totalOperatingExpenses": 960523000, "operatingIncome": 260011000, "totalOtherIncomeExpenseNet": -17265000, "ebit": 260011000, "interestExpense": -17265000, "incomeBeforeTax": 242746000, "incomeTaxExpense": 80102000, "minorityInterest": {}, "netIncomeFromContinuingOps": 162644000, "discontinuedOperations": {}, "extraordinaryItems": {}, "effectOfAccountingCharges": {}, "otherItems": {}, "netIncome": 162644000, "netIncomeApplicableToCommonShares": 162644000}], "maxAge": 86400}, "cashflowStatementHistoryQuarterly": {"cashflowStatements": [{"maxAge": 1, "endDate": "2020-06-30", "netIncome": 78266000, "changeToLiabilities": 0}, {"maxAge": 1, "endDate": "2020-03-31", "netIncome": 128453852, "changeToLiabilities": 0}, {"maxAge": 1, "endDate": "2019-12-31", "netIncome": 37714000, "changeToLiabilities": 0}, {"maxAge": 1, "endDate": "2019-09-30", "netIncome": 162644000, "changeToLiabilities": 0}], "maxAge": 86400}, "insiderHolders": {"holders": [{"maxAge": 1, "name": "Dujodwala (Akshay Kamalkumar)", "relation": "Promoter", "url": "", "transactionDescription": "Acquisition", "latestTransDate": "2020-02-27", "positionDirect": 807965, "positionDirectDate": "2020-02-27"}, {"maxAge": 1, "name": "Dujodwala (Kamalkumar R)", "relation": "Promoter", "url": "", "transactionDescription": "Other", "latestTransDate": "2020-09-25", "positionDirect": 157216, "positionDirectDate": "2020-09-25"}, {"maxAge": 1, "name": "Dujodwala (Pankaj)", "relation": "UNREPORTED", "url": "", "transactionDescription": "Gift", "latestTransDate": "2019-03-16", "positionDirect": 131300, "positionDirectDate": "2019-03-16"}, {"maxAge": 1, "name": "Dujodwala (Vasudha)", "relation": "UNREPORTED", "url": "", "transactionDescription": "Gift", "latestTransDate": "2019-03-16", "positionDirect": 0, "positionDirectDate": "2019-03-16"}, {"maxAge": 1, "name": "Indo Euro Securities Ltd", "relation": "Institution- Corporation", "url": "", "transactionDescription": "Acquisition", "latestTransDate": "2009-10-19", "positionDirect": 1635108, "positionDirectDate": "2009-10-19"}, {"maxAge": 1, "name": "Kamalkunar(Ramgopal) HUF", "relation": "Promoter", "url": "", "transactionDescription": "Other", "latestTransDate": "2020-09-25", "positionDirect": 0, "positionDirectDate": "2020-09-25"}], "maxAge": 1}, "earnings": {"maxAge": 86400, "earningsChart": {"quarterly": [{"date": "1Q2015", "actual": 0.35, "estimate": 1.76}], "currentQuarterEstimateDate": "2Q", "currentQuarterEstimateYear": 2015, "earningsDate": ["2020-07-25 05:30:S"]}, "financialsChart": {"yearly": [{"date": 2017, "revenue": 1768530400, "earnings": 48337218}, {"date": 2018, "revenue": 2415718655, "earnings": 144556230}, {"date": 2019, "revenue": 4262551752, "earnings": 726575539}, {"date": 2020, "revenue": 3755437582, "earnings": 479365852}], "quarterly": [{"date": "3Q2019", "revenue": 1220534000, "earnings": 162644000}, {"date": "4Q2019", "revenue": 805851000, "earnings": 37714000}, {"date": "1Q2020", "revenue": 810477582, "earnings": 128453852}, {"date": "2Q2020", "revenue": 489041000, "earnings": 78266000}]}, "financialCurrency": "INR"}, "calendarEvents": {"maxAge": 1, "earnings": {"earningsDate": ["2020-07-25 05:30:S"]}}, "upgradeDowngradeHistory": {"history": [], "maxAge": 86400}, "price": {"maxAge": 1, "regularMarketChangePercent": -0.022753468, "regularMarketChange": -13.850037, "regularMarketTime": "2021-04-30 15:51:40", "priceHint": 2, "regularMarketPrice": 594.85, "regularMarketDayHigh": 615.0, "regularMarketDayLow": 591.1, "regularMarketVolume": 23422, "averageDailyVolume10Day": 32414, "averageDailyVolume3Month": 20436, "regularMarketPreviousClose": 608.7, "regularMarketSource": "FREE_REALTIME", "regularMarketOpen": 595.0, "exchange": "BSE", "exchangeName": "BSE", "exchangeDataDelayedBy": 0, "marketState": "CLOSED", "quoteType": "EQUITY", "symbol": "MANORG.BO", "underlyingSymbol": null, "shortName": "MANGALAM ORGANICS LIMITED", "longName": "Mangalam Organics Limited", "currency": "INR", "quoteSourceName": "Delayed Quote", "currencySymbol": "\u20b9", "fromCurrency": null, "lastMarket": null, "marketCap": 5094556672}, "balanceSheetHistory": {"balanceSheetStatements": [{"maxAge": 1, "endDate": "2020-03-31", "cash": 6473616, "netReceivables": 313172216, "inventory": 647128935, "otherCurrentAssets": 87987585, "totalCurrentAssets": 1058507766, "longTermInvestments": 25000, "propertyPlantEquipment": 1052782994, "otherAssets": 37583878, "totalAssets": 2148899638, "accountsPayable": 63588897, "shortLongTermDebt": 27718377, "otherCurrentLiab": 63007087, "longTermDebt": 88155255, "otherLiab": 56557687, "totalCurrentLiabilities": 325198001, "totalLiab": 469910943, "commonStock": 85644400, "retainedEarnings": 1593344295, "totalStockholderEquity": 1678988695, "netTangibleAssets": 1678988695}, {"maxAge": 1, "endDate": "2019-03-31", "cash": 25303763, "netReceivables": 393417363, "inventory": 664045207, "otherCurrentAssets": 277006697, "totalCurrentAssets": 1360573511, "longTermInvestments": 25000, "propertyPlantEquipment": 549436040, "otherAssets": 19146192, "totalAssets": 1929180743, "accountsPayable": 90574573, "shortLongTermDebt": 2860883, "otherCurrentLiab": 33872880, "longTermDebt": 62844996, "otherLiab": 49422252, "totalCurrentLiabilities": 603464404, "totalLiab": 715731652, "commonStock": 85644400, "retainedEarnings": 1127804691, "totalStockholderEquity": 1213449091, "netTangibleAssets": 1213449091}, {"maxAge": 1, "endDate": "2018-03-31", "cash": 61796597, "shortTermInvestments": 47409320, "netReceivables": 320344010, "inventory": 339179530, "otherCurrentAssets": 109226317, "totalCurrentAssets": 884089294, "longTermInvestments": 25000, "propertyPlantEquipment": 339158829, "otherAssets": 68679613, "totalAssets": 1291952736, "accountsPayable": 140660898, "shortLongTermDebt": 1653052, "otherCurrentLiab": 48097767, "longTermDebt": 7686613, "otherLiab": 45633041, "totalCurrentLiabilities": 626514637, "totalLiab": 679834291, "commonStock": 90526800, "retainedEarnings": 433568984, "treasuryStock": 7025984, "capitalSurplus": 80996677, "otherStockholderEquity": 7025984, "totalStockholderEquity": 612118445, "netTangibleAssets": 612118445}, {"maxAge": 1, "endDate": "2017-03-31", "cash": 10830556, "netReceivables": 335055253, "inventory": 375381514, "otherCurrentAssets": 120898754, "totalCurrentAssets": 842607302, "longTermInvestments": 25000, "propertyPlantEquipment": 323067786, "otherAssets": 87966490, "totalAssets": 1253666578, "accountsPayable": 123981397, "shortLongTermDebt": 12798708, "otherCurrentLiab": 35187933, "longTermDebt": 109754453, "otherLiab": 67925027, "totalCurrentLiabilities": 607101858, "totalLiab": 784781338, "commonStock": 90526800, "retainedEarnings": 290335779, "treasuryStock": 7025984, "capitalSurplus": 80996677, "otherStockholderEquity": 7025984, "totalStockholderEquity": 468885240, "netTangibleAssets": 468885240}], "maxAge": 86400}, "earningsTrend": {"trend": [{"maxAge": 1, "period": "0q", "endDate": "2015-06-30", "growth": {}, "earningsEstimate": {"avg": 0.0, "low": 0.0, "high": 0.0, "yearAgoEps": {}, "numberOfAnalysts": 0, "growth": {}}, "revenueEstimate": {"avg": 0, "low": 0, "high": 0, "numberOfAnalysts": 0, "yearAgoRevenue": {}, "growth": {}}, "epsTrend": {"current": 0.0, "7daysAgo": 0.0, "30daysAgo": 0.0, "60daysAgo": 0.0, "90daysAgo": 0.0}, "epsRevisions": {"upLast7days": 0, "upLast30days": 0, "downLast30days": 0, "downLast90days": {}}}, {"maxAge": 1, "period": "+1q", "endDate": "2015-09-30", "growth": {}, "earningsEstimate": {"avg": 0.0, "low": 0.0, "high": 0.0, "yearAgoEps": {}, "numberOfAnalysts": 0, "growth": {}}, "revenueEstimate": {"avg": 0, "low": 0, "high": 0, "numberOfAnalysts": 0, "yearAgoRevenue": {}, "growth": {}}, "epsTrend": {"current": 0.0, "7daysAgo": 0.0, "30daysAgo": 0.0, "60daysAgo": 0.0, "90daysAgo": 0.0}, "epsRevisions": {"upLast7days": 0, "upLast30days": 0, "downLast30days": 0, "downLast90days": {}}}, {"maxAge": 1, "period": "0y", "endDate": "2016-03-31", "growth": {}, "earningsEstimate": {"avg": 0.0, "low": 0.0, "high": 0.0, "yearAgoEps": {}, "numberOfAnalysts": 0, "growth": {}}, "revenueEstimate": {"avg": 2738040000, "low": 2738040000, "high": 2738040000, "numberOfAnalysts": 1, "yearAgoRevenue": 2390970000, "growth": 0.145}, "epsTrend": {"current": 0.0, "7daysAgo": 7.89, "30daysAgo": 7.89, "60daysAgo": 7.89, "90daysAgo": 7.89}, "epsRevisions": {"upLast7days": 0, "upLast30days": 0, "downLast30days": 0, "downLast90days": {}}}, {"maxAge": 1, "period": "+1y", "endDate": "2017-03-31", "growth": {}, "earningsEstimate": {"avg": 0.0, "low": 0.0, "high": 0.0, "yearAgoEps": {}, "numberOfAnalysts": 0, "growth": {}}, "revenueEstimate": {"avg": 0, "low": 0, "high": 0, "numberOfAnalysts": 0, "yearAgoRevenue": 2738040000, "growth": {}}, "epsTrend": {"current": 0.0, "7daysAgo": 0.0, "30daysAgo": 0.0, "60daysAgo": 0.0, "90daysAgo": 0.0}, "epsRevisions": {"upLast7days": 0, "upLast30days": 0, "downLast30days": 0, "downLast90days": {}}}, {"maxAge": 1, "period": "+5y", "endDate": null, "growth": {}, "earningsEstimate": {"avg": {}, "low": {}, "high": {}, "yearAgoEps": {}, "numberOfAnalysts": {}, "growth": {}}, "revenueEstimate": {"avg": {}, "low": {}, "high": {}, "numberOfAnalysts": {}, "yearAgoRevenue": {}, "growth": {}}, "epsTrend": {"current": {}, "7daysAgo": {}, "30daysAgo": {}, "60daysAgo": {}, "90daysAgo": {}}, "epsRevisions": {"upLast7days": {}, "upLast30days": {}, "downLast30days": {}, "downLast90days": {}}}, {"maxAge": 1, "period": "-5y", "endDate": null, "growth": {}, "earningsEstimate": {"avg": {}, "low": {}, "high": {}, "yearAgoEps": {}, "numberOfAnalysts": {}, "growth": {}}, "revenueEstimate": {"avg": {}, "low": {}, "high": {}, "numberOfAnalysts": {}, "yearAgoRevenue": {}, "growth": {}}, "epsTrend": {"current": {}, "7daysAgo": {}, "30daysAgo": {}, "60daysAgo": {}, "90daysAgo": {}}, "epsRevisions": {"upLast7days": {}, "upLast30days": {}, "downLast30days": {}, "downLast90days": {}}}], "maxAge": 1}, "financialData": {"maxAge": 86400, "currentPrice": 594.85, "targetHighPrice": 36.0, "targetLowPrice": 36.0, "targetMeanPrice": 36.0, "targetMedianPrice": 36.0, "recommendationKey": "none", "numberOfAnalystOpinions": 1, "grossProfits": 1584894066, "financialCurrency": "INR"}}}