{"MANUGRAPH.BO": {"recommendationTrend": {"trend": [{"period": "0m", "strongBuy": 0, "buy": 0, "hold": 0, "sell": 0, "strongSell": 0}, {"period": "-1m", "strongBuy": 0, "buy": 0, "hold": 0, "sell": 0, "strongSell": 0}, {"period": "-2m", "strongBuy": 0, "buy": 0, "hold": 0, "sell": 0, "strongSell": 0}, {"period": "-3m", "strongBuy": 0, "buy": 0, "hold": 0, "sell": 0, "strongSell": 0}], "maxAge": 86400}, "cashflowStatementHistory": {"cashflowStatements": [{"maxAge": 1, "endDate": "2020-03-31", "netIncome": -353091000, "depreciation": 23437000, "changeToNetincome": -7741000, "changeToAccountReceivables": -122733000, "changeToLiabilities": -6697000, "changeToInventory": 181078000, "changeToOperatingActivities": -7431000, "totalCashFromOperatingActivities": -292368000, "capitalExpenditures": -5058000, "investments": 116711000, "otherCashflowsFromInvestingActivities": 18961000, "totalCashflowsFromInvestingActivities": 133950000, "dividendsPaid": -19465000, "netBorrowings": 91136000, "otherCashflowsFromFinancingActivities": -9212000, "totalCashFromFinancingActivities": 62459000, "changeInCash": -95958000}, {"maxAge": 1, "endDate": "2019-03-31", "netIncome": -163376000, "depreciation": 43398000, "changeToNetincome": -16983000, "changeToAccountReceivables": 121811000, "changeToLiabilities": -282275000, "changeToInventory": -12896000, "changeToOperatingActivities": 170752000, "totalCashFromOperatingActivities": -138507000, "capitalExpenditures": -10802000, "investments": 390730000, "otherCashflowsFromInvestingActivities": -186521000, "totalCashflowsFromInvestingActivities": 253704000, "dividendsPaid": -19477000, "netBorrowings": -25210000, "otherCashflowsFromFinancingActivities": -9267000, "totalCashFromFinancingActivities": -53954000, "changeInCash": 61243000}, {"maxAge": 1, "endDate": "2018-03-31", "netIncome": -142492000, "depreciation": 55030000, "changeToNetincome": -36719000, "changeToAccountReceivables": -91071000, "changeToLiabilities": 138713000, "changeToInventory": -186349000, "changeToOperatingActivities": -18293000, "totalCashFromOperatingActivities": -279803000, "capitalExpenditures": -12503000, "investments": 165723000, "otherCashflowsFromInvestingActivities": 107595000, "totalCashflowsFromInvestingActivities": 314554000, "dividendsPaid": -17150000, "netBorrowings": -39886000, "otherCashflowsFromFinancingActivities": -8501000, "totalCashFromFinancingActivities": -65537000, "changeInCash": -30785000}, {"maxAge": 1, "endDate": "2017-03-31", "netIncome": -353738000, "depreciation": 68169000, "changeToNetincome": 297152000, "changeToAccountReceivables": 207923000, "changeToLiabilities": -251075000, "changeToInventory": 282416000, "changeToOperatingActivities": 48970000, "totalCashFromOperatingActivities": 301651000, "capitalExpenditures": -25752000, "investments": -284406000, "otherCashflowsFromInvestingActivities": 23575000, "totalCashflowsFromInvestingActivities": -247960000, "dividendsPaid": -36961000, "netBorrowings": -39289000, "otherCashflowsFromFinancingActivities": -1225000, "totalCashFromFinancingActivities": -77475000, "changeInCash": -23784000}], "maxAge": 86400}, "institutionOwnership": {"maxAge": 1, "ownershipList": []}, "balanceSheetHistoryQuarterly": {"balanceSheetStatements": [{"maxAge": 1, "endDate": "2020-06-30", "totalStockholderEquity": 1520000000, "netTangibleAssets": 1505600000}, {"maxAge": 1, "endDate": "2020-03-31", "cash": 32130000, "shortTermInvestments": 200000000, "netReceivables": 203221000, "inventory": 621839000, "otherCurrentAssets": 62183000, "totalCurrentAssets": 1119373000, "longTermInvestments": 6000, "propertyPlantEquipment": 938326000, "intangibleAssets": 14440000, "otherAssets": 195450000, "totalAssets": 2267595000, "accountsPayable": 238217000, "otherCurrentLiab": 162965000, "otherLiab": 158377000, "totalCurrentLiabilities": 589226000, "totalLiab": 747603000, "commonStock": 60830000, "retainedEarnings": 1207918000, "treasuryStock": 36738000, "capitalSurplus": 214506000, "otherStockholderEquity": 36738000, "totalStockholderEquity": 1519992000, "netTangibleAssets": 1505552000}, {"maxAge": 1, "endDate": "2019-12-31", "totalStockholderEquity": 1691800000, "netTangibleAssets": 1676500000}, {"maxAge": 1, "endDate": "2019-09-30", "cash": 265000000, "shortTermInvestments": 114100000, "netReceivables": 62900000, "inventory": 733600000, "otherCurrentAssets": 32900000, "totalCurrentAssets": 1208500000, "longTermInvestments": 5100000, "propertyPlantEquipment": 949500000, "intangibleAssets": 15300000, "otherAssets": 208400000, "totalAssets": 2386800000, "accountsPayable": 146800000, "otherCurrentLiab": 338000000, "otherLiab": 167400000, "totalCurrentLiabilities": 527600000, "totalLiab": 695000000, "commonStock": 60800000, "treasuryStock": 1631000000, "otherStockholderEquity": 1631000000, "totalStockholderEquity": 1691800000, "netTangibleAssets": 1676500000}], "maxAge": 86400}, "earningsHistory": {"history": [{"maxAge": 1, "epsActual": {}, "epsEstimate": {}, "epsDifference": {}, "surprisePercent": {}, "quarter": {}, "period": "-4q"}, {"maxAge": 1, "epsActual": {}, "epsEstimate": {}, "epsDifference": {}, "surprisePercent": {}, "quarter": {}, "period": "-3q"}, {"maxAge": 1, "epsActual": {}, "epsEstimate": {}, "epsDifference": {}, "surprisePercent": {}, "quarter": {}, "period": "-2q"}, {"maxAge": 1, "epsActual": {}, "epsEstimate": {}, "epsDifference": {}, "surprisePercent": {}, "quarter": {}, "period": "-1q"}], "maxAge": 86400}, "indexTrend": {"maxAge": 1, "symbol": "SP5", "peRatio": 19.7411, "pegRatio": 1.34172, "estimates": [{"period": "0q", "growth": 0.549}, {"period": "+1q", "growth": 0.431}, {"period": "0y", "growth": 0.305}, {"period": "+1y", "growth": 0.109}, {"period": "+5y", "growth": 0.120865}, {"period": "-5y"}]}, "industryTrend": {"maxAge": 1, "symbol": null, "estimates": []}, "insiderTransactions": {"transactions": [{"maxAge": 1, "shares": 2521056, "filerUrl": "", "transactionText": "", "filerName": "Shah (Pradeep S)", "filerRelation": "Director (Executive)", "moneyText": "", "startDate": "2019-11-14", "ownership": "D"}, {"maxAge": 1, "shares": 2390980, "filerUrl": "", "transactionText": "", "filerName": "Shah (Sanjay S)", "filerRelation": "Vice Chairman", "moneyText": "", "startDate": "2019-11-14", "ownership": "D"}], "maxAge": 1}, "quoteType": {"exchange": "BSE", "quoteType": "EQUITY", "symbol": "MANUGRAPH.BO", "underlyingSymbol": "MANUGRAPH.BO", "shortName": "MANUGRAPH INDIA LTD.", "longName": "Manugraph India Limited", "firstTradeDateEpochUtc": "2000-01-03 09:15:00", "timeZoneFullName": "Asia/Kolkata", "timeZoneShortName": "IST", "uuid": "b2f42079-b231-3d99-bc09-3db54e0f8983", "messageBoardId": null, "gmtOffSetMilliseconds": 19800000, "maxAge": 1}, "incomeStatementHistory": {"incomeStatementHistory": [{"maxAge": 1, "endDate": "2020-03-31", "totalRevenue": 1210210000, "costOfRevenue": 832896000, "grossProfit": 377314000, "researchDevelopment": {}, "sellingGeneralAdministrative": 449644000, "nonRecurring": {}, "otherOperatingExpenses": 221348000, "totalOperatingExpenses": 1528135000, "operatingIncome": -317925000, "totalOtherIncomeExpenseNet": -19660000, "ebit": -317925000, "interestExpense": -9711000, "incomeBeforeTax": -337585000, "incomeTaxExpense": 8813000, "minorityInterest": {}, "netIncomeFromContinuingOps": -346398000, "discontinuedOperations": -6693000, "extraordinaryItems": {}, "effectOfAccountingCharges": {}, "otherItems": {}, "netIncome": -353091000, "netIncomeApplicableToCommonShares": -353091000}, {"maxAge": 1, "endDate": "2019-03-31", "totalRevenue": 2510411000, "costOfRevenue": 1580268000, "grossProfit": 930143000, "researchDevelopment": {}, "sellingGeneralAdministrative": 546077000, "nonRecurring": {}, "otherOperatingExpenses": 465564000, "totalOperatingExpenses": 2636369000, "operatingIncome": -125958000, "totalOtherIncomeExpenseNet": 7455000, "ebit": -125958000, "interestExpense": -9267000, "incomeBeforeTax": -118503000, "incomeTaxExpense": -5426000, "minorityInterest": {}, "netIncomeFromContinuingOps": -113077000, "discontinuedOperations": -50299000, "extraordinaryItems": {}, "effectOfAccountingCharges": {}, "otherItems": {}, "netIncome": -163376000, "netIncomeApplicableToCommonShares": -163376000}, {"maxAge": 1, "endDate": "2018-03-31", "totalRevenue": 1846530000, "costOfRevenue": 1107028000, "grossProfit": 739502000, "researchDevelopment": {}, "sellingGeneralAdministrative": 459820000, "nonRecurring": {}, "otherOperatingExpenses": 303790000, "totalOperatingExpenses": 1923510000, "operatingIncome": -76980000, "totalOtherIncomeExpenseNet": 41764000, "ebit": -76980000, "interestExpense": -8501000, "incomeBeforeTax": -35216000, "incomeTaxExpense": 21012000, "minorityInterest": {}, "netIncomeFromContinuingOps": -56228000, "discontinuedOperations": -86264000, "extraordinaryItems": {}, "effectOfAccountingCharges": {}, "otherItems": {}, "netIncome": -142492000, "netIncomeApplicableToCommonShares": -142492000}, {"maxAge": 1, "endDate": "2017-03-31", "totalRevenue": 2578337000, "costOfRevenue": 1515211000, "grossProfit": 1063126000, "researchDevelopment": {}, "sellingGeneralAdministrative": 607914000, "nonRecurring": {}, "otherOperatingExpenses": 448173000, "totalOperatingExpenses": 2632453000, "operatingIncome": -54116000, "totalOtherIncomeExpenseNet": 61322000, "ebit": -54116000, "interestExpense": -1239000, "incomeBeforeTax": 7206000, "incomeTaxExpense": 17315000, "minorityInterest": {}, "netIncomeFromContinuingOps": -10109000, "discontinuedOperations": -343629000, "extraordinaryItems": {}, "effectOfAccountingCharges": {}, "otherItems": {}, "netIncome": -353738000, "netIncomeApplicableToCommonShares": -353738000}], "maxAge": 86400}, "fundOwnership": {"maxAge": 1, "ownershipList": []}, "summaryDetail": {"maxAge": 1, "priceHint": 2, "previousClose": 11.71, "open": 11.61, "dayLow": 11.13, "dayHigh": 12.29, "regularMarketPreviousClose": 11.71, "regularMarketOpen": 11.61, "regularMarketDayLow": 11.13, "regularMarketDayHigh": 12.29, "volume": 4992, "regularMarketVolume": 4992, "averageVolume": 3680, "averageVolume10days": 691, "averageDailyVolume10Day": 691, "bid": 0.0, "ask": 11.13, "bidSize": 0, "askSize": 0, "marketCap": 338520064, "fiftyTwoWeekLow": 6.5, "fiftyTwoWeekHigh": 15.27, "fiftyDayAverage": 12.880882, "twoHundredDayAverage": 10.596618, "trailingAnnualDividendRate": 0.5, "trailingAnnualDividendYield": 0.042698547, "currency": "INR", "fromCurrency": null, "toCurrency": null, "lastMarket": null, "algorithm": null, "tradeable": false}, "sectorTrend": {"maxAge": 1, "symbol": null, "estimates": []}, "incomeStatementHistoryQuarterly": {"incomeStatementHistory": [{"maxAge": 1, "endDate": "2020-06-30", "totalRevenue": 37500000, "costOfRevenue": 30700000, "grossProfit": 6800000, "researchDevelopment": {}, "sellingGeneralAdministrative": 31700000, "nonRecurring": {}, "otherOperatingExpenses": 13100000, "totalOperatingExpenses": 80200000, "operatingIncome": -42700000, "totalOtherIncomeExpenseNet": 3100000, "ebit": -42700000, "interestExpense": -4500000, "incomeBeforeTax": -39600000, "incomeTaxExpense": 100000, "minorityInterest": {}, "netIncomeFromContinuingOps": -39700000, "discontinuedOperations": {}, "extraordinaryItems": {}, "effectOfAccountingCharges": {}, "otherItems": {}, "netIncome": -39700000, "netIncomeApplicableToCommonShares": -39700000}, {"maxAge": 1, "endDate": "2020-03-31", "totalRevenue": 350510000, "costOfRevenue": 277396000, "grossProfit": 73114000, "researchDevelopment": {}, "sellingGeneralAdministrative": 90544000, "nonRecurring": {}, "otherOperatingExpenses": 55948000, "totalOperatingExpenses": 429335000, "operatingIncome": -78825000, "totalOtherIncomeExpenseNet": -2260000, "ebit": -78825000, "interestExpense": -111000, "incomeBeforeTax": -81085000, "incomeTaxExpense": -887000, "minorityInterest": {}, "netIncomeFromContinuingOps": -80198000, "discontinuedOperations": -293000, "extraordinaryItems": {}, "effectOfAccountingCharges": {}, "otherItems": {}, "netIncome": -80491000, "netIncomeApplicableToCommonShares": -80491000}, {"maxAge": 1, "endDate": "2019-12-31", "totalRevenue": 290300000, "costOfRevenue": 175300000, "grossProfit": 115000000, "researchDevelopment": {}, "sellingGeneralAdministrative": 109500000, "nonRecurring": {}, "otherOperatingExpenses": 49900000, "totalOperatingExpenses": 340500000, "operatingIncome": -50200000, "totalOtherIncomeExpenseNet": -11300000, "ebit": -50200000, "interestExpense": -5100000, "incomeBeforeTax": -61500000, "incomeTaxExpense": 1800000, "minorityInterest": {}, "netIncomeFromContinuingOps": -63300000, "discontinuedOperations": -1500000, "extraordinaryItems": {}, "effectOfAccountingCharges": {}, "otherItems": {}, "netIncome": -64800000, "netIncomeApplicableToCommonShares": -64800000}, {"maxAge": 1, "endDate": "2019-09-30", "totalRevenue": 176000000, "costOfRevenue": 85100000, "grossProfit": 90900000, "researchDevelopment": {}, "sellingGeneralAdministrative": 119200000, "nonRecurring": {}, "otherOperatingExpenses": 50500000, "totalOperatingExpenses": 261000000, "operatingIncome": -85000000, "totalOtherIncomeExpenseNet": 1700000, "ebit": -85000000, "interestExpense": -2600000, "incomeBeforeTax": -83300000, "incomeTaxExpense": 1000000, "minorityInterest": {}, "netIncomeFromContinuingOps": -84300000, "discontinuedOperations": -2000000, "extraordinaryItems": {}, "effectOfAccountingCharges": {}, "otherItems": {}, "netIncome": -86300000, "netIncomeApplicableToCommonShares": -86300000}], "maxAge": 86400}, "cashflowStatementHistoryQuarterly": {"cashflowStatements": [{"maxAge": 1, "endDate": "2020-06-30", "netIncome": -39700000, "changeToLiabilities": 0}, {"maxAge": 1, "endDate": "2020-03-31", "netIncome": -80491000, "changeToLiabilities": 0}, {"maxAge": 1, "endDate": "2019-12-31", "netIncome": -64800000, "changeToLiabilities": 0}, {"maxAge": 1, "endDate": "2019-09-30", "netIncome": -86300000, "changeToLiabilities": 0}], "maxAge": 86400}, "insiderHolders": {"holders": [{"maxAge": 1, "name": "Shah (Pradeep S)", "relation": "Director (Executive)", "url": "", "transactionDescription": "Other", "latestTransDate": "2019-11-14", "positionDirect": 4156701, "positionDirectDate": "2019-11-14"}, {"maxAge": 1, "name": "Shah (Sanjay S)", "relation": "Vice Chairman", "url": "", "transactionDescription": "Other", "latestTransDate": "2019-11-14", "positionDirect": 3764441, "positionDirectDate": "2019-11-14"}], "maxAge": 1}, "earnings": {"maxAge": 86400, "earningsChart": {"quarterly": [], "earningsDate": []}, "financialsChart": {"yearly": [{"date": 2017, "revenue": 2578337000, "earnings": -353738000}, {"date": 2018, "revenue": 1846530000, "earnings": -142492000}, {"date": 2019, "revenue": 2510411000, "earnings": -163376000}, {"date": 2020, "revenue": 1210210000, "earnings": -353091000}], "quarterly": [{"date": "3Q2019", "revenue": 176000000, "earnings": -86300000}, {"date": "4Q2019", "revenue": 290300000, "earnings": -64800000}, {"date": "1Q2020", "revenue": 350510000, "earnings": -80491000}, {"date": "2Q2020", "revenue": 37500000, "earnings": -39700000}]}, "financialCurrency": "INR"}, "calendarEvents": {"maxAge": 1, "earnings": {"earningsDate": []}}, "price": {"maxAge": 1, "regularMarketChangePercent": -0.049530312, "regularMarketChange": -0.5799999, "regularMarketTime": "2021-04-30 15:25:54", "priceHint": 2, "regularMarketPrice": 11.13, "regularMarketDayHigh": 12.29, "regularMarketDayLow": 11.13, "regularMarketVolume": 4992, "averageDailyVolume10Day": 691, "averageDailyVolume3Month": 3680, "regularMarketPreviousClose": 11.71, "regularMarketSource": "FREE_REALTIME", "regularMarketOpen": 11.61, "exchange": "BSE", "exchangeName": "BSE", "exchangeDataDelayedBy": 0, "marketState": "CLOSED", "quoteType": "EQUITY", "symbol": "MANUGRAPH.BO", "underlyingSymbol": null, "shortName": "MANUGRAPH INDIA LTD.", "longName": "Manugraph India Limited", "currency": "INR", "quoteSourceName": "Delayed Quote", "currencySymbol": "\u20b9", "fromCurrency": null, "toCurrency": null, "lastMarket": null, "marketCap": 338520064}, "balanceSheetHistory": {"balanceSheetStatements": [{"maxAge": 1, "endDate": "2020-03-31", "cash": 32130000, "shortTermInvestments": 200000000, "netReceivables": 203221000, "inventory": 621839000, "otherCurrentAssets": 62183000, "totalCurrentAssets": 1119373000, "longTermInvestments": 6000, "propertyPlantEquipment": 938326000, "intangibleAssets": 14440000, "otherAssets": 195450000, "totalAssets": 2267595000, "accountsPayable": 238217000, "otherCurrentLiab": 162965000, "otherLiab": 158377000, "totalCurrentLiabilities": 589226000, "totalLiab": 747603000, "commonStock": 60830000, "retainedEarnings": 1207918000, "treasuryStock": 36738000, "capitalSurplus": 214506000, "otherStockholderEquity": 36738000, "totalStockholderEquity": 1519992000, "netTangibleAssets": 1505552000}, {"maxAge": 1, "endDate": "2019-03-31", "cash": 128088000, "shortTermInvestments": 200000000, "netReceivables": 77755000, "inventory": 802917000, "otherCurrentAssets": 45106000, "totalCurrentAssets": 1362375000, "longTermInvestments": 67000, "propertyPlantEquipment": 957917000, "goodWill": 17200000, "intangibleAssets": 16346000, "otherAssets": 224749000, "totalAssets": 2561454000, "accountsPayable": 178110000, "otherCurrentLiab": 229191000, "otherLiab": 160153000, "totalCurrentLiabilities": 499391000, "totalLiab": 659544000, "commonStock": 51123000, "retainedEarnings": 1589682000, "treasuryStock": 46599000, "capitalSurplus": 214506000, "otherStockholderEquity": 46599000, "totalStockholderEquity": 1901910000, "netTangibleAssets": 1885564000}, {"maxAge": 1, "endDate": "2018-03-31", "cash": 66845000, "netReceivables": 199311000, "inventory": 790020000, "otherCurrentAssets": 196632000, "totalCurrentAssets": 1728350000, "longTermInvestments": 72000, "propertyPlantEquipment": 992010000, "goodWill": 17216000, "intangibleAssets": 18503000, "otherAssets": 324693000, "totalAssets": 3063628000, "accountsPayable": 381069000, "otherCurrentLiab": 309798000, "otherLiab": 170323000, "totalCurrentLiabilities": 812573000, "totalLiab": 982896000, "commonStock": 51123000, "retainedEarnings": 1775108000, "treasuryStock": 39995000, "capitalSurplus": 214506000, "otherStockholderEquity": 39995000, "totalStockholderEquity": 2080732000, "netTangibleAssets": 2062229000}, {"maxAge": 1, "endDate": "2017-03-31", "cash": 94292000, "netReceivables": 110662000, "inventory": 603671000, "otherCurrentAssets": 130461000, "totalCurrentAssets": 1540048000, "longTermInvestments": 50000, "propertyPlantEquipment": 1169819000, "goodWill": 17216000, "intangibleAssets": 17112000, "otherAssets": 381668000, "totalAssets": 3125913000, "accountsPayable": 239564000, "shortLongTermDebt": 637000, "otherCurrentLiab": 345540000, "longTermDebt": 1858000, "otherLiab": 124632000, "totalCurrentLiabilities": 762484000, "totalLiab": 888974000, "commonStock": 60830000, "retainedEarnings": 1931353000, "treasuryStock": 30250000, "capitalSurplus": 214506000, "otherStockholderEquity": 30250000, "totalStockholderEquity": 2236939000, "netTangibleAssets": 2202611000}], "maxAge": 86400}, "earningsTrend": {"trend": [{"maxAge": 1, "period": "0q", "endDate": null, "growth": {}, "earningsEstimate": {"avg": 0.0, "low": 0.0, "high": 0.0, "yearAgoEps": {}, "numberOfAnalysts": 0, "growth": {}}, "revenueEstimate": {"avg": 0, "low": 0, "high": 0, "numberOfAnalysts": 0, "yearAgoRevenue": {}, "growth": {}}, "epsTrend": {"current": 0.0, "7daysAgo": 0.0, "30daysAgo": 0.0, "60daysAgo": 0.0, "90daysAgo": 0.0}, "epsRevisions": {"upLast7days": 0, "upLast30days": 0, "downLast30days": 0, "downLast90days": {}}}, {"maxAge": 1, "period": "+1q", "endDate": null, "growth": {}, "earningsEstimate": {"avg": 0.0, "low": 0.0, "high": 0.0, "yearAgoEps": {}, "numberOfAnalysts": 0, "growth": {}}, "revenueEstimate": {"avg": 0, "low": 0, "high": 0, "numberOfAnalysts": 0, "yearAgoRevenue": {}, "growth": {}}, "epsTrend": {"current": 0.0, "7daysAgo": 0.0, "30daysAgo": 0.0, "60daysAgo": 0.0, "90daysAgo": 0.0}, "epsRevisions": {"upLast7days": 0, "upLast30days": 0, "downLast30days": 0, "downLast90days": {}}}, {"maxAge": 1, "period": "0y", "endDate": null, "growth": {}, "earningsEstimate": {"avg": 0.0, "low": 0.0, "high": 0.0, "yearAgoEps": {}, "numberOfAnalysts": 0, "growth": {}}, "revenueEstimate": {"avg": 0, "low": 0, "high": 0, "numberOfAnalysts": 0, "yearAgoRevenue": {}, "growth": {}}, "epsTrend": {"current": 0.0, "7daysAgo": 0.0, "30daysAgo": 0.0, "60daysAgo": 0.0, "90daysAgo": 0.0}, "epsRevisions": {"upLast7days": 0, "upLast30days": 0, "downLast30days": 0, "downLast90days": {}}}, {"maxAge": 1, "period": "+1y", "endDate": null, "growth": {}, "earningsEstimate": {"avg": 0.0, "low": 0.0, "high": 0.0, "yearAgoEps": {}, "numberOfAnalysts": 0, "growth": {}}, "revenueEstimate": {"avg": 0, "low": 0, "high": 0, "numberOfAnalysts": 0, "yearAgoRevenue": {}, "growth": {}}, "epsTrend": {"current": 0.0, "7daysAgo": 0.0, "30daysAgo": 0.0, "60daysAgo": 0.0, "90daysAgo": 0.0}, "epsRevisions": {"upLast7days": 0, "upLast30days": 0, "downLast30days": 0, "downLast90days": {}}}, {"maxAge": 1, "period": "+5y", "endDate": null, "growth": {}, "earningsEstimate": {"avg": {}, "low": {}, "high": {}, "yearAgoEps": {}, "numberOfAnalysts": {}, "growth": {}}, "revenueEstimate": {"avg": {}, "low": {}, "high": {}, "numberOfAnalysts": {}, "yearAgoRevenue": {}, "growth": {}}, "epsTrend": {"current": {}, "7daysAgo": {}, "30daysAgo": {}, "60daysAgo": {}, "90daysAgo": {}}, "epsRevisions": {"upLast7days": {}, "upLast30days": {}, "downLast30days": {}, "downLast90days": {}}}, {"maxAge": 1, "period": "-5y", "endDate": null, "growth": {}, "earningsEstimate": {"avg": {}, "low": {}, "high": {}, "yearAgoEps": {}, "numberOfAnalysts": {}, "growth": {}}, "revenueEstimate": {"avg": {}, "low": {}, "high": {}, "numberOfAnalysts": {}, "yearAgoRevenue": {}, "growth": {}}, "epsTrend": {"current": {}, "7daysAgo": {}, "30daysAgo": {}, "60daysAgo": {}, "90daysAgo": {}}, "epsRevisions": {"upLast7days": {}, "upLast30days": {}, "downLast30days": {}, "downLast90days": {}}}], "maxAge": 1}, "financialData": {"maxAge": 86400, "currentPrice": 11.13, "targetHighPrice": 65.0, "targetLowPrice": 65.0, "targetMeanPrice": 65.0, "targetMedianPrice": 65.0, "recommendationKey": "none", "numberOfAnalystOpinions": 1, "grossProfits": 377314000, "financialCurrency": "INR"}}}