{"MARATHON.NS": {"assetProfile": {"address1": "702, Marathon Max", "address2": "7th Floor Mulund-Goregaon Link Road & L.B.S Marg Mulund (West)", "city": "Mumbai", "zip": "400080", "country": "India", "phone": "91 22 6772 8484", "fax": "91 22 6772 8408", "website": "http://www.marathonnextgen.com", "industry": "Real Estate\u2014Development", "sector": "Real Estate", "longBusinessSummary": "Marathon Nextgen Realty Limited constructs, develops, and sells commercial and residential real estate projects in India. The company was founded in 1969 and is based in Mumbai, India. Marathon Nextgen Realty Limited is a subsidiary of Marathon Realty Private Limited.", "fullTimeEmployees": 78, "companyOfficers": [{"maxAge": 1, "name": "Mr. Chetan Ramniklal Shah", "age": 64, "title": "Chairman & MD", "yearBorn": 1956, "fiscalYear": 2020, "totalPay": 10752000, "exercisedValue": 0, "unexercisedValue": 0}, {"maxAge": 1, "name": "Mr. Sundaram  Ramamurthi", "age": 69, "title": "CFO & Whole Time Director", "yearBorn": 1951, "fiscalYear": 2020, "totalPay": 0, "exercisedValue": 0, "unexercisedValue": 0}, {"maxAge": 1, "name": "Mr. Krishanamurthy S. Raghavan", "title": "Company Sec. & Compliance Officer", "exercisedValue": 0, "unexercisedValue": 0}], "compensationAsOfEpochDate": "2020-12-31 05:30:00", "maxAge": 86400}, "cashflowStatementHistory": {"cashflowStatements": [{"maxAge": 1, "endDate": "2020-03-31", "netIncome": 240801000, "depreciation": 56770000, "changeToNetincome": 481121000, "changeToAccountReceivables": -163259000, "changeToLiabilities": 25872000, "changeToInventory": -489557000, "changeToOperatingActivities": 63642000, "totalCashFromOperatingActivities": 215390000, "investments": -43689000, "otherCashflowsFromInvestingActivities": 68815000, "totalCashflowsFromInvestingActivities": -754638000, "dividendsPaid": -23000000, "netBorrowings": 1043522000, "otherCashflowsFromFinancingActivities": -414928000, "totalCashFromFinancingActivities": 605594000, "changeInCash": 66347000}, {"maxAge": 1, "endDate": "2019-03-31", "netIncome": 314778000, "depreciation": 18062000, "changeToNetincome": 117207000, "changeToAccountReceivables": -54657000, "changeToLiabilities": 338923000, "changeToInventory": -2401204000, "changeToOperatingActivities": 2673169000, "totalCashFromOperatingActivities": 1006278000, "capitalExpenditures": -87961000, "investments": -2163000, "otherCashflowsFromInvestingActivities": -365707000, "totalCashflowsFromInvestingActivities": -3116642000, "dividendsPaid": -91996000, "netBorrowings": 2214651000, "otherCashflowsFromFinancingActivities": -91512000, "totalCashFromFinancingActivities": 2031143000, "changeInCash": -79220000}, {"maxAge": 1, "endDate": "2018-03-31", "netIncome": 387457000, "depreciation": 5861000, "changeToNetincome": -74798000, "changeToAccountReceivables": 2627017000, "changeToLiabilities": 1087975000, "changeToInventory": -2621616000, "changeToOperatingActivities": 281888000, "totalCashFromOperatingActivities": 1693784000, "capitalExpenditures": -15149000, "investments": -27718000, "otherCashflowsFromInvestingActivities": 2150000, "totalCashflowsFromInvestingActivities": -1983129000, "dividendsPaid": -23001000, "netBorrowings": 1969540000, "otherCashflowsFromFinancingActivities": -50247000, "totalCashFromFinancingActivities": 401022000, "changeInCash": 111678000, "repurchaseOfStock": -1495270000}, {"maxAge": 1, "endDate": "2017-03-31", "netIncome": 841374000, "depreciation": 1474000, "changeToNetincome": -513478000, "changeToAccountReceivables": -2000529000, "changeToLiabilities": -5207000, "changeToInventory": 1120527000, "changeToOperatingActivities": 281888000, "totalCashFromOperatingActivities": -555839000, "capitalExpenditures": -322000, "investments": -3577000, "otherCashflowsFromInvestingActivities": 493013000, "totalCashflowsFromInvestingActivities": 447557000, "dividendsPaid": -28438000, "netBorrowings": 113993000, "otherCashflowsFromFinancingActivities": -8774000, "totalCashFromFinancingActivities": 76781000, "changeInCash": -31501000, "repurchaseOfStock": -1495270000}], "maxAge": 86400}, "institutionOwnership": {"ownershipList": [], "maxAge": 1}, "majorHoldersBreakdown": {"maxAge": 1, "insidersPercentHeld": 0.83282995, "institutionsPercentHeld": 0.0, "institutionsFloatPercentHeld": 0.0, "institutionsCount": 0}, "balanceSheetHistoryQuarterly": {"balanceSheetStatements": [{"maxAge": 1, "endDate": "2020-12-31", "totalStockholderEquity": 6088648000, "netTangibleAssets": 4836396000}, {"maxAge": 1, "endDate": "2020-09-30", "cash": 728708000, "shortTermInvestments": 33280000, "netReceivables": 1062819000, "inventory": 5048259000, "otherCurrentAssets": 229738000, "totalCurrentAssets": 7102804000, "longTermInvestments": 277510000, "propertyPlantEquipment": 81866000, "goodWill": 1252252000, "otherAssets": 6659025000, "deferredLongTermAssetCharges": 37093000, "totalAssets": 15373457000, "accountsPayable": 469072000, "otherCurrentLiab": 3245370000, "longTermDebt": 4287783000, "otherLiab": 360219000, "minorityInterest": 47645000, "totalCurrentLiabilities": 4589162000, "totalLiab": 9237164000, "commonStock": 230000000, "treasuryStock": 5858648000, "otherStockholderEquity": 5858648000, "totalStockholderEquity": 6088648000, "netTangibleAssets": 4836396000}, {"maxAge": 1, "endDate": "2020-06-30", "totalStockholderEquity": 5932517000, "netTangibleAssets": 4680265000}, {"maxAge": 1, "endDate": "2020-03-31", "cash": 122841000, "shortTermInvestments": 168225000, "netReceivables": 1111591000, "inventory": 5136758000, "otherCurrentAssets": 627787000, "totalCurrentAssets": 7170265000, "longTermInvestments": 263465000, "propertyPlantEquipment": 113745000, "goodWill": 1252252000, "otherAssets": 7371544000, "deferredLongTermAssetCharges": 17863000, "totalAssets": 16171271000, "accountsPayable": 1468547000, "shortLongTermDebt": 461352000, "otherCurrentLiab": 2566980000, "longTermDebt": 4347540000, "otherLiab": 325556000, "minorityInterest": 42895000, "totalCurrentLiabilities": 5522763000, "totalLiab": 10195859000, "commonStock": 230000000, "retainedEarnings": 5778379000, "treasuryStock": -75862000, "otherStockholderEquity": -75862000, "totalStockholderEquity": 5932517000, "netTangibleAssets": 4680265000}], "maxAge": 86400}, "indexTrend": {"maxAge": 1, "symbol": "SP5", "peRatio": 19.7411, "pegRatio": 1.34172, "estimates": [{"period": "0q", "growth": 0.549}, {"period": "+1q", "growth": 0.431}, {"period": "0y", "growth": 0.305}, {"period": "+1y", "growth": 0.109}, {"period": "+5y", "growth": 0.120865}, {"period": "-5y"}]}, "defaultKeyStatistics": {"maxAge": 1, "priceHint": 2, "enterpriseValue": 6729794560, "profitMargins": 0.09318, "floatShares": 5920266, "sharesOutstanding": 46000000, "heldPercentInsiders": 0.83282995, "heldPercentInstitutions": 0.0, "beta": 1.676107, "category": null, "bookValue": 132.481, "priceToBook": 0.3740159, "fundFamily": null, "legalType": null, "lastFiscalYearEnd": "2020-03-31 05:30:00", "nextFiscalYearEnd": "2022-03-31 05:30:00", "mostRecentQuarter": "2020-12-31 05:30:00", "earningsQuarterlyGrowth": -0.44, "netIncomeToCommon": 166200000, "trailingEps": 3.609, "lastSplitFactor": "2:1", "lastSplitDate": "2018-04-05 05:30:00", "enterpriseToRevenue": 3.773, "enterpriseToEbitda": 12.379}, "summaryProfile": {"address1": "702, Marathon Max", "address2": "7th Floor Mulund-Goregaon Link Road & L.B.S Marg Mulund (West)", "city": "Mumbai", "zip": "400080", "country": "India", "phone": "91 22 6772 8484", "fax": "91 22 6772 8408", "website": "http://www.marathonnextgen.com", "industry": "Real Estate\u2014Development", "sector": "Real Estate", "longBusinessSummary": "Marathon Nextgen Realty Limited constructs, develops, and sells commercial and residential real estate projects in India. The company was founded in 1969 and is based in Mumbai, India. Marathon Nextgen Realty Limited is a subsidiary of Marathon Realty Private Limited.", "fullTimeEmployees": 78, "companyOfficers": [], "maxAge": 86400}, "netSharePurchaseActivity": {"maxAge": 1, "period": "6m", "buyInfoCount": 0, "buyInfoShares": 0, "sellInfoCount": 0, "netInfoCount": 0, "netInfoShares": 0, "netPercentInsiderShares": 0.0, "totalInsiderShares": 38388156}, "insiderTransactions": {"transactions": [{"maxAge": 1, "shares": 50, "filerUrl": "", "transactionText": "", "filerName": "Raghavan (K S)", "filerRelation": "Company Secretary", "moneyText": "", "startDate": "2014-06-19", "ownership": "D"}, {"maxAge": 1, "shares": 1400, "filerUrl": "", "transactionText": "", "filerName": "Shah (Mayur Ramniklal)", "filerRelation": "Executive Vice Chairman", "moneyText": "", "startDate": "2013-07-17", "ownership": "D"}, {"maxAge": 1, "shares": 757092, "filerUrl": "", "transactionText": "", "filerName": "Shah (Shailaja Chetan)", "filerRelation": "Promoter", "moneyText": "", "startDate": "2013-07-17", "ownership": "D"}, {"maxAge": 1, "shares": 757092, "filerUrl": "", "transactionText": "", "filerName": "Shah (Sonal Mayur)", "filerRelation": "Promoter", "moneyText": "", "startDate": "2013-07-17", "ownership": "D"}, {"maxAge": 1, "shares": 28178, "filerUrl": "", "transactionText": "", "filerName": "Ithaca Infomatics Pvt Ltd", "filerRelation": "Promoter", "moneyText": "", "startDate": "2013-07-17", "ownership": "D"}, {"maxAge": 1, "shares": 1400, "filerUrl": "", "transactionText": "", "filerName": "Shah (Chetan Ramniklal)", "filerRelation": "Executive Chairman", "moneyText": "", "startDate": "2013-07-17", "ownership": "D"}, {"maxAge": 1, "shares": 568025, "filerUrl": "", "transactionText": "", "filerName": "Shah (Ansuya Ramniklal)", "filerRelation": "Promoter", "moneyText": "", "startDate": "2013-07-17", "ownership": "D"}, {"maxAge": 1, "shares": 50, "filerUrl": "", "transactionText": "", "filerName": "Raghavan (K S)", "filerRelation": "Company Secretary", "moneyText": "", "startDate": "2013-05-23", "ownership": "D"}, {"maxAge": 1, "shares": 50, "filerUrl": "", "transactionText": "", "filerName": "Raghavan (K S)", "filerRelation": "Company Secretary", "moneyText": "", "startDate": "2013-03-05", "ownership": "D"}, {"maxAge": 1, "shares": 50, "filerUrl": "", "transactionText": "", "filerName": "Raghavan (K S)", "filerRelation": "Company Secretary", "moneyText": "", "startDate": "2013-02-27", "ownership": "D"}, {"maxAge": 1, "shares": 50, "filerUrl": "", "transactionText": "", "filerName": "Raghavan (K S)", "filerRelation": "Company Secretary", "moneyText": "", "startDate": "2013-02-15", "ownership": "D"}, {"maxAge": 1, "shares": 50, "filerUrl": "", "transactionText": "", "filerName": "Raghavan (K S)", "filerRelation": "Company Secretary", "moneyText": "", "startDate": "2012-09-12", "ownership": "D"}, {"maxAge": 1, "shares": 757067, "filerUrl": "", "transactionText": "", "filerName": "Shah (Ansuya Ramniklal)", "filerRelation": "Promoter", "moneyText": "", "startDate": "2012-04-03", "ownership": "D"}, {"maxAge": 1, "shares": 757067, "filerUrl": "", "transactionText": "", "filerName": "Shah (Sonal Mayur)", "filerRelation": "Promoter", "moneyText": "", "startDate": "2012-04-03", "ownership": "D"}, {"maxAge": 1, "shares": 753800, "filerUrl": "", "transactionText": "", "filerName": "Shah (Zaverbhai Ramniklal)", "filerRelation": "Promoter", "moneyText": "", "startDate": "2012-03-30", "ownership": "D"}, {"maxAge": 1, "shares": 757067, "filerUrl": "", "transactionText": "", "filerName": "Shah (Ansuya Ramniklal)", "filerRelation": "Promoter", "moneyText": "", "startDate": "2012-03-29", "ownership": "D"}, {"maxAge": 1, "shares": 189067, "filerUrl": "", "transactionText": "", "filerName": "Shah (Mayur Ramniklal)", "filerRelation": "Executive Vice Chairman", "moneyText": "", "startDate": "2012-03-29", "ownership": "D"}, {"maxAge": 1, "shares": 568000, "filerUrl": "", "transactionText": "", "filerName": "Shah (Sonal Mayur)", "filerRelation": "Promoter", "moneyText": "", "startDate": "2012-03-29", "ownership": "D"}, {"maxAge": 1, "shares": 753800, "filerUrl": "", "transactionText": "", "filerName": "Shah (Shailaja Chetan)", "filerRelation": "Promoter", "moneyText": "", "startDate": "2012-03-28", "ownership": "D"}, {"maxAge": 1, "shares": 1500, "filerUrl": "", "transactionText": "", "filerName": "Shah (Chetan Ramniklal)", "filerRelation": "Executive Chairman", "moneyText": "", "startDate": "2012-03-27", "ownership": "D"}, {"maxAge": 1, "shares": 185800, "filerUrl": "", "transactionText": "", "filerName": "Shah (Chetan Ramniklal)", "filerRelation": "Executive Chairman", "moneyText": "", "startDate": "2012-03-27", "ownership": "D"}, {"maxAge": 1, "shares": 753800, "filerUrl": "", "transactionText": "", "filerName": "Shah (Zaverbhai Ramniklal)", "filerRelation": "Promoter", "moneyText": "", "startDate": "2012-03-27", "ownership": "D"}, {"maxAge": 1, "shares": 568000, "filerUrl": "", "transactionText": "", "filerName": "Shah (Shailaja Chetan)", "filerRelation": "Promoter", "moneyText": "", "startDate": "2012-03-27", "ownership": "D"}, {"maxAge": 1, "shares": 3267, "filerUrl": "", "transactionText": "", "filerName": "Shah (Shailaja Chetan)", "filerRelation": "Promoter", "moneyText": "", "startDate": "2012-03-27", "ownership": "D"}, {"maxAge": 1, "shares": 1500, "filerUrl": "", "transactionText": "", "filerName": "Shah (Mayur Ramniklal)", "filerRelation": "Executive Vice Chairman", "moneyText": "", "startDate": "2012-03-27", "ownership": "D"}, {"maxAge": 1, "shares": 500, "filerUrl": "", "transactionText": "", "filerName": "Shah (Chetan Ramniklal)", "filerRelation": "Executive Chairman", "moneyText": "", "startDate": "2011-11-02", "ownership": "D"}, {"maxAge": 1, "shares": 1101, "filerUrl": "", "transactionText": "", "filerName": "Nagarajan (V)", "filerRelation": "Director", "moneyText": "", "startDate": "2010-09-28", "ownership": "D"}], "maxAge": 1}, "quoteType": {"exchange": "NSI", "quoteType": "EQUITY", "symbol": "MARATHON.NS", "underlyingSymbol": "MARATHON.NS", "shortName": "MARATHON NEXTGEN", "longName": "Marathon Nextgen Realty Limited", "firstTradeDateEpochUtc": "2016-09-29 09:15:00", "timeZoneFullName": "Asia/Kolkata", "timeZoneShortName": "IST", "uuid": "1f24bad9-2c14-3050-b4c3-4521c74bab95", "gmtOffSetMilliseconds": 19800000, "maxAge": 1}, "incomeStatementHistory": {"incomeStatementHistory": [{"maxAge": 1, "endDate": "2020-03-31", "totalRevenue": 2411322000, "costOfRevenue": 1479874000, "grossProfit": 931448000, "researchDevelopment": {}, "sellingGeneralAdministrative": 115320000, "nonRecurring": {}, "otherOperatingExpenses": 171516000, "totalOperatingExpenses": 1823480000, "operatingIncome": 587842000, "totalOtherIncomeExpenseNet": -284801000, "ebit": 587842000, "interestExpense": -400309000, "incomeBeforeTax": 303041000, "incomeTaxExpense": 53601000, "minorityInterest": 42895000, "netIncomeFromContinuingOps": 249440000, "discontinuedOperations": {}, "extraordinaryItems": {}, "effectOfAccountingCharges": {}, "otherItems": {}, "netIncome": 240801000, "netIncomeApplicableToCommonShares": 240801000}, {"maxAge": 1, "endDate": "2019-03-31", "totalRevenue": 822427000, "costOfRevenue": 141427000, "grossProfit": 681000000, "researchDevelopment": {}, "sellingGeneralAdministrative": 85756000, "nonRecurring": {}, "otherOperatingExpenses": 74410000, "totalOperatingExpenses": 319655000, "operatingIncome": 502772000, "totalOtherIncomeExpenseNet": -129074000, "ebit": 502772000, "interestExpense": -203229000, "incomeBeforeTax": 373698000, "incomeTaxExpense": 58690000, "minorityInterest": 138996000, "netIncomeFromContinuingOps": 315008000, "discontinuedOperations": {}, "extraordinaryItems": {}, "effectOfAccountingCharges": {}, "otherItems": {}, "netIncome": 314778000, "netIncomeApplicableToCommonShares": 314778000}, {"maxAge": 1, "endDate": "2018-03-31", "totalRevenue": 693077000, "costOfRevenue": 117360000, "grossProfit": 575717000, "researchDevelopment": {}, "sellingGeneralAdministrative": 75235000, "nonRecurring": {}, "otherOperatingExpenses": 65894000, "totalOperatingExpenses": 264350000, "operatingIncome": 428727000, "totalOtherIncomeExpenseNet": 64017000, "ebit": 428727000, "interestExpense": -42565000, "incomeBeforeTax": 492744000, "incomeTaxExpense": 105287000, "minorityInterest": 138996000, "netIncomeFromContinuingOps": 387457000, "discontinuedOperations": {}, "extraordinaryItems": {}, "effectOfAccountingCharges": {}, "otherItems": {}, "netIncome": 387457000, "netIncomeApplicableToCommonShares": 387457000}, {"maxAge": 1, "endDate": "2017-03-31", "totalRevenue": 1931395000, "costOfRevenue": 1245296000, "grossProfit": 686099000, "researchDevelopment": {}, "sellingGeneralAdministrative": 62176000, "nonRecurring": {}, "otherOperatingExpenses": 55571000, "totalOperatingExpenses": 1364517000, "operatingIncome": 566878000, "totalOtherIncomeExpenseNet": 492928000, "ebit": 566878000, "interestExpense": -2985000, "incomeBeforeTax": 1059806000, "incomeTaxExpense": 218432000, "minorityInterest": 138996000, "netIncomeFromContinuingOps": 841374000, "discontinuedOperations": {}, "extraordinaryItems": {}, "effectOfAccountingCharges": {}, "otherItems": {}, "netIncome": 841374000, "netIncomeApplicableToCommonShares": 841374000}], "maxAge": 86400}, "fundOwnership": {"ownershipList": [], "maxAge": 1}, "summaryDetail": {"maxAge": 1, "priceHint": 2, "previousClose": 49.5, "open": 50.4, "dayLow": 48.1, "dayHigh": 50.75, "regularMarketPreviousClose": 49.5, "regularMarketOpen": 50.4, "regularMarketDayLow": 48.1, "regularMarketDayHigh": 50.75, "exDividendDate": "2019-09-17 05:30:00", "payoutRatio": 0.0, "beta": 1.676107, "trailingPE": 13.729565, "volume": 24863, "regularMarketVolume": 24863, "averageVolume": 150507, "averageVolume10days": 131073, "averageDailyVolume10Day": 131073, "bid": 0.0, "ask": 0.0, "bidSize": 0, "askSize": 0, "marketCap": 2290810368, "fiftyTwoWeekLow": 40.75, "fiftyTwoWeekHigh": 107.95, "priceToSalesTrailing12Months": 1.2843406, "fiftyDayAverage": 71.96364, "twoHundredDayAverage": 73.22107, "trailingAnnualDividendRate": 0.5, "trailingAnnualDividendYield": 0.01010101, "currency": "INR", "fromCurrency": null, "lastMarket": null, "algorithm": null, "tradeable": false}, "incomeStatementHistoryQuarterly": {"incomeStatementHistory": [{"maxAge": 1, "endDate": "2020-12-31", "totalRevenue": 534184000, "costOfRevenue": 365086000, "grossProfit": 169098000, "researchDevelopment": {}, "sellingGeneralAdministrative": 16600000, "nonRecurring": {}, "otherOperatingExpenses": 35900000, "totalOperatingExpenses": 443193000, "operatingIncome": 90991000, "totalOtherIncomeExpenseNet": 3613000, "ebit": 90991000, "interestExpense": -111366000, "incomeBeforeTax": 94604000, "incomeTaxExpense": 21229000, "minorityInterest": {}, "netIncomeFromContinuingOps": 73375000, "discontinuedOperations": {}, "extraordinaryItems": {}, "effectOfAccountingCharges": {}, "otherItems": {}, "netIncome": 72367000, "netIncomeApplicableToCommonShares": 72367000}, {"maxAge": 1, "endDate": "2020-09-30", "totalRevenue": 243278000, "costOfRevenue": 81881000, "grossProfit": 161397000, "researchDevelopment": {}, "sellingGeneralAdministrative": 11294000, "nonRecurring": {}, "otherOperatingExpenses": 10352000, "totalOperatingExpenses": 111254000, "operatingIncome": 132024000, "totalOtherIncomeExpenseNet": -77842000, "ebit": 132024000, "interestExpense": -109574000, "incomeBeforeTax": 54182000, "incomeTaxExpense": 10834000, "minorityInterest": 47645000, "netIncomeFromContinuingOps": 43348000, "discontinuedOperations": {}, "extraordinaryItems": {}, "effectOfAccountingCharges": {}, "otherItems": {}, "netIncome": 43201000, "netIncomeApplicableToCommonShares": 43201000}, {"maxAge": 1, "endDate": "2020-06-30", "totalRevenue": 586722000, "costOfRevenue": 351011000, "grossProfit": 235711000, "researchDevelopment": {}, "sellingGeneralAdministrative": 11390000, "nonRecurring": {}, "otherOperatingExpenses": 11302000, "totalOperatingExpenses": 381587000, "operatingIncome": 205135000, "totalOtherIncomeExpenseNet": -71930000, "ebit": 205135000, "interestExpense": -102799000, "incomeBeforeTax": 133205000, "incomeTaxExpense": 14934000, "minorityInterest": 47645000, "netIncomeFromContinuingOps": 118271000, "discontinuedOperations": {}, "extraordinaryItems": {}, "effectOfAccountingCharges": {}, "otherItems": {}, "netIncome": 113655000, "netIncomeApplicableToCommonShares": 113655000}, {"maxAge": 1, "endDate": "2020-03-31", "totalRevenue": 419464000, "costOfRevenue": 241847000, "grossProfit": 177617000, "researchDevelopment": {}, "sellingGeneralAdministrative": 16974000, "nonRecurring": {}, "otherOperatingExpenses": 67083000, "totalOperatingExpenses": 341229000, "operatingIncome": 78235000, "totalOtherIncomeExpenseNet": -210117000, "ebit": 78235000, "interestExpense": -83356000, "incomeBeforeTax": -131882000, "incomeTaxExpense": -21488000, "minorityInterest": 42895000, "netIncomeFromContinuingOps": -110394000, "discontinuedOperations": {}, "extraordinaryItems": {}, "effectOfAccountingCharges": {}, "otherItems": {}, "netIncome": -63023000, "netIncomeApplicableToCommonShares": -63023000}], "maxAge": 86400}, "cashflowStatementHistoryQuarterly": {"cashflowStatements": [{"maxAge": 1, "endDate": "2020-12-31", "netIncome": 72367000, "changeToLiabilities": 0}, {"maxAge": 1, "endDate": "2020-09-30", "netIncome": 43201000, "changeToLiabilities": 0}, {"maxAge": 1, "endDate": "2020-06-30", "netIncome": 113655000, "changeToLiabilities": 0}, {"maxAge": 1, "endDate": "2020-03-31", "netIncome": -63023000, "changeToLiabilities": 0}], "maxAge": 86400}, "insiderHolders": {"holders": [{"maxAge": 1, "name": "Ithaca Infomatics Pvt Ltd", "relation": "Promoter", "url": "", "transactionDescription": "Sale", "latestTransDate": "2013-07-17", "positionDirect": 14218000, "positionDirectDate": "2013-07-17"}, {"maxAge": 1, "name": "Nagarajan (V)", "relation": "Director", "url": "", "transactionDescription": "Sale", "latestTransDate": "2010-09-28", "positionDirect": 0, "positionDirectDate": "2010-09-28"}, {"maxAge": 1, "name": "Raghavan (K S)", "relation": "Company Secretary", "url": "", "transactionDescription": "Sale", "latestTransDate": "2014-06-19", "positionDirect": 200, "positionDirectDate": "2014-06-19"}, {"maxAge": 1, "name": "Shah (Ansuya Ramniklal)", "relation": "Promoter", "url": "", "transactionDescription": "Sale", "latestTransDate": "2013-07-17", "positionDirect": 100, "positionDirectDate": "2013-07-17"}, {"maxAge": 1, "name": "Shah (Chetan Ramniklal)", "relation": "Executive Chairman", "url": "", "transactionDescription": "Sale", "latestTransDate": "2013-07-17", "positionDirect": 100, "positionDirectDate": "2013-07-17"}, {"maxAge": 1, "name": "Shah (Mayur Ramniklal)", "relation": "Executive Vice Chairman", "url": "", "transactionDescription": "Sale", "latestTransDate": "2013-07-17", "positionDirect": 100, "positionDirectDate": "2013-07-17"}, {"maxAge": 1, "name": "Shah (Shailaja Chetan)", "relation": "Promoter", "url": "", "transactionDescription": "Sale", "latestTransDate": "2013-07-17", "positionDirect": 100, "positionDirectDate": "2013-07-17"}, {"maxAge": 1, "name": "Shah (Sonal Mayur)", "relation": "Promoter", "url": "", "transactionDescription": "Sale", "latestTransDate": "2013-07-17", "positionDirect": 100, "positionDirectDate": "2013-07-17"}, {"maxAge": 1, "name": "Shah (Zaverbhai Ramniklal)", "relation": "Promoter", "url": "", "transactionDescription": "Sale", "latestTransDate": "2012-03-30", "positionDirect": 568125, "positionDirectDate": "2012-03-30"}], "maxAge": 1}, "calendarEvents": {"maxAge": 1, "earnings": {"earningsDate": []}, "exDividendDate": "2019-09-17 05:30:00"}, "upgradeDowngradeHistory": {"history": [], "maxAge": 86400}, "price": {"maxAge": 1, "regularMarketChangePercent": 0.0010100856, "regularMarketChange": 0.049999237, "regularMarketTime": "2021-04-30 15:29:35", "priceHint": 2, "regularMarketPrice": 49.55, "regularMarketDayHigh": 50.75, "regularMarketDayLow": 48.1, "regularMarketVolume": 24863, "averageDailyVolume10Day": 131073, "averageDailyVolume3Month": 150507, "regularMarketPreviousClose": 49.5, "regularMarketSource": "FREE_REALTIME", "regularMarketOpen": 50.4, "exchange": "NSI", "exchangeName": "NSE", "exchangeDataDelayedBy": 15, "marketState": "CLOSED", "quoteType": "EQUITY", "symbol": "MARATHON.NS", "underlyingSymbol": null, "shortName": "MARATHON NEXTGEN", "longName": "Marathon Nextgen Realty Limited", "currency": "INR", "quoteSourceName": "Delayed Quote", "currencySymbol": "\u20b9", "fromCurrency": null, "lastMarket": null, "marketCap": 2290810368}, "balanceSheetHistory": {"balanceSheetStatements": [{"maxAge": 1, "endDate": "2020-03-31", "cash": 122841000, "shortTermInvestments": 168225000, "netReceivables": 1111591000, "inventory": 5136758000, "otherCurrentAssets": 627787000, "totalCurrentAssets": 7170265000, "longTermInvestments": 263465000, "propertyPlantEquipment": 113745000, "goodWill": 1252252000, "otherAssets": 7371544000, "deferredLongTermAssetCharges": 17863000, "totalAssets": 16171271000, "accountsPayable": 1468547000, "shortLongTermDebt": 461352000, "otherCurrentLiab": 2566980000, "longTermDebt": 4347540000, "otherLiab": 325556000, "minorityInterest": 42895000, "totalCurrentLiabilities": 5522763000, "totalLiab": 10195859000, "commonStock": 230000000, "retainedEarnings": 5778379000, "treasuryStock": -75862000, "otherStockholderEquity": -75862000, "totalStockholderEquity": 5932517000, "netTangibleAssets": 4680265000}, {"maxAge": 1, "endDate": "2019-03-31", "cash": 78192000, "shortTermInvestments": 5000000, "netReceivables": 2273465000, "inventory": 5118962000, "otherCurrentAssets": 581959000, "totalCurrentAssets": 8063058000, "longTermInvestments": 216768000, "propertyPlantEquipment": 100977000, "goodWill": 984883000, "otherAssets": 5612674000, "deferredLongTermAssetCharges": 6104000, "totalAssets": 14978360000, "accountsPayable": 1442675000, "shortLongTermDebt": 173903000, "otherCurrentLiab": 2792449000, "longTermDebt": 3530480000, "otherLiab": 70896000, "minorityInterest": 138996000, "totalCurrentLiabilities": 5163730000, "totalLiab": 8765106000, "commonStock": 230000000, "retainedEarnings": 5918677000, "treasuryStock": -74419000, "otherStockholderEquity": -74419000, "totalStockholderEquity": 6074258000, "netTangibleAssets": 5089375000}, {"maxAge": 1, "endDate": "2018-03-31", "cash": 104892000, "shortTermInvestments": 6919000, "netReceivables": 382338000, "inventory": 2820795000, "otherCurrentAssets": 30095000, "totalCurrentAssets": 3345242000, "longTermInvestments": 136461000, "propertyPlantEquipment": 14097000, "otherAssets": 5356710000, "deferredLongTermAssetCharges": 161828000, "totalAssets": 8852510000, "accountsPayable": 1103752000, "shortLongTermDebt": 912650000, "otherCurrentLiab": 82740000, "longTermDebt": 1165426000, "otherLiab": 10450000, "totalCurrentLiabilities": 2181517000, "totalLiab": 3357393000, "commonStock": 230000000, "retainedEarnings": 5338903000, "treasuryStock": -73786000, "otherStockholderEquity": -73786000, "totalStockholderEquity": 5495117000, "netTangibleAssets": 5495117000}, {"maxAge": 1, "endDate": "2017-03-31", "cash": 3344000, "shortTermInvestments": 4238000, "netReceivables": 2637569000, "inventory": 199179000, "otherCurrentAssets": 192236000, "totalCurrentAssets": 3036672000, "longTermInvestments": 470000, "propertyPlantEquipment": 2724000, "otherAssets": 3915242000, "deferredLongTermAssetCharges": 191332000, "totalAssets": 6955108000, "accountsPayable": 15777000, "otherCurrentLiab": 15074000, "longTermDebt": 113127000, "otherLiab": 5398000, "totalCurrentLiabilities": 76798000, "totalLiab": 195323000, "commonStock": 284373000, "retainedEarnings": 6474397000, "treasuryStock": 1015000, "otherStockholderEquity": 1015000, "totalStockholderEquity": 6759785000, "netTangibleAssets": 6759785000}], "maxAge": 86400}, "financialData": {"maxAge": 86400, "currentPrice": 49.55, "recommendationKey": "none", "totalCash": 761987968, "totalCashPerShare": 16.531, "ebitda": 543661760, "totalDebt": 5162503168, "totalRevenue": 1783646976, "debtToEquity": 84.131, "revenuePerShare": 38.778, "grossProfits": 931448000, "earningsGrowth": -0.441, "revenueGrowth": -0.101, "grossMargins": 0.41702, "ebitdaMargins": 0.3048, "operatingMargins": 0.2839, "profitMargins": 0.09318, "financialCurrency": "INR"}}}