{"MARALOVER.NS": {"assetProfile": {"address1": "Bhilwara Towers", "address2": "A-12 Sector-1", "city": "Noida", "zip": "201301", "country": "India", "phone": "91 12 0439 0300", "fax": "91 12 0427 7841", "website": "http://www.maraloverseas.com", "industry": "Textile Manufacturing", "sector": "Consumer Cyclical", "longBusinessSummary": "Maral Overseas Limited manufactures and sells cotton yarns, knitted fabrics, and garments in India and internationally. It operates in three segments: Yarn, Fabric, and Textile Made-Ups. The company's products comprise cotton combed Ecru and dyed yarns; and special yarns, including bamboo/cotton, modal/cotton, soya/cotton, organic cotton, fairtrade certified cotton, long staple cotton/pima cotton, slub, core spun lycra, compact, contamination free, reverse and zero twist, recycled cotton, and zero twist yarns used in various applications, such as circular and socks knitting, flat knits, towel weaving, denim and bottom weight fabrics, yarn dyeing, and sweaters. It also offers fabrics in various knits, such as single jersey, rib, interlock, piquet, fleece, French rib, pointelle, and autostriper/engineered stripe products; special fibers and yarns comprising bamboo and blends, soya and blends, organic cotton, fairtrade certified cotton, polyester, slub fabric, modal and blends, and tencel and blends; and special finishes. In addition, the company provides a range of garments consisting of active wear, casual wear, and sleep wear for men and ladies; and fairtrade garments and soft toys for infants and kids. Its knitted products include T-shirts, polo shirts, rugby shirts, henley shirts, hooded shirts, jackets, sweatshirts, tank tops, camisoles, shorts, pyjamas, joggers, etc. for men and ladies. The company markets its products in the United States, Canada, Europe, Japan, Hong Kong, the Middle East, South Africa, and other countries. Maral Overseas Limited was incorporated in 1989 and is based in Noida, India.", "fullTimeEmployees": 2509, "companyOfficers": [{"maxAge": 1, "name": "Mr. Shekhar  Agarwal", "age": 68, "title": "Chairman, MD, CEO & Exec. Director", "yearBorn": 1952, "fiscalYear": 2020, "totalPay": 17549000, "exercisedValue": 0, "unexercisedValue": 0}, {"maxAge": 1, "name": "Mr. Atul Kumar Jain", "age": 45, "title": "Chief Financial Officer", "yearBorn": 1975, "fiscalYear": 2020, "totalPay": 5397000, "exercisedValue": 0, "unexercisedValue": 0}, {"maxAge": 1, "name": "Mr. Virendra Kumar Garg", "age": 39, "title": "Compliance Officer & Company Sec.", "yearBorn": 1981, "fiscalYear": 2020, "totalPay": 1348000, "exercisedValue": 0, "unexercisedValue": 0}, {"maxAge": 1, "name": "Mr. Mohit  Maheshwari", "age": 44, "title": "VP of Marketing", "yearBorn": 1976, "exercisedValue": 0, "unexercisedValue": 0}, {"maxAge": 1, "name": "Mr. Naveen  Maheshwari", "age": 53, "title": "Sr. VP of Noida Unit", "yearBorn": 1967, "exercisedValue": 0, "unexercisedValue": 0}, {"maxAge": 1, "name": "Mr. Shantanu  Agarwal", "age": 34, "title": "Joint MD, Non-Independent Non & Exec. Director", "yearBorn": 1986, "fiscalYear": 2020, "totalPay": 730000, "exercisedValue": 0, "unexercisedValue": 0}, {"maxAge": 1, "name": "Mr. Satya Narayan Goyal", "age": 59, "title": "Pres of Sarovar Unit", "yearBorn": 1961, "exercisedValue": 0, "unexercisedValue": 0}, {"maxAge": 1, "name": "Mr. Ashok  Akade", "age": 46, "title": "VP of Spinning", "yearBorn": 1974, "exercisedValue": 0, "unexercisedValue": 0}, {"maxAge": 1, "name": "Mr. Sanjay  Janghala", "age": 47, "title": "VP of Operations - Noida Unit", "yearBorn": 1973, "exercisedValue": 0, "unexercisedValue": 0}, {"maxAge": 1, "name": "Mr. Gajendra Kumar Lodha", "age": 44, "title": "VP of Commercial", "yearBorn": 1976, "exercisedValue": 0, "unexercisedValue": 0}], "compensationAsOfEpochDate": "2020-12-31 05:30:00", "maxAge": 86400}, "recommendationTrend": {"trend": [{"period": "0m", "strongBuy": 0, "buy": 0, "hold": 0, "sell": 0, "strongSell": 0}, {"period": "-1m", "strongBuy": 0, "buy": 0, "hold": 0, "sell": 0, "strongSell": 0}, {"period": "-2m", "strongBuy": 0, "buy": 0, "hold": 0, "sell": 0, "strongSell": 0}, {"period": "-3m", "strongBuy": 0, "buy": 0, "hold": 0, "sell": 0, "strongSell": 0}], "maxAge": 86400}, "cashflowStatementHistory": {"cashflowStatements": [{"maxAge": 1, "endDate": "2020-03-31", "netIncome": -152812000, "depreciation": 244147000, "changeToNetincome": 53473000, "changeToAccountReceivables": 201610000, "changeToLiabilities": 233804000, "changeToInventory": 111987000, "changeToOperatingActivities": -127502000, "totalCashFromOperatingActivities": 564707000, "capitalExpenditures": -145824000, "otherCashflowsFromInvestingActivities": 37512000, "totalCashflowsFromInvestingActivities": -108312000, "netBorrowings": -281636000, "otherCashflowsFromFinancingActivities": -135347000, "totalCashFromFinancingActivities": -416983000, "changeInCash": 39412000}, {"maxAge": 1, "endDate": "2019-03-31", "netIncome": 81306000, "depreciation": 203206000, "changeToNetincome": 126311000, "changeToAccountReceivables": -134491000, "changeToLiabilities": 190468000, "changeToInventory": -12338000, "changeToOperatingActivities": -147657000, "totalCashFromOperatingActivities": 306805000, "capitalExpenditures": -399366000, "investments": 1572000, "otherCashflowsFromInvestingActivities": 6942000, "totalCashflowsFromInvestingActivities": -390782000, "netBorrowings": 365404000, "otherCashflowsFromFinancingActivities": -148977000, "totalCashFromFinancingActivities": 109292000, "changeInCash": 25315000}, {"maxAge": 1, "endDate": "2018-03-31", "netIncome": 9869000, "depreciation": 184045000, "changeToNetincome": 84309000, "changeToAccountReceivables": -10424000, "changeToLiabilities": 97053000, "changeToInventory": 431556000, "changeToOperatingActivities": -120599000, "totalCashFromOperatingActivities": 675809000, "capitalExpenditures": -260932000, "investments": 811000, "otherCashflowsFromInvestingActivities": 3177000, "totalCashflowsFromInvestingActivities": -256943000, "netBorrowings": -202097000, "otherCashflowsFromFinancingActivities": -161984000, "totalCashFromFinancingActivities": -411216000, "changeInCash": 7650000}, {"maxAge": 1, "endDate": "2017-03-31", "netIncome": 138329000, "depreciation": 225944000, "changeToNetincome": 73851000, "changeToAccountReceivables": -100346000, "changeToLiabilities": 342041000, "changeToInventory": -281452000, "changeToOperatingActivities": 36892000, "totalCashFromOperatingActivities": 435259000, "capitalExpenditures": -225857000, "investments": 811000, "otherCashflowsFromInvestingActivities": 3918000, "totalCashflowsFromInvestingActivities": -219172000, "netBorrowings": -47324000, "otherCashflowsFromFinancingActivities": -144801000, "totalCashFromFinancingActivities": -239260000, "changeInCash": -23173000}], "maxAge": 86400}, "indexTrend": {"maxAge": 1, "symbol": "SP5", "peRatio": 19.7411, "pegRatio": 1.34172, "estimates": [{"period": "0q", "growth": 0.549}, {"period": "+1q", "growth": 0.431}, {"period": "0y", "growth": 0.305}, {"period": "+1y", "growth": 0.109}, {"period": "+5y", "growth": 0.120865}, {"period": "-5y"}]}, "defaultKeyStatistics": {"maxAge": 1, "priceHint": 2, "enterpriseValue": 3181849856, "profitMargins": -0.02138, "floatShares": 8624898, "sharesOutstanding": 41508000, "heldPercentInsiders": 0.77512, "heldPercentInstitutions": 0.0, "beta": 1.503883, "category": null, "bookValue": 17.817, "priceToBook": 2.0766685, "fundFamily": null, "legalType": null, "lastFiscalYearEnd": "2020-03-31 05:30:00", "nextFiscalYearEnd": "2022-03-31 05:30:00", "mostRecentQuarter": "2020-12-31 05:30:00", "netIncomeToCommon": -122912000, "trailingEps": -2.9, "lastSplitFactor": null, "enterpriseToRevenue": 0.553, "enterpriseToEbitda": 10.73}, "industryTrend": {"maxAge": 1, "symbol": null, "estimates": []}, "quoteType": {"exchange": "NSI", "quoteType": "EQUITY", "symbol": "MARALOVER.NS", "underlyingSymbol": "MARALOVER.NS", "shortName": "MARAL OVERSEAS", "longName": "Maral Overseas Limited", "firstTradeDateEpochUtc": "2002-07-01 09:15:00", "timeZoneFullName": "Asia/Kolkata", "timeZoneShortName": "IST", "uuid": "589adfff-c149-3082-86e0-bcebf05c60b6", "gmtOffSetMilliseconds": 19800000, "maxAge": 1}, "incomeStatementHistory": {"incomeStatementHistory": [{"maxAge": 1, "endDate": "2020-03-31", "totalRevenue": 6759491000, "costOfRevenue": 4453052000, "grossProfit": 2306439000, "researchDevelopment": {}, "sellingGeneralAdministrative": 986853000, "nonRecurring": {}, "otherOperatingExpenses": 1197560000, "totalOperatingExpenses": 6881612000, "operatingIncome": -122121000, "totalOtherIncomeExpenseNet": -30691000, "ebit": -122121000, "interestExpense": -147702000, "incomeBeforeTax": -152812000, "incomeTaxExpense": 0, "minorityInterest": {}, "netIncomeFromContinuingOps": -152812000, "discontinuedOperations": {}, "extraordinaryItems": {}, "effectOfAccountingCharges": {}, "otherItems": {}, "netIncome": -152812000, "netIncomeApplicableToCommonShares": -152812000}, {"maxAge": 1, "endDate": "2019-03-31", "totalRevenue": 7571351000, "costOfRevenue": 4948315000, "grossProfit": 2623036000, "researchDevelopment": {}, "sellingGeneralAdministrative": 961054000, "nonRecurring": {}, "otherOperatingExpenses": 1283197000, "totalOperatingExpenses": 7395326000, "operatingIncome": 176025000, "totalOtherIncomeExpenseNet": -42564000, "ebit": 176025000, "interestExpense": -163651000, "incomeBeforeTax": 133461000, "incomeTaxExpense": 52155000, "minorityInterest": {}, "netIncomeFromContinuingOps": 81306000, "discontinuedOperations": {}, "extraordinaryItems": {}, "effectOfAccountingCharges": {}, "otherItems": {}, "netIncome": 81306000, "netIncomeApplicableToCommonShares": 81306000}, {"maxAge": 1, "endDate": "2018-03-31", "totalRevenue": 6407103000, "costOfRevenue": 4037111000, "grossProfit": 2369992000, "researchDevelopment": {}, "sellingGeneralAdministrative": 907583000, "nonRecurring": {}, "otherOperatingExpenses": 1176115000, "totalOperatingExpenses": 6304854000, "operatingIncome": 102249000, "totalOtherIncomeExpenseNet": -96274000, "ebit": 102249000, "interestExpense": -179673000, "incomeBeforeTax": 5975000, "incomeTaxExpense": -3894000, "minorityInterest": {}, "netIncomeFromContinuingOps": 9869000, "discontinuedOperations": {}, "extraordinaryItems": {}, "effectOfAccountingCharges": {}, "otherItems": {}, "netIncome": 9869000, "netIncomeApplicableToCommonShares": 9869000}, {"maxAge": 1, "endDate": "2017-03-31", "totalRevenue": 6664320000, "costOfRevenue": 4035993000, "grossProfit": 2628327000, "researchDevelopment": {}, "sellingGeneralAdministrative": 888280000, "nonRecurring": {}, "otherOperatingExpenses": 1252652000, "totalOperatingExpenses": 6402869000, "operatingIncome": 261451000, "totalOtherIncomeExpenseNet": -56086000, "ebit": 261451000, "interestExpense": -142689000, "incomeBeforeTax": 205365000, "incomeTaxExpense": 67036000, "minorityInterest": {}, "netIncomeFromContinuingOps": 138329000, "discontinuedOperations": {}, "extraordinaryItems": {}, "effectOfAccountingCharges": {}, "otherItems": {}, "netIncome": 138329000, "netIncomeApplicableToCommonShares": 138329000}], "maxAge": 86400}, "fundOwnership": {"ownershipList": [], "maxAge": 1}, "summaryDetail": {"maxAge": 1, "priceHint": 2, "previousClose": 35.25, "open": 35.25, "dayLow": 35.05, "dayHigh": 37.0, "regularMarketPreviousClose": 35.25, "regularMarketOpen": 35.25, "regularMarketDayLow": 35.05, "regularMarketDayHigh": 37.0, "exDividendDate": "2002-08-29 05:30:00", "payoutRatio": 0.0, "beta": 1.503883, "volume": 46917, "regularMarketVolume": 46917, "averageVolume": 19688, "averageVolume10days": 12217, "averageDailyVolume10Day": 12217, "bid": 0.0, "ask": 0.0, "bidSize": 0, "askSize": 0, "marketCap": 1535795968, "fiftyTwoWeekLow": 9.55, "fiftyTwoWeekHigh": 37.0, "priceToSalesTrailing12Months": 0.2670954, "fiftyDayAverage": 29.243938, "twoHundredDayAverage": 21.992144, "currency": "INR", "fromCurrency": null, "lastMarket": null, "algorithm": null, "tradeable": false}, "insiderHolders": {"holders": [{"maxAge": 1, "name": "Agarwal (Shantanu)", "relation": "Additonal Director", "url": "", "transactionDescription": "Other", "latestTransDate": "2014-04-22", "positionDirect": 554500, "positionDirectDate": "2014-04-22"}, {"maxAge": 1, "name": "Agarwal (Shashi)", "relation": "Promoter", "url": "", "transactionDescription": "Gift", "latestTransDate": "2018-10-09", "positionDirect": 1037600, "positionDirectDate": "2018-10-09"}, {"maxAge": 1, "name": "Agarwal (Shuchi)", "relation": "Promoter", "url": "", "transactionDescription": "Gift", "latestTransDate": "2018-10-09", "positionDirect": 134685, "positionDirectDate": "2018-10-09"}, {"maxAge": 1, "name": "Agarwal Finestate Pvt. Ltd.", "relation": "Institution- Corporation", "url": "", "transactionDescription": "Acquisition", "latestTransDate": "2017-12-13", "positionDirect": 7396056, "positionDirectDate": "2017-12-13"}, {"maxAge": 1, "name": "Agarwal Trademart Pvt Ltd", "relation": "Institution- Corporation", "url": "", "transactionDescription": "Acquisition", "latestTransDate": "2009-11-09", "positionDirect": 19760000, "positionDirectDate": "2009-11-09"}, {"maxAge": 1, "name": "Essay Marketing Co. Ltd.", "relation": "Institution- Corporation", "url": "", "transactionDescription": "Acquisition", "latestTransDate": "2009-12-11", "positionDirect": 3356700, "positionDirectDate": "2009-12-11"}, {"maxAge": 1, "name": "HEG Ltd", "relation": "Institution- Corporation", "url": "", "transactionDescription": "Sale", "latestTransDate": "2009-12-11", "positionDirect": 0, "positionDirectDate": "2009-12-11"}, {"maxAge": 1, "name": "Jyoti Knits Pvt. Ltd.", "relation": "Institution- Corporation", "url": "", "transactionDescription": "Acquisition", "latestTransDate": "2009-11-13", "positionDirect": 1978200, "positionDirectDate": "2009-11-13"}, {"maxAge": 1, "name": "Poddar (Shuchi Agarwal)", "relation": "UNREPORTED", "url": "", "transactionDescription": "Gift", "latestTransDate": "2018-10-09", "positionDirect": 56100, "positionDirectDate": "2018-10-09"}], "maxAge": 1}, "calendarEvents": {"maxAge": 1, "earnings": {"earningsDate": []}, "exDividendDate": "2002-08-29 05:30:00"}, "upgradeDowngradeHistory": {"history": [], "maxAge": 86400}, "price": {"maxAge": 1, "regularMarketChangePercent": 0.04964539, "regularMarketChange": 1.75, "regularMarketTime": "2021-04-30 15:29:24", "priceHint": 2, "regularMarketPrice": 37.0, "regularMarketDayHigh": 37.0, "regularMarketDayLow": 35.05, "regularMarketVolume": 46917, "averageDailyVolume10Day": 12217, "averageDailyVolume3Month": 19688, "regularMarketPreviousClose": 35.25, "regularMarketSource": "FREE_REALTIME", "regularMarketOpen": 35.25, "exchange": "NSI", "exchangeName": "NSE", "exchangeDataDelayedBy": 15, "marketState": "CLOSED", "quoteType": "EQUITY", "symbol": "MARALOVER.NS", "underlyingSymbol": null, "shortName": "MARAL OVERSEAS", "longName": "Maral Overseas Limited", "currency": "INR", "quoteSourceName": "Delayed Quote", "currencySymbol": "\u20b9", "fromCurrency": null, "lastMarket": null, "marketCap": 1535795968}, "balanceSheetHistory": {"balanceSheetStatements": [{"maxAge": 1, "endDate": "2020-03-31", "cash": 81913000, "netReceivables": 1166280000, "inventory": 981907000, "otherCurrentAssets": 68418000, "totalCurrentAssets": 2308889000, "propertyPlantEquipment": 1788986000, "intangibleAssets": 32795000, "otherAssets": 195869000, "totalAssets": 4326539000, "accountsPayable": 575604000, "shortLongTermDebt": 344547000, "otherCurrentLiab": 139988000, "longTermDebt": 377943000, "otherLiab": 214249000, "totalCurrentLiabilities": 2856443000, "totalLiab": 3489078000, "commonStock": 415080000, "retainedEarnings": -276757000, "treasuryStock": 440131000, "capitalSurplus": 259007000, "otherStockholderEquity": 440131000, "totalStockholderEquity": 837461000, "netTangibleAssets": 804666000}, {"maxAge": 1, "endDate": "2019-03-31", "cash": 42501000, "netReceivables": 1284626000, "inventory": 1093894000, "otherCurrentAssets": 102064000, "totalCurrentAssets": 2540345000, "propertyPlantEquipment": 1881512000, "intangibleAssets": 29672000, "otherAssets": 102162000, "totalAssets": 4553691000, "accountsPayable": 582764000, "shortLongTermDebt": 347416000, "otherCurrentLiab": 170161000, "longTermDebt": 507522000, "otherLiab": 44821000, "totalCurrentLiabilities": 2995585000, "totalLiab": 3547928000, "commonStock": 415080000, "retainedEarnings": -131791000, "treasuryStock": 463467000, "capitalSurplus": 259007000, "otherStockholderEquity": 463467000, "totalStockholderEquity": 1005763000, "netTangibleAssets": 976091000}, {"maxAge": 1, "endDate": "2018-03-31", "cash": 17186000, "netReceivables": 1083632000, "inventory": 1081556000, "otherCurrentAssets": 27527000, "totalCurrentAssets": 2226585000, "propertyPlantEquipment": 1671499000, "intangibleAssets": 35123000, "otherAssets": 105091000, "deferredLongTermAssetCharges": 6997000, "totalAssets": 4038298000, "accountsPayable": 430955000, "shortLongTermDebt": 543149000, "otherCurrentLiab": 150271000, "longTermDebt": 348779000, "otherLiab": 35823000, "totalCurrentLiabilities": 2728377000, "totalLiab": 3112979000, "commonStock": 415080000, "retainedEarnings": -140596000, "treasuryStock": 391828000, "capitalSurplus": 259007000, "otherStockholderEquity": 391828000, "totalStockholderEquity": 925319000, "netTangibleAssets": 890196000}, {"maxAge": 1, "endDate": "2017-03-31", "cash": 9536000, "netReceivables": 918286000, "inventory": 1513113000, "otherCurrentAssets": 73169000, "totalCurrentAssets": 2534340000, "propertyPlantEquipment": 1608797000, "intangibleAssets": 1464000, "otherAssets": 73905000, "deferredLongTermAssetCharges": 7674000, "totalAssets": 4218506000, "accountsPayable": 418597000, "shortLongTermDebt": 455346000, "otherCurrentLiab": 112187000, "longTermDebt": 752382000, "otherLiab": 37668000, "totalCurrentLiabilities": 2487873000, "totalLiab": 3277923000, "commonStock": 415080000, "retainedEarnings": -91448000, "treasuryStock": 357944000, "capitalSurplus": 259007000, "otherStockholderEquity": 357944000, "totalStockholderEquity": 940583000, "netTangibleAssets": 939119000}], "maxAge": 86400}, "earningsTrend": {"trend": [{"maxAge": 1, "period": "0q", "endDate": null, "growth": {}, "earningsEstimate": {"avg": 0.0, "low": 0.0, "high": 0.0, "yearAgoEps": {}, "numberOfAnalysts": 0, "growth": {}}, "revenueEstimate": {"avg": 0, "low": 0, "high": 0, "numberOfAnalysts": 0, "yearAgoRevenue": {}, "growth": {}}, "epsTrend": {"current": 0.0, "7daysAgo": 0.0, "30daysAgo": 0.0, "60daysAgo": 0.0, "90daysAgo": 0.0}, "epsRevisions": {"upLast7days": 0, "upLast30days": 0, "downLast30days": 0, "downLast90days": {}}}, {"maxAge": 1, "period": "+1q", "endDate": null, "growth": {}, "earningsEstimate": {"avg": 0.0, "low": 0.0, "high": 0.0, "yearAgoEps": {}, "numberOfAnalysts": 0, "growth": {}}, "revenueEstimate": {"avg": 0, "low": 0, "high": 0, "numberOfAnalysts": 0, "yearAgoRevenue": {}, "growth": {}}, "epsTrend": {"current": 0.0, "7daysAgo": 0.0, "30daysAgo": 0.0, "60daysAgo": 0.0, "90daysAgo": 0.0}, "epsRevisions": {"upLast7days": 0, "upLast30days": 0, "downLast30days": 0, "downLast90days": {}}}, {"maxAge": 1, "period": "0y", "endDate": null, "growth": {}, "earningsEstimate": {"avg": 0.0, "low": 0.0, "high": 0.0, "yearAgoEps": {}, "numberOfAnalysts": 0, "growth": {}}, "revenueEstimate": {"avg": 0, "low": 0, "high": 0, "numberOfAnalysts": 0, "yearAgoRevenue": {}, "growth": {}}, "epsTrend": {"current": 0.0, "7daysAgo": 0.0, "30daysAgo": 0.0, "60daysAgo": 0.0, "90daysAgo": 0.0}, "epsRevisions": {"upLast7days": 0, "upLast30days": 0, "downLast30days": 0, "downLast90days": {}}}, {"maxAge": 1, "period": "+1y", "endDate": null, "growth": {}, "earningsEstimate": {"avg": 0.0, "low": 0.0, "high": 0.0, "yearAgoEps": {}, "numberOfAnalysts": 0, "growth": {}}, "revenueEstimate": {"avg": 0, "low": 0, "high": 0, "numberOfAnalysts": 0, "yearAgoRevenue": {}, "growth": {}}, "epsTrend": {"current": 0.0, "7daysAgo": 0.0, "30daysAgo": 0.0, "60daysAgo": 0.0, "90daysAgo": 0.0}, "epsRevisions": {"upLast7days": 0, "upLast30days": 0, "downLast30days": 0, "downLast90days": {}}}, {"maxAge": 1, "period": "+5y", "endDate": null, "growth": {}, "earningsEstimate": {"avg": {}, "low": {}, "high": {}, "yearAgoEps": {}, "numberOfAnalysts": {}, "growth": {}}, "revenueEstimate": {"avg": {}, "low": {}, "high": {}, "numberOfAnalysts": {}, "yearAgoRevenue": {}, "growth": {}}, "epsTrend": {"current": {}, "7daysAgo": {}, "30daysAgo": {}, "60daysAgo": {}, "90daysAgo": {}}, "epsRevisions": {"upLast7days": {}, "upLast30days": {}, "downLast30days": {}, "downLast90days": {}}}, {"maxAge": 1, "period": "-5y", "endDate": null, "growth": {}, "earningsEstimate": {"avg": {}, "low": {}, "high": {}, "yearAgoEps": {}, "numberOfAnalysts": {}, "growth": {}}, "revenueEstimate": {"avg": {}, "low": {}, "high": {}, "numberOfAnalysts": {}, "yearAgoRevenue": {}, "growth": {}}, "epsTrend": {"current": {}, "7daysAgo": {}, "30daysAgo": {}, "60daysAgo": {}, "90daysAgo": {}}, "epsRevisions": {"upLast7days": {}, "upLast30days": {}, "downLast30days": {}, "downLast90days": {}}}], "maxAge": 1}, "institutionOwnership": {"ownershipList": [], "maxAge": 1}, "majorHoldersBreakdown": {"maxAge": 1, "insidersPercentHeld": 0.77512, "institutionsPercentHeld": 0.0, "institutionsFloatPercentHeld": 0.0, "institutionsCount": 0}, "balanceSheetHistoryQuarterly": {"balanceSheetStatements": [{"maxAge": 1, "endDate": "2020-12-31", "totalStockholderEquity": 742700000, "netTangibleAssets": 714000000}, {"maxAge": 1, "endDate": "2020-09-30", "cash": 56000000, "shortTermInvestments": 119700000, "netReceivables": 821800000, "inventory": 780200000, "otherCurrentAssets": 354600000, "totalCurrentAssets": 2132300000, "longTermInvestments": 93100000, "propertyPlantEquipment": 1694700000, "intangibleAssets": 28700000, "otherAssets": 87300000, "totalAssets": 4036100000, "accountsPayable": 474700000, "otherCurrentLiab": 699100000, "longTermDebt": 390900000, "otherLiab": 208000000, "totalCurrentLiabilities": 2636300000, "totalLiab": 3293400000, "commonStock": 415080000, "treasuryStock": 327620000, "otherStockholderEquity": 327620000, "totalStockholderEquity": 742700000, "netTangibleAssets": 714000000}, {"maxAge": 1, "endDate": "2020-06-30", "totalStockholderEquity": 837500000, "netTangibleAssets": 804700000}, {"maxAge": 1, "endDate": "2020-03-31", "cash": 81913000, "netReceivables": 1166280000, "inventory": 981907000, "otherCurrentAssets": 68418000, "totalCurrentAssets": 2308889000, "propertyPlantEquipment": 1788986000, "intangibleAssets": 32795000, "otherAssets": 195869000, "totalAssets": 4326539000, "accountsPayable": 575604000, "shortLongTermDebt": 344547000, "otherCurrentLiab": 139988000, "longTermDebt": 377943000, "otherLiab": 214249000, "totalCurrentLiabilities": 2856443000, "totalLiab": 3489078000, "commonStock": 415080000, "retainedEarnings": -276757000, "treasuryStock": 440131000, "capitalSurplus": 259007000, "otherStockholderEquity": 440131000, "totalStockholderEquity": 837461000, "netTangibleAssets": 804666000}], "maxAge": 86400}, "earningsHistory": {"history": [{"maxAge": 1, "epsActual": {}, "epsEstimate": {}, "epsDifference": {}, "surprisePercent": {}, "quarter": {}, "period": "-4q"}, {"maxAge": 1, "epsActual": {}, "epsEstimate": {}, "epsDifference": {}, "surprisePercent": {}, "quarter": {}, "period": "-3q"}, {"maxAge": 1, "epsActual": {}, "epsEstimate": {}, "epsDifference": {}, "surprisePercent": {}, "quarter": {}, "period": "-2q"}, {"maxAge": 1, "epsActual": {}, "epsEstimate": {}, "epsDifference": {}, "surprisePercent": {}, "quarter": {}, "period": "-1q"}], "maxAge": 86400}, "summaryProfile": {"address1": "Bhilwara Towers", "address2": "A-12 Sector-1", "city": "Noida", "zip": "201301", "country": "India", "phone": "91 12 0439 0300", "fax": "91 12 0427 7841", "website": "http://www.maraloverseas.com", "industry": "Textile Manufacturing", "sector": "Consumer Cyclical", "longBusinessSummary": "Maral Overseas Limited manufactures and sells cotton yarns, knitted fabrics, and garments in India and internationally. It operates in three segments: Yarn, Fabric, and Textile Made-Ups. The company's products comprise cotton combed Ecru and dyed yarns; and special yarns, including bamboo/cotton, modal/cotton, soya/cotton, organic cotton, fairtrade certified cotton, long staple cotton/pima cotton, slub, core spun lycra, compact, contamination free, reverse and zero twist, recycled cotton, and zero twist yarns used in various applications, such as circular and socks knitting, flat knits, towel weaving, denim and bottom weight fabrics, yarn dyeing, and sweaters. It also offers fabrics in various knits, such as single jersey, rib, interlock, piquet, fleece, French rib, pointelle, and autostriper/engineered stripe products; special fibers and yarns comprising bamboo and blends, soya and blends, organic cotton, fairtrade certified cotton, polyester, slub fabric, modal and blends, and tencel and blends; and special finishes. In addition, the company provides a range of garments consisting of active wear, casual wear, and sleep wear for men and ladies; and fairtrade garments and soft toys for infants and kids. Its knitted products include T-shirts, polo shirts, rugby shirts, henley shirts, hooded shirts, jackets, sweatshirts, tank tops, camisoles, shorts, pyjamas, joggers, etc. for men and ladies. The company markets its products in the United States, Canada, Europe, Japan, Hong Kong, the Middle East, South Africa, and other countries. Maral Overseas Limited was incorporated in 1989 and is based in Noida, India.", "fullTimeEmployees": 2509, "companyOfficers": [], "maxAge": 86400}, "netSharePurchaseActivity": {"maxAge": 1, "period": "6m", "buyInfoCount": 0, "buyInfoShares": 0, "sellInfoCount": 0, "netInfoCount": 0, "netInfoShares": 0, "netPercentInsiderShares": 0.0, "totalInsiderShares": 32131748}, "insiderTransactions": {"transactions": [{"maxAge": 1, "shares": 2400000, "filerUrl": "", "transactionText": "", "filerName": "Agarwal (Shuchi)", "filerRelation": "Promoter", "moneyText": "", "startDate": "2018-10-09", "ownership": "D"}, {"maxAge": 1, "shares": 78585, "filerUrl": "", "transactionText": "", "filerName": "Agarwal (Shuchi)", "filerRelation": "Promoter", "moneyText": "", "startDate": "2018-10-09", "ownership": "D"}, {"maxAge": 1, "shares": 350000, "filerUrl": "", "transactionText": "", "filerName": "Agarwal (Shashi)", "filerRelation": "Promoter", "moneyText": "", "startDate": "2018-10-09", "ownership": "D"}, {"maxAge": 1, "shares": 350000, "filerUrl": "", "transactionText": "", "filerName": "Poddar (Shuchi Agarwal)", "filerRelation": "UNREPORTED", "moneyText": "", "startDate": "2018-10-09", "ownership": "D"}, {"maxAge": 1, "shares": 6625755, "filerUrl": "", "transactionText": "", "filerName": "Agarwal Finestate Pvt. Ltd.", "filerRelation": "Institution- Corporation", "moneyText": "", "startDate": "2017-12-13", "ownership": "D"}, {"maxAge": 1, "shares": 554500, "filerUrl": "", "transactionText": "", "filerName": "Agarwal (Shantanu)", "filerRelation": "Additonal Director", "moneyText": "", "startDate": "2014-04-22", "ownership": "D"}, {"maxAge": 1, "shares": 1510000, "filerUrl": "", "transactionText": "", "filerName": "Essay Marketing Co. Ltd.", "filerRelation": "Institution- Corporation", "moneyText": "", "startDate": "2009-12-11", "ownership": "D"}, {"maxAge": 1, "shares": 581000, "filerUrl": "", "transactionText": "", "filerName": "HEG Ltd", "filerRelation": "Institution- Corporation", "moneyText": "", "startDate": "2009-12-11", "ownership": "D"}, {"maxAge": 1, "shares": 581000, "filerUrl": "", "transactionText": "", "filerName": "Agarwal Finestate Pvt. Ltd.", "filerRelation": "Institution- Corporation", "moneyText": "", "startDate": "2009-12-11", "ownership": "D"}, {"maxAge": 1, "shares": 1040000, "filerUrl": "", "transactionText": "", "filerName": "Essay Marketing Co. Ltd.", "filerRelation": "Institution- Corporation", "moneyText": "", "startDate": "2009-11-13", "ownership": "D"}, {"maxAge": 1, "shares": 1320000, "filerUrl": "", "transactionText": "", "filerName": "Jyoti Knits Pvt. Ltd.", "filerRelation": "Institution- Corporation", "moneyText": "", "startDate": "2009-11-13", "ownership": "D"}, {"maxAge": 1, "shares": 19750000, "filerUrl": "", "transactionText": "", "filerName": "Agarwal Trademart Pvt Ltd", "filerRelation": "Institution- Corporation", "moneyText": "", "startDate": "2009-11-09", "ownership": "D"}, {"maxAge": 1, "shares": 600000, "filerUrl": "", "transactionText": "", "filerName": "Essay Marketing Co. Ltd.", "filerRelation": "Institution- Corporation", "moneyText": "", "startDate": "2009-10-12", "ownership": "D"}], "maxAge": 1}, "sectorTrend": {"maxAge": 1, "symbol": null, "estimates": []}, "incomeStatementHistoryQuarterly": {"incomeStatementHistory": [{"maxAge": 1, "endDate": "2020-12-31", "totalRevenue": 1931700000, "costOfRevenue": 1098500000, "grossProfit": 833200000, "researchDevelopment": {}, "sellingGeneralAdministrative": 244200000, "nonRecurring": {}, "otherOperatingExpenses": 353700000, "totalOperatingExpenses": 1756400000, "operatingIncome": 175300000, "totalOtherIncomeExpenseNet": -33100000, "ebit": 175300000, "interestExpense": -45600000, "incomeBeforeTax": 142200000, "incomeTaxExpense": 25300000, "minorityInterest": {}, "netIncomeFromContinuingOps": 116900000, "discontinuedOperations": {}, "extraordinaryItems": {}, "effectOfAccountingCharges": {}, "otherItems": {}, "netIncome": 116900000, "netIncomeApplicableToCommonShares": 116900000}, {"maxAge": 1, "endDate": "2020-09-30", "totalRevenue": 1675300000, "costOfRevenue": 1037900000, "grossProfit": 637400000, "researchDevelopment": {}, "sellingGeneralAdministrative": 208200000, "nonRecurring": {}, "otherOperatingExpenses": 309200000, "totalOperatingExpenses": 1615300000, "operatingIncome": 60000000, "totalOtherIncomeExpenseNet": -22700000, "ebit": 60000000, "interestExpense": -38400000, "incomeBeforeTax": 37300000, "incomeTaxExpense": 200000, "minorityInterest": {}, "netIncomeFromContinuingOps": 37100000, "discontinuedOperations": {}, "extraordinaryItems": {}, "effectOfAccountingCharges": {}, "otherItems": {}, "netIncome": 37100000, "netIncomeApplicableToCommonShares": 37100000}, {"maxAge": 1, "endDate": "2020-06-30", "totalRevenue": 672200000, "costOfRevenue": 426900000, "grossProfit": 245300000, "researchDevelopment": {}, "sellingGeneralAdministrative": 136900000, "nonRecurring": {}, "otherOperatingExpenses": 168500000, "totalOperatingExpenses": 792700000, "operatingIncome": -120500000, "totalOtherIncomeExpenseNet": -28400000, "ebit": -120500000, "interestExpense": -40100000, "incomeBeforeTax": -148900000, "incomeTaxExpense": 0, "minorityInterest": {}, "netIncomeFromContinuingOps": -148900000, "discontinuedOperations": {}, "extraordinaryItems": {}, "effectOfAccountingCharges": {}, "otherItems": {}, "netIncome": -148900000, "netIncomeApplicableToCommonShares": -148900000}, {"maxAge": 1, "endDate": "2020-03-31", "totalRevenue": 1470791000, "costOfRevenue": 1035052000, "grossProfit": 435739000, "researchDevelopment": {}, "sellingGeneralAdministrative": 246053000, "nonRecurring": {}, "otherOperatingExpenses": 221760000, "totalOperatingExpenses": 1563812000, "operatingIncome": -93021000, "totalOtherIncomeExpenseNet": -39491000, "ebit": -93021000, "interestExpense": -24402000, "incomeBeforeTax": -132512000, "incomeTaxExpense": -4500000, "minorityInterest": {}, "netIncomeFromContinuingOps": -128012000, "discontinuedOperations": {}, "extraordinaryItems": {}, "effectOfAccountingCharges": {}, "otherItems": {}, "netIncome": -128012000, "netIncomeApplicableToCommonShares": -128012000}], "maxAge": 86400}, "cashflowStatementHistoryQuarterly": {"cashflowStatements": [{"maxAge": 1, "endDate": "2020-12-31", "netIncome": 116900000, "changeToLiabilities": 0}, {"maxAge": 1, "endDate": "2020-09-30", "netIncome": 37100000, "changeToLiabilities": 0}, {"maxAge": 1, "endDate": "2020-06-30", "netIncome": -148900000, "changeToLiabilities": 0}, {"maxAge": 1, "endDate": "2020-03-31", "netIncome": -128012000, "changeToLiabilities": 0}], "maxAge": 86400}, "earnings": {"maxAge": 86400, "earningsChart": {"quarterly": [], "earningsDate": []}, "financialsChart": {"yearly": [{"date": 2017, "revenue": 6664320000, "earnings": 138329000}, {"date": 2018, "revenue": 6407103000, "earnings": 9869000}, {"date": 2019, "revenue": 7571351000, "earnings": 81306000}, {"date": 2020, "revenue": 6759491000, "earnings": -152812000}], "quarterly": [{"date": "1Q2020", "revenue": 1470791000, "earnings": -128012000}, {"date": "2Q2020", "revenue": 672200000, "earnings": -148900000}, {"date": "3Q2020", "revenue": 1675300000, "earnings": 37100000}, {"date": "4Q2020", "revenue": 1931700000, "earnings": 116900000}]}, "financialCurrency": "INR"}, "financialData": {"maxAge": 86400, "currentPrice": 37.0, "recommendationKey": "none", "totalCash": 175700000, "totalCashPerShare": 4.238, "ebitda": 296531744, "totalDebt": 1896300032, "totalRevenue": 5749990912, "debtToEquity": 255.325, "revenuePerShare": 135.667, "grossProfits": 2306439000, "revenueGrowth": 0.158, "grossMargins": 0.3742, "ebitdaMargins": 0.051570002, "operatingMargins": 0.00377, "profitMargins": -0.02138, "financialCurrency": "INR"}}}