{"MARBU.BO": {"cashflowStatementHistory": {"cashflowStatements": [{"maxAge": 1, "endDate": "2020-03-31", "netIncome": 17183698, "depreciation": 2495805, "changeToNetincome": -41519929, "changeToAccountReceivables": 54765900, "changeToLiabilities": -51790897, "changeToInventory": -27757362, "totalCashFromOperatingActivities": -46622785, "capitalExpenditures": -760796, "otherCashflowsFromInvestingActivities": 23329824, "totalCashflowsFromInvestingActivities": 22569028, "dividendsPaid": -2576930, "netBorrowings": 156450000, "otherCashflowsFromFinancingActivities": -126925150, "totalCashFromFinancingActivities": 26947920, "changeInCash": 2894163}, {"maxAge": 1, "endDate": "2019-03-31", "netIncome": 14507851, "depreciation": 2147519, "changeToNetincome": -48085333, "changeToAccountReceivables": 20170143, "changeToLiabilities": -88667556, "changeToInventory": -18757741, "totalCashFromOperatingActivities": -118685117, "capitalExpenditures": -2827966, "otherCashflowsFromInvestingActivities": 27364000, "totalCashflowsFromInvestingActivities": 24536034, "dividendsPaid": -2576930, "netBorrowings": 210711734, "otherCashflowsFromFinancingActivities": -95687144, "totalCashFromFinancingActivities": 112447660, "changeInCash": 18298577}, {"maxAge": 1, "endDate": "2018-03-31", "netIncome": 17049494, "depreciation": 2964450, "changeToNetincome": -22916298, "changeToAccountReceivables": 113868111, "changeToLiabilities": -68781609, "changeToInventory": -4730613, "totalCashFromOperatingActivities": 37453535, "capitalExpenditures": -948978, "otherCashflowsFromInvestingActivities": 27364000, "totalCashflowsFromInvestingActivities": -731478, "dividendsPaid": -2576930, "netBorrowings": 156125000, "otherCashflowsFromFinancingActivities": -193294123, "totalCashFromFinancingActivities": -37169123, "changeInCash": -447066}, {"maxAge": 1, "endDate": "2017-03-31", "netIncome": 20691780, "depreciation": 3097564, "changeToNetincome": -20998137, "changeToAccountReceivables": 71814403, "changeToLiabilities": -66266222, "changeToInventory": -352750, "totalCashFromOperatingActivities": 7986638, "capitalExpenditures": -5851, "otherCashflowsFromInvestingActivities": 27364000, "totalCashflowsFromInvestingActivities": -5851, "dividendsPaid": -2576930, "netBorrowings": 82006812, "otherCashflowsFromFinancingActivities": -91235635, "totalCashFromFinancingActivities": -9228823, "changeInCash": -1248036}], "maxAge": 86400}, "institutionOwnership": {"ownershipList": [], "maxAge": 1}, "balanceSheetHistoryQuarterly": {"balanceSheetStatements": [{"maxAge": 1, "endDate": "2020-06-30", "totalStockholderEquity": 471766000, "netTangibleAssets": 471766000}, {"maxAge": 1, "endDate": "2020-03-31", "cash": 24002534, "netReceivables": 45201526, "inventory": 27757362, "otherCurrentAssets": 402546973, "totalCurrentAssets": 499508395, "propertyPlantEquipment": 295651305, "otherAssets": 215237848, "totalAssets": 1010397548, "accountsPayable": 574645, "shortLongTermDebt": 4897392, "otherCurrentLiab": 19107302, "longTermDebt": 96258776, "otherLiab": 417140666, "totalCurrentLiabilities": 25232553, "totalLiab": 538631995, "commonStock": 51538590, "retainedEarnings": 306570687, "treasuryStock": 91156276, "capitalSurplus": 22500000, "otherStockholderEquity": 91156276, "totalStockholderEquity": 471765553, "netTangibleAssets": 471765553}, {"maxAge": 1, "endDate": "2019-12-31", "totalStockholderEquity": 464415000, "netTangibleAssets": 464415000}, {"maxAge": 1, "endDate": "2019-09-30", "cash": 15897000, "netReceivables": 57506000, "inventory": 21613000, "otherCurrentAssets": 363697000, "totalCurrentAssets": 458713000, "propertyPlantEquipment": 295034000, "otherAssets": 249446000, "totalAssets": 1003193000, "accountsPayable": 1042000, "otherCurrentLiab": 30600000, "longTermDebt": 97902000, "otherLiab": 406584000, "totalCurrentLiabilities": 34292000, "totalLiab": 538778000, "commonStock": 51539000, "treasuryStock": 412876000, "otherStockholderEquity": 412876000, "totalStockholderEquity": 464415000, "netTangibleAssets": 464415000}], "maxAge": 86400}, "indexTrend": {"maxAge": 1, "symbol": "SP5", "peRatio": 19.7411, "pegRatio": 1.34172, "estimates": [{"period": "0q", "growth": 0.549}, {"period": "+1q", "growth": 0.431}, {"period": "0y", "growth": 0.305}, {"period": "+1y", "growth": 0.109}, {"period": "+5y", "growth": 0.120859005}, {"period": "-5y"}]}, "insiderTransactions": {"transactions": [{"maxAge": 1, "shares": 5000, "filerUrl": "", "transactionText": "", "filerName": "Fatehpuria (Manish)", "filerRelation": "Director (Executive)", "moneyText": "", "startDate": "2018-04-27", "ownership": "D"}, {"maxAge": 1, "shares": 5200, "filerUrl": "", "transactionText": "", "filerName": "Fatehpuria (Manish)", "filerRelation": "Director (Executive)", "moneyText": "", "startDate": "2018-04-26", "ownership": "D"}, {"maxAge": 1, "shares": 3540, "filerUrl": "", "transactionText": "", "filerName": "Fatehpuria (Manish)", "filerRelation": "Director (Executive)", "moneyText": "", "startDate": "2018-04-25", "ownership": "D"}, {"maxAge": 1, "shares": 9260, "filerUrl": "", "transactionText": "", "filerName": "Fatehpuria (Manish)", "filerRelation": "Director (Executive)", "moneyText": "", "startDate": "2018-04-24", "ownership": "D"}, {"maxAge": 1, "shares": 10500, "filerUrl": "", "transactionText": "", "filerName": "Fatehpuria (Manish)", "filerRelation": "Director (Executive)", "moneyText": "", "startDate": "2018-04-23", "ownership": "D"}, {"maxAge": 1, "shares": 0, "filerUrl": "", "transactionText": "", "filerName": "Fatehpuria (Manish)", "filerRelation": "Director (Executive)", "moneyText": "", "startDate": "2018-04-20", "ownership": "I"}, {"maxAge": 1, "shares": 5000, "filerUrl": "", "transactionText": "", "filerName": "Fatehpuria (Manish)", "filerRelation": "Director (Executive)", "moneyText": "", "startDate": "2018-04-19", "ownership": "D"}, {"maxAge": 1, "shares": 6500, "filerUrl": "", "transactionText": "", "filerName": "Fatehpuria (Manish)", "filerRelation": "Director (Executive)", "moneyText": "", "startDate": "2018-04-19", "ownership": "D"}, {"maxAge": 1, "shares": 40000, "filerUrl": "", "transactionText": "", "filerName": "Fatehpuria (Manish)", "filerRelation": "Director (Executive)", "moneyText": "", "startDate": "2017-12-08", "ownership": "D"}, {"maxAge": 1, "shares": 40000, "filerUrl": "", "transactionText": "", "filerName": "Fatehpuria (Manish)", "filerRelation": "Director (Executive)", "moneyText": "", "startDate": "2017-12-07", "ownership": "D"}, {"maxAge": 1, "shares": 50000, "filerUrl": "", "transactionText": "", "filerName": "Fatehpuria (Sarika)", "filerRelation": "External Director", "moneyText": "", "startDate": "2017-12-05", "ownership": "D"}, {"maxAge": 1, "shares": 20000, "filerUrl": "", "transactionText": "", "filerName": "Fatehpuria (Kedar Nath)", "filerRelation": "Executive Chairman", "moneyText": "", "startDate": "2017-12-04", "ownership": "D"}, {"maxAge": 1, "shares": 30000, "filerUrl": "", "transactionText": "", "filerName": "Fatehpuria (Sunil)", "filerRelation": "Director (Non-Executive)", "moneyText": "", "startDate": "2017-12-04", "ownership": "D"}, {"maxAge": 1, "shares": 20000, "filerUrl": "", "transactionText": "", "filerName": "Fatehpuria (Kedar Nath)", "filerRelation": "Executive Chairman", "moneyText": "", "startDate": "2017-11-27", "ownership": "D"}, {"maxAge": 1, "shares": 50000, "filerUrl": "", "transactionText": "", "filerName": "Fatehpuria (Kedar Nath)", "filerRelation": "Executive Chairman", "moneyText": "", "startDate": "2017-11-22", "ownership": "D"}], "maxAge": 1}, "quoteType": {"exchange": "BSE", "quoteType": "EQUITY", "symbol": "MARBU.BO", "underlyingSymbol": "MARBU.BO", "shortName": "MARTIN BURN LTD.", "longName": "Martin Burn Limited", "firstTradeDateEpochUtc": "2007-05-17 09:15:00", "timeZoneFullName": "Asia/Kolkata", "timeZoneShortName": "IST", "uuid": "112dd01c-bca1-37d3-bfaa-d953c21cd497", "gmtOffSetMilliseconds": 19800000, "maxAge": 1}, "incomeStatementHistory": {"incomeStatementHistory": [{"maxAge": 1, "endDate": "2020-03-31", "totalRevenue": 18874374, "costOfRevenue": 6574212, "grossProfit": 12300162, "researchDevelopment": {}, "sellingGeneralAdministrative": 16835677, "nonRecurring": {}, "otherOperatingExpenses": -14153159, "totalOperatingExpenses": 12034612, "operatingIncome": 6839762, "totalOtherIncomeExpenseNet": 15040699, "ebit": 6839762, "interestExpense": -9757626, "incomeBeforeTax": 21880461, "incomeTaxExpense": 4696763, "minorityInterest": {}, "netIncomeFromContinuingOps": 17183698, "discontinuedOperations": {}, "extraordinaryItems": {}, "effectOfAccountingCharges": {}, "otherItems": {}, "netIncome": 17183698, "netIncomeApplicableToCommonShares": 17183698}, {"maxAge": 1, "endDate": "2019-03-31", "totalRevenue": 17614533, "costOfRevenue": -6038272, "grossProfit": 23652805, "researchDevelopment": {}, "sellingGeneralAdministrative": 12369431, "nonRecurring": {}, "otherOperatingExpenses": -20042182, "totalOperatingExpenses": 2919808, "operatingIncome": 14694725, "totalOtherIncomeExpenseNet": 3952901, "ebit": 14694725, "interestExpense": -22825722, "incomeBeforeTax": 18647626, "incomeTaxExpense": 4139775, "minorityInterest": {}, "netIncomeFromContinuingOps": 14507851, "discontinuedOperations": {}, "extraordinaryItems": {}, "effectOfAccountingCharges": {}, "otherItems": {}, "netIncome": 14507851, "netIncomeApplicableToCommonShares": 14507851}, {"maxAge": 1, "endDate": "2018-03-31", "totalRevenue": 29165614, "costOfRevenue": 10172142, "grossProfit": 18993472, "researchDevelopment": {}, "sellingGeneralAdministrative": 9146014, "nonRecurring": {}, "otherOperatingExpenses": 7612909, "totalOperatingExpenses": 38765994, "operatingIncome": -9600380, "totalOtherIncomeExpenseNet": 31030267, "ebit": -9600380, "interestExpense": -7950849, "incomeBeforeTax": 20880425, "incomeTaxExpense": 3830931, "minorityInterest": {}, "netIncomeFromContinuingOps": 17049494, "discontinuedOperations": {}, "extraordinaryItems": {}, "effectOfAccountingCharges": {}, "otherItems": {}, "netIncome": 17049494, "netIncomeApplicableToCommonShares": 17049494}, {"maxAge": 1, "endDate": "2017-03-31", "totalRevenue": 21405411, "costOfRevenue": 6658468, "grossProfit": 14746943, "researchDevelopment": {}, "sellingGeneralAdministrative": 7702633, "nonRecurring": {}, "otherOperatingExpenses": 5450267, "totalOperatingExpenses": 41584936, "operatingIncome": -20179525, "totalOtherIncomeExpenseNet": 44973041, "ebit": -20179525, "interestExpense": -7827067, "incomeBeforeTax": 24793516, "incomeTaxExpense": 4101736, "minorityInterest": {}, "netIncomeFromContinuingOps": 20691780, "discontinuedOperations": {}, "extraordinaryItems": {}, "effectOfAccountingCharges": {}, "otherItems": {}, "netIncome": 20691780, "netIncomeApplicableToCommonShares": 20691786}], "maxAge": 86400}, "fundOwnership": {"ownershipList": [], "maxAge": 1}, "summaryDetail": {"maxAge": 1, "priceHint": 2, "previousClose": 30.15, "open": 30.15, "dayLow": 30.15, "dayHigh": 31.65, "regularMarketPreviousClose": 30.15, "regularMarketOpen": 30.15, "regularMarketDayLow": 30.15, "regularMarketDayHigh": 31.65, "trailingPE": 10.076408, "volume": 3562, "regularMarketVolume": 3562, "averageVolume": 138, "averageVolume10days": 1, "averageDailyVolume10Day": 1, "bid": 31.65, "ask": 31.65, "bidSize": 0, "askSize": 0, "marketCap": 163119664, "fiftyTwoWeekLow": 18.35, "fiftyTwoWeekHigh": 37.8, "fiftyDayAverage": 31.45, "twoHundredDayAverage": 25.402573, "trailingAnnualDividendRate": 0.5, "trailingAnnualDividendYield": 0.016583748, "currency": "INR", "fromCurrency": null, "lastMarket": null, "algorithm": null, "tradeable": false}, "incomeStatementHistoryQuarterly": {"incomeStatementHistory": [{"maxAge": 1, "endDate": "2020-06-30", "totalRevenue": 611000, "costOfRevenue": 33000, "grossProfit": 578000, "researchDevelopment": {}, "sellingGeneralAdministrative": 938000, "nonRecurring": {}, "otherOperatingExpenses": -7577000, "totalOperatingExpenses": -6063000, "operatingIncome": 6674000, "totalOtherIncomeExpenseNet": -2299000, "ebit": 6674000, "interestExpense": -2299000, "incomeBeforeTax": 4375000, "incomeTaxExpense": 0, "minorityInterest": {}, "netIncomeFromContinuingOps": 4375000, "discontinuedOperations": {}, "extraordinaryItems": {}, "effectOfAccountingCharges": {}, "otherItems": {}, "netIncome": 4375000, "netIncomeApplicableToCommonShares": 4375000}, {"maxAge": 1, "endDate": "2020-03-31", "totalRevenue": 13272374, "costOfRevenue": 4398212, "grossProfit": 8874162, "researchDevelopment": {}, "sellingGeneralAdministrative": 6132677, "nonRecurring": {}, "otherOperatingExpenses": 19703841, "totalOperatingExpenses": 31140612, "operatingIncome": -17868238, "totalOtherIncomeExpenseNet": 22420699, "ebit": -17868238, "interestExpense": -2377626, "incomeBeforeTax": 4552461, "incomeTaxExpense": 946763, "minorityInterest": {}, "netIncomeFromContinuingOps": 3605698, "discontinuedOperations": {}, "extraordinaryItems": {}, "effectOfAccountingCharges": {}, "otherItems": {}, "netIncome": 3605698, "netIncomeApplicableToCommonShares": 3605698}, {"maxAge": 1, "endDate": "2019-12-31", "totalRevenue": 1034000, "costOfRevenue": 447000, "grossProfit": 587000, "researchDevelopment": {}, "sellingGeneralAdministrative": 3496000, "nonRecurring": {}, "otherOperatingExpenses": -11114000, "totalOperatingExpenses": -6545000, "operatingIncome": 7579000, "totalOtherIncomeExpenseNet": -2498000, "ebit": 7579000, "interestExpense": -2498000, "incomeBeforeTax": 5081000, "incomeTaxExpense": 1100000, "minorityInterest": {}, "netIncomeFromContinuingOps": 3981000, "discontinuedOperations": {}, "extraordinaryItems": {}, "effectOfAccountingCharges": {}, "otherItems": {}, "netIncome": 3981000, "netIncomeApplicableToCommonShares": 3981000}, {"maxAge": 1, "endDate": "2019-09-30", "totalRevenue": 2028000, "costOfRevenue": 893000, "grossProfit": 1135000, "researchDevelopment": {}, "sellingGeneralAdministrative": 3717000, "nonRecurring": {}, "otherOperatingExpenses": -11047000, "totalOperatingExpenses": -5783000, "operatingIncome": 7811000, "totalOtherIncomeExpenseNet": -2438000, "ebit": 7811000, "interestExpense": -2438000, "incomeBeforeTax": 5373000, "incomeTaxExpense": 1123000, "minorityInterest": {}, "netIncomeFromContinuingOps": 4250000, "discontinuedOperations": {}, "extraordinaryItems": {}, "effectOfAccountingCharges": {}, "otherItems": {}, "netIncome": 4250000, "netIncomeApplicableToCommonShares": 4250000}], "maxAge": 86400}, "cashflowStatementHistoryQuarterly": {"cashflowStatements": [{"maxAge": 1, "endDate": "2020-06-30", "netIncome": 4375000, "changeToLiabilities": 0}, {"maxAge": 1, "endDate": "2020-03-31", "netIncome": 3605698, "changeToLiabilities": 0}, {"maxAge": 1, "endDate": "2019-12-31", "netIncome": 3981000, "changeToLiabilities": 0}, {"maxAge": 1, "endDate": "2019-09-30", "netIncome": 4250000, "changeToLiabilities": 0}], "maxAge": 86400}, "insiderHolders": {"holders": [{"maxAge": 1, "name": "Fatehpuria (Kedar Nath)", "relation": "Executive Chairman", "url": "", "transactionDescription": "Acquisition", "latestTransDate": "2017-12-04", "positionDirect": 2369282, "positionDirectDate": "2017-12-04"}, {"maxAge": 1, "name": "Fatehpuria (Manish)", "relation": "Director (Executive)", "url": "", "transactionDescription": "Acquisition", "latestTransDate": "2018-04-27", "positionDirect": 225000, "positionDirectDate": "2018-04-27"}, {"maxAge": 1, "name": "Fatehpuria (Sarika)", "relation": "External Director", "url": "", "transactionDescription": "Acquisition", "latestTransDate": "2017-12-05", "positionDirect": 150040, "positionDirectDate": "2017-12-05"}, {"maxAge": 1, "name": "Fatehpuria (Sunil)", "relation": "Director (Non-Executive)", "url": "", "transactionDescription": "Acquisition", "latestTransDate": "2017-12-04", "positionDirect": 330000, "positionDirectDate": "2017-12-04"}], "maxAge": 1}, "calendarEvents": {"maxAge": 1, "earnings": {"earningsDate": []}}, "upgradeDowngradeHistory": {"history": [], "maxAge": 86400}, "price": {"maxAge": 1, "regularMarketChangePercent": 0.049751244, "regularMarketChange": 1.5, "regularMarketTime": "2021-04-30 15:29:27", "priceHint": 2, "regularMarketPrice": 31.65, "regularMarketDayHigh": 31.65, "regularMarketDayLow": 30.15, "regularMarketVolume": 3562, "averageDailyVolume10Day": 1, "averageDailyVolume3Month": 138, "regularMarketPreviousClose": 30.15, "regularMarketSource": "FREE_REALTIME", "regularMarketOpen": 30.15, "exchange": "BSE", "exchangeName": "BSE", "exchangeDataDelayedBy": 0, "marketState": "CLOSED", "quoteType": "EQUITY", "symbol": "MARBU.BO", "underlyingSymbol": null, "shortName": "MARTIN BURN LTD.", "longName": "Martin Burn Limited", "currency": "INR", "quoteSourceName": "Delayed Quote", "currencySymbol": "\u20b9", "fromCurrency": null, "lastMarket": null, "marketCap": 163119664}, "balanceSheetHistory": {"balanceSheetStatements": [{"maxAge": 1, "endDate": "2020-03-31", "cash": 24002534, "netReceivables": 45201526, "inventory": 27757362, "otherCurrentAssets": 402546973, "totalCurrentAssets": 499508395, "propertyPlantEquipment": 295651305, "otherAssets": 215237848, "totalAssets": 1010397548, "accountsPayable": 574645, "shortLongTermDebt": 4897392, "otherCurrentLiab": 19107302, "longTermDebt": 96258776, "otherLiab": 417140666, "totalCurrentLiabilities": 25232553, "totalLiab": 538631995, "commonStock": 51538590, "retainedEarnings": 306570687, "treasuryStock": 91156276, "capitalSurplus": 22500000, "otherStockholderEquity": 91156276, "totalStockholderEquity": 471765553, "netTangibleAssets": 471765553}, {"maxAge": 1, "endDate": "2019-03-31", "cash": 21108370, "netReceivables": 37428432, "inventory": 18757741, "otherCurrentAssets": 360334246, "totalCurrentAssets": 437628789, "propertyPlantEquipment": 295803811, "otherAssets": 235574756, "totalAssets": 969007356, "accountsPayable": 2445493, "shortLongTermDebt": 993815, "otherCurrentLiab": 24761681, "longTermDebt": 97392519, "otherLiab": 385316131, "totalCurrentLiabilities": 28617584, "totalLiab": 511326234, "commonStock": 51538590, "retainedEarnings": 291963919, "treasuryStock": 91678613, "capitalSurplus": 22500000, "otherStockholderEquity": 91678613, "totalStockholderEquity": 457681122, "netTangibleAssets": 457681122}, {"maxAge": 1, "endDate": "2018-03-31", "cash": 2809793, "netReceivables": 175666462, "inventory": 230613, "otherCurrentAssets": 286879161, "totalCurrentAssets": 465586029, "propertyPlantEquipment": 295353940, "otherAssets": 241202510, "totalAssets": 1002142479, "accountsPayable": 696002, "shortLongTermDebt": 1532551, "otherCurrentLiab": 73181987, "longTermDebt": 97983643, "otherLiab": 384865406, "totalCurrentLiabilities": 77926186, "totalLiab": 560775235, "commonStock": 51538590, "retainedEarnings": 275099399, "treasuryStock": 92229255, "capitalSurplus": 22500000, "otherStockholderEquity": 92229255, "totalStockholderEquity": 441367244, "netTangibleAssets": 441367244}, {"maxAge": 1, "endDate": "2017-03-31", "cash": 3256859, "netReceivables": 125399859, "inventory": 352750, "otherCurrentAssets": 197717976, "totalCurrentAssets": 326727444, "propertyPlantEquipment": 222036743, "otherAssets": 393309641, "totalAssets": 942073828, "accountsPayable": 661781, "shortLongTermDebt": 1257861, "otherCurrentLiab": 65848389, "longTermDebt": 73121096, "otherLiab": 375664006, "totalCurrentLiabilities": 68065182, "totalLiab": 516850284, "commonStock": 51538590, "retainedEarnings": 258049905, "treasuryStock": 93135049, "capitalSurplus": 22500000, "otherStockholderEquity": 93135049, "totalStockholderEquity": 425223544, "netTangibleAssets": 425223544}], "maxAge": 86400}, "financialData": {"maxAge": 86400, "currentPrice": 31.65, "recommendationKey": "none", "grossProfits": 12300162, "financialCurrency": "INR"}}}