{"MARGOFIN.BO": {"cashflowStatementHistory": {"cashflowStatements": [{"maxAge": 1, "endDate": "2020-03-31", "netIncome": 5000, "depreciation": 70000, "changeToNetincome": -376000, "changeToAccountReceivables": 598000, "changeToLiabilities": 126000, "changeToOperatingActivities": 1298000, "totalCashFromOperatingActivities": 1721000, "capitalExpenditures": -4000, "totalCashflowsFromInvestingActivities": -4000, "otherCashflowsFromFinancingActivities": -1000, "totalCashFromFinancingActivities": -1000, "changeInCash": 1716000}, {"maxAge": 1, "endDate": "2019-03-31", "netIncome": -973000, "depreciation": 86000, "changeToNetincome": 703000, "changeToAccountReceivables": 331000, "changeToLiabilities": -24000, "changeToOperatingActivities": -22000, "totalCashFromOperatingActivities": 104000, "capitalExpenditures": -21000, "totalCashflowsFromInvestingActivities": -21000, "netBorrowings": -91000, "otherCashflowsFromFinancingActivities": -1000, "totalCashFromFinancingActivities": -92000, "changeInCash": -9000}, {"maxAge": 1, "endDate": "2018-03-31", "netIncome": 2038129, "depreciation": 84326, "changeToNetincome": 4350, "changeToAccountReceivables": 86364, "changeToLiabilities": 0, "changeToOperatingActivities": -2910988, "totalCashFromOperatingActivities": -692419, "capitalExpenditures": -20348, "totalCashflowsFromInvestingActivities": -20348, "netBorrowings": 91082, "otherCashflowsFromFinancingActivities": -565, "totalCashFromFinancingActivities": 90517, "changeInCash": -622250}, {"maxAge": 1, "endDate": "2017-03-31", "netIncome": 3106290, "depreciation": 83333, "changeToNetincome": -1394753, "changeToAccountReceivables": -154798, "changeToLiabilities": 0, "changeToOperatingActivities": -1182476, "totalCashFromOperatingActivities": 462996, "capitalExpenditures": -7590, "totalCashflowsFromInvestingActivities": -7590, "netBorrowings": -264488, "otherCashflowsFromFinancingActivities": -1145, "totalCashFromFinancingActivities": -265633, "changeInCash": 189773}], "maxAge": 86400}, "institutionOwnership": {"maxAge": 1, "ownershipList": []}, "balanceSheetHistoryQuarterly": {"balanceSheetStatements": [{"maxAge": 1, "endDate": "2020-06-30"}, {"maxAge": 1, "endDate": "2020-03-31", "cash": 2023000, "shortTermInvestments": 22255000, "netReceivables": 925000, "otherCurrentAssets": 458000, "totalCurrentAssets": 195172000, "propertyPlantEquipment": 117000, "otherAssets": 1614000, "totalAssets": 196903000, "accountsPayable": 237000, "otherLiab": 34135000, "totalCurrentLiabilities": 246000, "totalLiab": 34381000, "commonStock": 45700000, "retainedEarnings": 8019000, "treasuryStock": 108803000, "otherStockholderEquity": 108803000, "totalStockholderEquity": 162522000, "netTangibleAssets": 162522000}, {"maxAge": 1, "endDate": "2019-12-31", "cash": 2023000, "shortTermInvestments": 22255000, "netReceivables": 925000, "otherCurrentAssets": 458000, "totalCurrentAssets": 195172000, "propertyPlantEquipment": 117000, "otherAssets": 1614000, "totalAssets": 196903000, "accountsPayable": 237000, "otherLiab": 34135000, "totalCurrentLiabilities": 246000, "totalLiab": 34381000, "commonStock": 45700000, "retainedEarnings": 8019000, "treasuryStock": 108803000, "otherStockholderEquity": 108803000, "totalStockholderEquity": 162522000, "netTangibleAssets": 162522000}, {"maxAge": 1, "endDate": "2019-09-30", "cash": 23567000, "netReceivables": 872000, "totalCurrentAssets": 24439000, "longTermInvestments": 285601000, "propertyPlantEquipment": 147000, "otherAssets": 1780000, "totalAssets": 311967000, "accountsPayable": 306000, "otherLiab": 64133000, "totalCurrentLiabilities": 321000, "totalLiab": 64454000, "commonStock": 45700000, "treasuryStock": 201813000, "otherStockholderEquity": 201813000, "totalStockholderEquity": 247513000, "netTangibleAssets": 247513000}], "maxAge": 86400}, "indexTrend": {"maxAge": 1, "symbol": "SP5", "peRatio": 19.7411, "pegRatio": 1.34172, "estimates": [{"period": "0q", "growth": 0.549}, {"period": "+1q", "growth": 0.431}, {"period": "0y", "growth": 0.305}, {"period": "+1y", "growth": 0.109}, {"period": "+5y", "growth": 0.120859005}, {"period": "-5y"}]}, "insiderTransactions": {"transactions": [{"maxAge": 1, "shares": 162700, "filerUrl": "", "transactionText": "", "filerName": "Slab Properties Pvt Ltd", "filerRelation": "Promoter", "moneyText": "", "startDate": "2017-03-31", "ownership": "D"}], "maxAge": 1}, "quoteType": {"exchange": "BSE", "quoteType": "EQUITY", "symbol": "MARGOFIN.BO", "underlyingSymbol": "MARGOFIN.BO", "shortName": "MARGO FINANCE LIMITED", "longName": "Margo Finance Limited", "firstTradeDateEpochUtc": "2002-06-17 09:15:00", "timeZoneFullName": "Asia/Kolkata", "timeZoneShortName": "IST", "uuid": "fe715853-7802-3444-8f86-ed1baa61e51c", "messageBoardId": null, "gmtOffSetMilliseconds": 19800000, "maxAge": 1}, "incomeStatementHistory": {"incomeStatementHistory": [{"maxAge": 1, "endDate": "2020-03-31", "totalRevenue": 3024000, "costOfRevenue": 59000, "grossProfit": 2965000, "researchDevelopment": {}, "sellingGeneralAdministrative": 1369000, "nonRecurring": {}, "otherOperatingExpenses": 1432000, "totalOperatingExpenses": 2930000, "operatingIncome": 94000, "totalOtherIncomeExpenseNet": -262000, "ebit": 94000, "interestExpense": -1000, "incomeBeforeTax": -168000, "incomeTaxExpense": -173000, "minorityInterest": {}, "netIncomeFromContinuingOps": 5000, "discontinuedOperations": {}, "extraordinaryItems": {}, "effectOfAccountingCharges": {}, "otherItems": {}, "netIncome": 5000, "netIncomeApplicableToCommonShares": 5000}, {"maxAge": 1, "endDate": "2019-03-31", "totalRevenue": 2837000, "costOfRevenue": 87000, "grossProfit": 2750000, "researchDevelopment": {}, "sellingGeneralAdministrative": 1518000, "nonRecurring": {}, "otherOperatingExpenses": 1417000, "totalOperatingExpenses": 3111000, "operatingIncome": -274000, "totalOtherIncomeExpenseNet": 2000, "ebit": -274000, "interestExpense": -1000, "incomeBeforeTax": -272000, "incomeTaxExpense": 701000, "minorityInterest": {}, "netIncomeFromContinuingOps": -973000, "discontinuedOperations": {}, "extraordinaryItems": {}, "effectOfAccountingCharges": {}, "otherItems": {}, "netIncome": -973000, "netIncomeApplicableToCommonShares": -973000}, {"maxAge": 1, "endDate": "2018-03-31", "totalRevenue": 5327956, "costOfRevenue": 60497, "grossProfit": 5267459, "researchDevelopment": {}, "sellingGeneralAdministrative": 1566027, "nonRecurring": {}, "otherOperatingExpenses": 1471578, "totalOperatingExpenses": 3187828, "operatingIncome": 2140128, "totalOtherIncomeExpenseNet": -36451, "ebit": 2140128, "interestExpense": -565, "incomeBeforeTax": 2103677, "incomeTaxExpense": 65548, "minorityInterest": {}, "netIncomeFromContinuingOps": 2038129, "discontinuedOperations": {}, "extraordinaryItems": {}, "effectOfAccountingCharges": {}, "otherItems": {}, "netIncome": 2038129, "netIncomeApplicableToCommonShares": 2038129}, {"maxAge": 1, "endDate": "2017-03-31", "totalRevenue": 6138921, "costOfRevenue": 47018, "grossProfit": 6091903, "researchDevelopment": {}, "sellingGeneralAdministrative": 1537041, "nonRecurring": {}, "otherOperatingExpenses": 1372864, "totalOperatingExpenses": 3060955, "operatingIncome": 3077966, "totalOtherIncomeExpenseNet": 18068, "ebit": 3077966, "interestExpense": -1145, "incomeBeforeTax": 3096034, "incomeTaxExpense": -10256, "minorityInterest": {}, "netIncomeFromContinuingOps": 3106290, "discontinuedOperations": {}, "extraordinaryItems": {}, "effectOfAccountingCharges": {}, "otherItems": {}, "netIncome": 3106290, "netIncomeApplicableToCommonShares": 3106290}], "maxAge": 86400}, "fundOwnership": {"maxAge": 1, "ownershipList": []}, "summaryDetail": {"maxAge": 1, "priceHint": 2, "previousClose": 10.0, "open": 10.5, "dayLow": 9.5, "dayHigh": 10.5, "regularMarketPreviousClose": 10.0, "regularMarketOpen": 10.5, "regularMarketDayLow": 9.5, "regularMarketDayHigh": 10.5, "volume": 4901, "regularMarketVolume": 4901, "averageVolume": 422, "averageVolume10days": 1026, "averageDailyVolume10Day": 1026, "bid": 0.0, "ask": 10.29, "bidSize": 0, "askSize": 0, "marketCap": 44374700, "fiftyTwoWeekLow": 4.75, "fiftyTwoWeekHigh": 10.84, "fiftyDayAverage": 7.5745716, "twoHundredDayAverage": 7.7634783, "currency": "INR", "fromCurrency": null, "toCurrency": null, "lastMarket": null, "algorithm": null, "tradeable": false}, "incomeStatementHistoryQuarterly": {"incomeStatementHistory": [{"maxAge": 1, "endDate": "2020-06-30", "totalRevenue": 517000, "costOfRevenue": 0, "grossProfit": 517000, "researchDevelopment": {}, "sellingGeneralAdministrative": 299000, "nonRecurring": {}, "otherOperatingExpenses": 280000, "totalOperatingExpenses": 597000, "operatingIncome": -80000, "totalOtherIncomeExpenseNet": 0, "ebit": -80000, "interestExpense": {}, "incomeBeforeTax": -80000, "incomeTaxExpense": 2000, "minorityInterest": {}, "netIncomeFromContinuingOps": -82000, "discontinuedOperations": {}, "extraordinaryItems": {}, "effectOfAccountingCharges": {}, "otherItems": {}, "netIncome": -82000, "netIncomeApplicableToCommonShares": -82000}, {"maxAge": 1, "endDate": "2020-03-31", "totalRevenue": 420500, "costOfRevenue": 29500, "grossProfit": 391000, "researchDevelopment": {}, "sellingGeneralAdministrative": 373000, "nonRecurring": {}, "otherOperatingExpenses": 323000, "totalOperatingExpenses": 743000, "operatingIncome": -322500, "totalOtherIncomeExpenseNet": -127500, "ebit": -322500, "interestExpense": {}, "incomeBeforeTax": -450000, "incomeTaxExpense": -125000, "minorityInterest": {}, "netIncomeFromContinuingOps": -325000, "discontinuedOperations": {}, "extraordinaryItems": {}, "effectOfAccountingCharges": {}, "otherItems": {}, "netIncome": -325000, "netIncomeApplicableToCommonShares": -325000}, {"maxAge": 1, "endDate": "2019-12-31", "totalRevenue": 420500, "costOfRevenue": 29500, "grossProfit": 391000, "researchDevelopment": {}, "sellingGeneralAdministrative": 373000, "nonRecurring": {}, "otherOperatingExpenses": 323000, "totalOperatingExpenses": 743000, "operatingIncome": -322500, "totalOtherIncomeExpenseNet": -127500, "ebit": -322500, "interestExpense": {}, "incomeBeforeTax": -450000, "incomeTaxExpense": -125000, "minorityInterest": {}, "netIncomeFromContinuingOps": -325000, "discontinuedOperations": {}, "extraordinaryItems": {}, "effectOfAccountingCharges": {}, "otherItems": {}, "netIncome": -325000, "netIncomeApplicableToCommonShares": -325000}, {"maxAge": 1, "endDate": "2019-09-30", "totalRevenue": 1629000, "costOfRevenue": 0, "grossProfit": 1629000, "researchDevelopment": {}, "sellingGeneralAdministrative": 300000, "nonRecurring": {}, "otherOperatingExpenses": 504000, "totalOperatingExpenses": 821000, "operatingIncome": 808000, "totalOtherIncomeExpenseNet": -7000, "ebit": 808000, "interestExpense": -1000, "incomeBeforeTax": 801000, "incomeTaxExpense": 77000, "minorityInterest": {}, "netIncomeFromContinuingOps": 724000, "discontinuedOperations": {}, "extraordinaryItems": {}, "effectOfAccountingCharges": {}, "otherItems": {}, "netIncome": 724000, "netIncomeApplicableToCommonShares": 724000}], "maxAge": 86400}, "cashflowStatementHistoryQuarterly": {"cashflowStatements": [{"maxAge": 1, "endDate": "2020-06-30", "netIncome": -82000, "changeToLiabilities": 0}, {"maxAge": 1, "endDate": "2020-03-31", "netIncome": -325000, "depreciation": 17500, "changeToNetincome": -138500, "changeToAccountReceivables": 291000, "changeToLiabilities": -35000, "changeToOperatingActivities": 983500, "totalCashFromOperatingActivities": 793500, "capitalExpenditures": -2000, "totalCashflowsFromInvestingActivities": -2000, "changeInCash": 791500}, {"maxAge": 1, "endDate": "2019-12-31", "netIncome": -325000, "depreciation": 17500, "changeToNetincome": -138500, "changeToAccountReceivables": 291000, "changeToLiabilities": -35000, "changeToOperatingActivities": 983500, "totalCashFromOperatingActivities": 793500, "capitalExpenditures": -2000, "totalCashflowsFromInvestingActivities": -2000, "changeInCash": 791500}, {"maxAge": 1, "endDate": "2019-09-30", "netIncome": 724000, "depreciation": 17500, "changeToNetincome": -138500, "changeToAccountReceivables": 291000, "changeToLiabilities": 0, "changeToOperatingActivities": 983500, "totalCashFromOperatingActivities": 793500, "capitalExpenditures": -2000, "totalCashflowsFromInvestingActivities": -2000, "changeInCash": 791500}], "maxAge": 86400}, "insiderHolders": {"holders": [{"maxAge": 1, "name": "Slab Properties Pvt Ltd", "relation": "Promoter", "url": "", "transactionDescription": "Other", "latestTransDate": "2017-03-31", "positionDirect": 0, "positionDirectDate": "2017-03-31"}], "maxAge": 1}, "calendarEvents": {"maxAge": 1, "earnings": {"earningsDate": []}}, "price": {"maxAge": 1, "regularMarketChangePercent": -0.028999995, "regularMarketChange": -0.28999996, "regularMarketTime": "2021-04-30 15:25:33", "priceHint": 2, "regularMarketPrice": 9.71, "regularMarketDayHigh": 10.5, "regularMarketDayLow": 9.5, "regularMarketVolume": 4901, "averageDailyVolume10Day": 1026, "averageDailyVolume3Month": 422, "regularMarketPreviousClose": 10.0, "regularMarketSource": "FREE_REALTIME", "regularMarketOpen": 10.5, "exchange": "BSE", "exchangeName": "BSE", "exchangeDataDelayedBy": 0, "marketState": "CLOSED", "quoteType": "EQUITY", "symbol": "MARGOFIN.BO", "underlyingSymbol": null, "shortName": "MARGO FINANCE LIMITED", "longName": "Margo Finance Limited", "currency": "INR", "quoteSourceName": "Delayed Quote", "currencySymbol": "\u20b9", "fromCurrency": null, "toCurrency": null, "lastMarket": null, "marketCap": 44374700}, "balanceSheetHistory": {"balanceSheetStatements": [{"maxAge": 1, "endDate": "2020-03-31", "cash": 2023000, "shortTermInvestments": 22255000, "netReceivables": 925000, "otherCurrentAssets": 458000, "totalCurrentAssets": 195172000, "propertyPlantEquipment": 117000, "otherAssets": 1614000, "totalAssets": 196903000, "accountsPayable": 237000, "otherLiab": 34135000, "totalCurrentLiabilities": 246000, "totalLiab": 34381000, "commonStock": 45700000, "retainedEarnings": 8019000, "treasuryStock": 108803000, "otherStockholderEquity": 108803000, "totalStockholderEquity": 162522000, "netTangibleAssets": 162522000}, {"maxAge": 1, "endDate": "2019-03-31", "cash": 307000, "shortTermInvestments": 22384000, "netReceivables": 1829000, "otherCurrentAssets": 349000, "totalCurrentAssets": 333118000, "propertyPlantEquipment": 182000, "otherAssets": 1614000, "totalAssets": 334914000, "accountsPayable": 111000, "otherLiab": 70298000, "totalCurrentLiabilities": 130000, "totalLiab": 70428000, "commonStock": 45700000, "retainedEarnings": 8014000, "treasuryStock": 210772000, "otherStockholderEquity": 210772000, "totalStockholderEquity": 264486000, "netTangibleAssets": 264486000}, {"maxAge": 1, "endDate": "2018-03-31", "cash": 316477, "netReceivables": 1036877, "otherCurrentAssets": 280329, "totalCurrentAssets": 1647952, "longTermInvestments": 53448603, "propertyPlantEquipment": 248700, "intangibleAssets": 3581, "otherAssets": 3158290, "totalAssets": 58507126, "accountsPayable": 134847, "otherCurrentLiab": 4759, "otherLiab": 139252, "totalCurrentLiabilities": 300302, "totalLiab": 439554, "commonStock": 45700000, "retainedEarnings": 8987572, "treasuryStock": 3380000, "otherStockholderEquity": 3380000, "totalStockholderEquity": 58067572, "netTangibleAssets": 58063991}, {"maxAge": 1, "endDate": "2017-03-31", "cash": 13200433, "netReceivables": 2045377, "otherCurrentAssets": 385808, "totalCurrentAssets": 15642597, "longTermInvestments": 38688460, "propertyPlantEquipment": 312678, "intangibleAssets": 8981, "otherAssets": 1669775, "totalAssets": 56322491, "accountsPayable": 101052, "otherCurrentLiab": 974, "otherLiab": 121784, "totalCurrentLiabilities": 171264, "totalLiab": 293048, "commonStock": 45700000, "retainedEarnings": 6949443, "treasuryStock": 3380000, "otherStockholderEquity": 3380000, "totalStockholderEquity": 56029443, "netTangibleAssets": 56020462}], "maxAge": 86400}, "financialData": {"maxAge": 86400, "currentPrice": 9.71, "recommendationKey": "none", "grossProfits": 2965000, "financialCurrency": "INR"}}}