{"MARG.BO": {"cashflowStatementHistory": {"cashflowStatements": [{"maxAge": 1, "endDate": "2020-03-31", "netIncome": -277500000, "changeToLiabilities": 0}, {"maxAge": 1, "endDate": "2019-03-31", "netIncome": -305300000, "depreciation": 165500000, "changeToNetincome": 67100000, "changeToAccountReceivables": -476000000, "changeToLiabilities": 114100000, "changeToInventory": -19400000, "changeToOperatingActivities": 94000000, "totalCashFromOperatingActivities": -359700000, "otherCashflowsFromFinancingActivities": 22100000, "totalCashFromFinancingActivities": 22100000, "changeInCash": -337700000}, {"maxAge": 1, "endDate": "2018-03-31", "netIncome": -637800000, "depreciation": 234400000, "changeToNetincome": 389200000, "changeToAccountReceivables": 275900000, "changeToLiabilities": 438300000, "changeToInventory": 1587800000, "changeToOperatingActivities": -3358900000, "totalCashFromOperatingActivities": -1071100000, "capitalExpenditures": -3500000, "totalCashflowsFromInvestingActivities": -3500000, "otherCashflowsFromFinancingActivities": -18600000, "totalCashFromFinancingActivities": -18600000, "changeInCash": -1093200000}, {"maxAge": 1, "endDate": "2017-03-31", "netIncome": -2624900000, "depreciation": 782900000, "changeToNetincome": 3043600000, "changeToAccountReceivables": -347700000, "changeToLiabilities": 193800000, "changeToInventory": 481500000, "changeToOperatingActivities": 644700000, "totalCashFromOperatingActivities": 2173900000, "capitalExpenditures": -593000000, "otherCashflowsFromInvestingActivities": 100000, "totalCashflowsFromInvestingActivities": -552400000, "dividendsPaid": -200000, "netBorrowings": -666400000, "otherCashflowsFromFinancingActivities": -427300000, "totalCashFromFinancingActivities": -1093900000, "changeInCash": 527600000}], "maxAge": 86400}, "institutionOwnership": {"maxAge": 1, "ownershipList": []}, "balanceSheetHistoryQuarterly": {"balanceSheetStatements": [{"maxAge": 1, "endDate": "2020-06-30", "totalStockholderEquity": -4744000000, "netTangibleAssets": -4911400000}, {"maxAge": 1, "endDate": "2020-03-31", "cash": 231100000, "shortTermInvestments": 1122600000, "netReceivables": 4030900000, "inventory": 8484900000, "otherCurrentAssets": 5594300000, "totalCurrentAssets": 19463800000, "longTermInvestments": 3008600000, "propertyPlantEquipment": 9036300000, "goodWill": 165400000, "intangibleAssets": 2000000, "otherAssets": 4527800000, "totalAssets": 36203900000, "accountsPayable": 3192200000, "otherCurrentLiab": 22042400000, "otherLiab": 3519200000, "minorityInterest": 435600000, "totalCurrentLiabilities": 36993100000, "totalLiab": 40512300000, "commonStock": 508200000, "treasuryStock": -5252200000, "otherStockholderEquity": -5252200000, "totalStockholderEquity": -4744000000, "netTangibleAssets": -4911400000}, {"maxAge": 1, "endDate": "2019-12-31"}, {"maxAge": 1, "endDate": "2019-06-30"}], "maxAge": 86400}, "indexTrend": {"maxAge": 1, "symbol": "SP5", "peRatio": 19.7411, "pegRatio": 1.34172, "estimates": [{"period": "0q", "growth": 0.549}, {"period": "+1q", "growth": 0.431}, {"period": "0y", "growth": 0.305}, {"period": "+1y", "growth": 0.109}, {"period": "+5y", "growth": 0.120859005}, {"period": "-5y"}]}, "insiderTransactions": {"transactions": [{"maxAge": 1, "shares": 1214222, "filerUrl": "", "transactionText": "", "filerName": "ICICI Bank Ltd", "filerRelation": "Institution- Corporation", "moneyText": "", "startDate": "2015-05-13", "ownership": "D"}, {"maxAge": 1, "shares": 788470, "filerUrl": "", "transactionText": "", "filerName": "ICICI Bank Ltd", "filerRelation": "Institution- Corporation", "moneyText": "", "startDate": "2015-04-23", "ownership": "D"}, {"maxAge": 1, "shares": 864441, "filerUrl": "", "transactionText": "", "filerName": "ICICI Bank Ltd", "filerRelation": "Institution- Corporation", "moneyText": "", "startDate": "2014-11-11", "ownership": "D"}, {"maxAge": 1, "shares": 2107200, "filerUrl": "", "transactionText": "", "filerName": "Reddy (G. Raghava)", "filerRelation": "Executive Chairman", "moneyText": "", "startDate": "2014-02-24", "ownership": "D"}, {"maxAge": 1, "shares": 65000, "filerUrl": "", "transactionText": "", "filerName": "Reddy (G. Raghava)", "filerRelation": "Executive Chairman", "moneyText": "", "startDate": "2013-02-05", "ownership": "D"}, {"maxAge": 1, "shares": 116000, "filerUrl": "", "transactionText": "", "filerName": "Reddy (G. Raghava)", "filerRelation": "Executive Chairman", "moneyText": "", "startDate": "2013-02-04", "ownership": "D"}, {"maxAge": 1, "shares": 95000, "filerUrl": "", "transactionText": "", "filerName": "Reddy (G. Raghava)", "filerRelation": "Executive Chairman", "moneyText": "", "startDate": "2013-02-01", "ownership": "D"}, {"maxAge": 1, "shares": 74000, "filerUrl": "", "transactionText": "", "filerName": "Reddy (G. Raghava)", "filerRelation": "Executive Chairman", "moneyText": "", "startDate": "2013-01-31", "ownership": "D"}, {"maxAge": 1, "shares": 506993, "filerUrl": "", "transactionText": "", "filerName": "Reddy (G. Raghava)", "filerRelation": "Executive Chairman", "moneyText": "", "startDate": "2013-01-30", "ownership": "D"}, {"maxAge": 1, "shares": 13000, "filerUrl": "", "transactionText": "", "filerName": "Marg Capital Markets Ltd", "filerRelation": "Promoter", "moneyText": "", "startDate": "2013-01-01", "ownership": "D"}, {"maxAge": 1, "shares": 1389247, "filerUrl": "", "transactionText": "", "filerName": "Marg Capital Markets Ltd", "filerRelation": "Promoter", "moneyText": "", "startDate": "2012-12-20", "ownership": "D"}, {"maxAge": 1, "shares": 60000, "filerUrl": "", "transactionText": "", "filerName": "Reddy (G. Raghava)", "filerRelation": "Executive Chairman", "moneyText": "", "startDate": "2012-10-10", "ownership": "D"}, {"maxAge": 1, "shares": 25000, "filerUrl": "", "transactionText": "", "filerName": "Reddy (G. Raghava)", "filerRelation": "Executive Chairman", "moneyText": "", "startDate": "2012-10-08", "ownership": "D"}, {"maxAge": 1, "shares": 114800, "filerUrl": "", "transactionText": "", "filerName": "Reliance Capital Trustee Co Ltd - Reliance", "filerRelation": "Investment Management Company", "moneyText": "", "startDate": "2012-10-04", "ownership": "D"}, {"maxAge": 1, "shares": 25000, "filerUrl": "", "transactionText": "", "filerName": "Reddy (G. Raghava)", "filerRelation": "Executive Chairman", "moneyText": "", "startDate": "2012-10-03", "ownership": "D"}, {"maxAge": 1, "shares": 758206, "filerUrl": "", "transactionText": "", "filerName": "Reddy (G. Raghava)", "filerRelation": "Executive Chairman", "moneyText": "", "startDate": "2012-09-18", "ownership": "D"}, {"maxAge": 1, "shares": 1735736, "filerUrl": "", "transactionText": "", "filerName": "Akshaya Infrastructure Pvt Ltd", "filerRelation": "Promoter", "moneyText": "", "startDate": "2011-05-19", "ownership": "D"}, {"maxAge": 1, "shares": 5000, "filerUrl": "", "transactionText": "", "filerName": "Jasuja (Karan Jit Singh)", "filerRelation": "Director (Non-Executive)", "moneyText": "", "startDate": "2011-05-16", "ownership": "D"}, {"maxAge": 1, "shares": 83206, "filerUrl": "", "transactionText": "", "filerName": "Reddy (G. Raghava)", "filerRelation": "Executive Chairman", "moneyText": "", "startDate": "2010-12-31", "ownership": "D"}, {"maxAge": 1, "shares": 10000, "filerUrl": "", "transactionText": "", "filerName": "Hakkeem (Abdul)", "filerRelation": "UNREPORTED", "moneyText": "", "startDate": "2010-05-18", "ownership": "D"}, {"maxAge": 1, "shares": 0, "filerUrl": "", "transactionText": "", "filerName": "Bhushan (B)", "filerRelation": "Director (Executive)", "moneyText": "", "startDate": "2010-05-18", "ownership": "I"}, {"maxAge": 1, "shares": 30000, "filerUrl": "", "transactionText": "", "filerName": "Bhushan (B)", "filerRelation": "Director (Executive)", "moneyText": "", "startDate": "2010-04-18", "ownership": "D"}, {"maxAge": 1, "shares": 6120, "filerUrl": "", "transactionText": "", "filerName": "Menon (B G)", "filerRelation": "Director (Executive)", "moneyText": "", "startDate": "2009-11-13", "ownership": "D"}, {"maxAge": 1, "shares": 365000, "filerUrl": "", "transactionText": "", "filerName": "Reddy (G. Raghava)", "filerRelation": "Executive Chairman", "moneyText": "", "startDate": "2009-09-30", "ownership": "D"}, {"maxAge": 1, "shares": 125000, "filerUrl": "", "transactionText": "", "filerName": "Marg Capital Markets Ltd", "filerRelation": "Promoter", "moneyText": "", "startDate": "2009-09-30", "ownership": "D"}, {"maxAge": 1, "shares": 500000, "filerUrl": "", "transactionText": "", "filerName": "Gorrepatti (Madhusudan Reddy)", "filerRelation": "UNREPORTED", "moneyText": "", "startDate": "2009-09-30", "ownership": "D"}], "maxAge": 1}, "quoteType": {"exchange": "BSE", "quoteType": "EQUITY", "symbol": "MARG.BO", "underlyingSymbol": "MARG.BO", "shortName": "MARG LTD.", "longName": "MARG Limited", "firstTradeDateEpochUtc": "2005-08-11 09:15:00", "timeZoneFullName": "Asia/Kolkata", "timeZoneShortName": "IST", "uuid": "18a25de6-fa2a-398e-8590-b4b1722ab0a0", "messageBoardId": null, "gmtOffSetMilliseconds": 19800000, "maxAge": 1}, "incomeStatementHistory": {"incomeStatementHistory": [{"maxAge": 1, "endDate": "2020-03-31", "totalRevenue": 50700000, "costOfRevenue": 281500000, "grossProfit": -230800000, "researchDevelopment": {}, "sellingGeneralAdministrative": 70100000, "nonRecurring": {}, "otherOperatingExpenses": 90600000, "totalOperatingExpenses": 622300000, "operatingIncome": -571600000, "totalOtherIncomeExpenseNet": 291500000, "ebit": -571600000, "interestExpense": -11400000, "incomeBeforeTax": -280100000, "incomeTaxExpense": -2600000, "minorityInterest": 435600000, "netIncomeFromContinuingOps": -277500000, "discontinuedOperations": {}, "extraordinaryItems": {}, "effectOfAccountingCharges": {}, "otherItems": {}, "netIncome": -277500000, "netIncomeApplicableToCommonShares": -277500000}, {"maxAge": 1, "endDate": "2019-03-31", "totalRevenue": 467700000, "costOfRevenue": 387400000, "grossProfit": 80300000, "researchDevelopment": {}, "sellingGeneralAdministrative": 70300000, "nonRecurring": {}, "otherOperatingExpenses": 136900000, "totalOperatingExpenses": 760400000, "operatingIncome": -292700000, "totalOtherIncomeExpenseNet": -7100000, "ebit": -292700000, "interestExpense": -22200000, "incomeBeforeTax": -299800000, "incomeTaxExpense": 17600000, "minorityInterest": 443100000, "netIncomeFromContinuingOps": -317400000, "discontinuedOperations": {}, "extraordinaryItems": {}, "effectOfAccountingCharges": {}, "otherItems": {}, "netIncome": -305300000, "netIncomeApplicableToCommonShares": -305300000}, {"maxAge": 1, "endDate": "2018-03-31", "totalRevenue": 890600000, "costOfRevenue": 743700000, "grossProfit": 146900000, "researchDevelopment": {}, "sellingGeneralAdministrative": 85700000, "nonRecurring": {}, "otherOperatingExpenses": 101000000, "totalOperatingExpenses": 1164800000, "operatingIncome": -274200000, "totalOtherIncomeExpenseNet": -364800000, "ebit": -274200000, "interestExpense": -270400000, "incomeBeforeTax": -639000000, "incomeTaxExpense": 10400000, "minorityInterest": 455200000, "netIncomeFromContinuingOps": -649400000, "discontinuedOperations": {}, "extraordinaryItems": {}, "effectOfAccountingCharges": {}, "otherItems": {}, "netIncome": -637800000, "netIncomeApplicableToCommonShares": -637800000}, {"maxAge": 1, "endDate": "2017-03-31", "totalRevenue": 4590300000, "costOfRevenue": 2636200000, "grossProfit": 1954100000, "researchDevelopment": {}, "sellingGeneralAdministrative": 234700000, "nonRecurring": {}, "otherOperatingExpenses": 308200000, "totalOperatingExpenses": 3962000000, "operatingIncome": 628300000, "totalOtherIncomeExpenseNet": -3191100000, "ebit": 628300000, "interestExpense": -2923700000, "incomeBeforeTax": -2562800000, "incomeTaxExpense": 62100000, "minorityInterest": -1075400000, "netIncomeFromContinuingOps": -2624900000, "discontinuedOperations": {}, "extraordinaryItems": {}, "effectOfAccountingCharges": {}, "otherItems": {}, "netIncome": -2624900000, "netIncomeApplicableToCommonShares": -2629700000}], "maxAge": 86400}, "fundOwnership": {"maxAge": 1, "ownershipList": []}, "summaryDetail": {"maxAge": 1, "priceHint": 2, "previousClose": 5.3, "open": 5.5, "dayLow": 5.15, "dayHigh": 5.56, "regularMarketPreviousClose": 5.3, "regularMarketOpen": 5.5, "regularMarketDayLow": 5.15, "regularMarketDayHigh": 5.56, "volume": 16752, "regularMarketVolume": 16752, "averageVolume": 22610, "averageVolume10days": 11619, "averageDailyVolume10Day": 11619, "bid": 5.56, "ask": 0.0, "bidSize": 0, "askSize": 0, "marketCap": 282550848, "fiftyTwoWeekLow": 5.15, "fiftyTwoWeekHigh": 9.41, "fiftyDayAverage": 6.3125715, "twoHundredDayAverage": 6.5836496, "currency": "INR", "fromCurrency": null, "toCurrency": null, "lastMarket": null, "algorithm": null, "tradeable": false}, "incomeStatementHistoryQuarterly": {"incomeStatementHistory": [{"maxAge": 1, "endDate": "2020-06-30", "totalRevenue": 10900000, "costOfRevenue": 700000, "grossProfit": 10200000, "researchDevelopment": {}, "sellingGeneralAdministrative": 8200000, "nonRecurring": {}, "otherOperatingExpenses": 13500000, "totalOperatingExpenses": 65900000, "operatingIncome": -55000000, "totalOtherIncomeExpenseNet": 8000000, "ebit": -55000000, "interestExpense": -3200000, "incomeBeforeTax": -47000000, "incomeTaxExpense": -100000, "minorityInterest": {}, "netIncomeFromContinuingOps": -46900000, "discontinuedOperations": {}, "extraordinaryItems": {}, "effectOfAccountingCharges": {}, "otherItems": {}, "netIncome": -46900000, "netIncomeApplicableToCommonShares": -46900000}, {"maxAge": 1, "endDate": "2020-03-31", "totalRevenue": 11600000, "costOfRevenue": 261800000, "grossProfit": -250200000, "researchDevelopment": {}, "sellingGeneralAdministrative": 13800000, "nonRecurring": {}, "otherOperatingExpenses": 27000000, "totalOperatingExpenses": 382600000, "operatingIncome": -371000000, "totalOtherIncomeExpenseNet": 271300000, "ebit": -371000000, "interestExpense": -2800000, "incomeBeforeTax": -99700000, "incomeTaxExpense": -1100000, "minorityInterest": 435600000, "netIncomeFromContinuingOps": -98600000, "discontinuedOperations": {}, "extraordinaryItems": {}, "effectOfAccountingCharges": {}, "otherItems": {}, "netIncome": -98600000, "netIncomeApplicableToCommonShares": -98600000}, {"maxAge": 1, "endDate": "2019-12-31", "totalRevenue": 14100000, "costOfRevenue": 2200000, "grossProfit": 11900000, "researchDevelopment": {}, "sellingGeneralAdministrative": 16900000, "nonRecurring": {}, "otherOperatingExpenses": 25000000, "totalOperatingExpenses": 77300000, "operatingIncome": -63200000, "totalOtherIncomeExpenseNet": 4200000, "ebit": -63200000, "interestExpense": -2800000, "incomeBeforeTax": -59000000, "incomeTaxExpense": -500000, "minorityInterest": 435600000, "netIncomeFromContinuingOps": -58500000, "discontinuedOperations": {}, "extraordinaryItems": {}, "effectOfAccountingCharges": {}, "otherItems": {}, "netIncome": -58500000, "netIncomeApplicableToCommonShares": -58500000}, {"maxAge": 1, "endDate": "2019-06-30", "totalRevenue": 14700000, "costOfRevenue": 10300000, "grossProfit": 4400000, "researchDevelopment": {}, "sellingGeneralAdministrative": 17100000, "nonRecurring": {}, "otherOperatingExpenses": 17300000, "totalOperatingExpenses": 78300000, "operatingIncome": -63600000, "totalOtherIncomeExpenseNet": 5900000, "ebit": -63600000, "interestExpense": -2900000, "incomeBeforeTax": -57700000, "incomeTaxExpense": -700000, "minorityInterest": 435600000, "netIncomeFromContinuingOps": -57000000, "discontinuedOperations": {}, "extraordinaryItems": {}, "effectOfAccountingCharges": {}, "otherItems": {}, "netIncome": -57000000, "netIncomeApplicableToCommonShares": -57000000}], "maxAge": 86400}, "cashflowStatementHistoryQuarterly": {"cashflowStatements": [{"maxAge": 1, "endDate": "2020-06-30", "netIncome": -46900000, "changeToLiabilities": 0}, {"maxAge": 1, "endDate": "2020-03-31", "netIncome": -98600000, "changeToLiabilities": 0}, {"maxAge": 1, "endDate": "2019-12-31", "netIncome": -58500000, "changeToLiabilities": 0}, {"maxAge": 1, "endDate": "2019-06-30", "netIncome": -57000000, "changeToLiabilities": 0}], "maxAge": 86400}, "insiderHolders": {"holders": [{"maxAge": 1, "name": "Akshaya Infrastructure Pvt Ltd", "relation": "Promoter", "url": "", "transactionDescription": "Acquisition", "latestTransDate": "2011-05-19", "positionDirect": 3995736, "positionDirectDate": "2011-05-19"}, {"maxAge": 1, "name": "Bhushan (B)", "relation": "Director (Executive)", "url": "", "transactionDescription": "Acquisition", "latestTransDate": "2010-05-18", "positionIndirect": 42970, "positionIndirectDate": 1274140800}, {"maxAge": 1, "name": "Gorrepatti (Madhusudan Reddy)", "relation": "UNREPORTED", "url": "", "transactionDescription": "Acquisition", "latestTransDate": "2009-09-30", "positionDirect": 500000, "positionDirectDate": "2009-09-30"}, {"maxAge": 1, "name": "Hakkeem (Abdul)", "relation": "UNREPORTED", "url": "", "transactionDescription": "Acquisition", "latestTransDate": "2010-05-18", "positionDirect": 11350, "positionDirectDate": "2010-05-18"}, {"maxAge": 1, "name": "ICICI Bank Ltd", "relation": "Institution- Corporation", "url": "", "transactionDescription": "Sale", "latestTransDate": "2015-05-13", "positionDirect": 2993867, "positionDirectDate": "2015-05-13"}, {"maxAge": 1, "name": "Jasuja (Karan Jit Singh)", "relation": "Director (Non-Executive)", "url": "", "transactionDescription": "Acquisition", "latestTransDate": "2011-05-16", "positionDirect": 5000, "positionDirectDate": "2011-05-16"}, {"maxAge": 1, "name": "Marg Capital Markets Ltd", "relation": "Promoter", "url": "", "transactionDescription": "Sale", "latestTransDate": "2013-01-01", "positionDirect": 2576247, "positionDirectDate": "2013-01-01"}, {"maxAge": 1, "name": "Menon (B G)", "relation": "Director (Executive)", "url": "", "transactionDescription": "Acquisition", "latestTransDate": "2009-11-13", "positionDirect": 16120, "positionDirectDate": "2009-11-13"}, {"maxAge": 1, "name": "Reddy (G. Raghava)", "relation": "Executive Chairman", "url": "", "transactionDescription": "Sale", "latestTransDate": "2014-02-24", "positionDirect": 1700807, "positionDirectDate": "2014-02-24"}, {"maxAge": 1, "name": "Reliance Capital Trustee Co Ltd - Reliance", "relation": "Investment Management Company", "url": "", "transactionDescription": "Sale", "latestTransDate": "2012-10-04", "positionDirect": 1851200, "positionDirectDate": "2012-10-04"}], "maxAge": 1}, "calendarEvents": {"maxAge": 1, "earnings": {"earningsDate": ["2020-09-14 05:30:S"]}}, "price": {"maxAge": 1, "regularMarketChangePercent": 0.049056552, "regularMarketChange": 0.25999975, "regularMarketTime": "2021-04-30 15:16:10", "priceHint": 2, "regularMarketPrice": 5.56, "regularMarketDayHigh": 5.56, "regularMarketDayLow": 5.15, "regularMarketVolume": 16752, "averageDailyVolume10Day": 11619, "averageDailyVolume3Month": 22610, "regularMarketPreviousClose": 5.3, "regularMarketSource": "FREE_REALTIME", "regularMarketOpen": 5.5, "exchange": "BSE", "exchangeName": "BSE", "exchangeDataDelayedBy": 0, "marketState": "CLOSED", "quoteType": "EQUITY", "symbol": "MARG.BO", "underlyingSymbol": null, "shortName": "MARG LTD.", "longName": "MARG Limited", "currency": "INR", "quoteSourceName": "Delayed Quote", "currencySymbol": "\u20b9", "fromCurrency": null, "toCurrency": null, "lastMarket": null, "marketCap": 282550848}, "balanceSheetHistory": {"balanceSheetStatements": [{"maxAge": 1, "endDate": "2020-03-31", "cash": 231100000, "shortTermInvestments": 1122600000, "netReceivables": 4030900000, "inventory": 8484900000, "otherCurrentAssets": 5594300000, "totalCurrentAssets": 19463800000, "longTermInvestments": 3008600000, "propertyPlantEquipment": 9036300000, "goodWill": 165400000, "intangibleAssets": 2000000, "otherAssets": 4527800000, "totalAssets": 36203900000, "accountsPayable": 3192200000, "otherCurrentLiab": 22042500000, "otherLiab": 3519100000, "minorityInterest": 435600000, "totalCurrentLiabilities": 36993200000, "totalLiab": 40512300000, "commonStock": 508200000, "treasuryStock": -5252200000, "otherStockholderEquity": -5252200000, "totalStockholderEquity": -4744000000, "netTangibleAssets": -4911400000}, {"maxAge": 1, "endDate": "2019-03-31", "cash": 226700000, "netReceivables": 4240100000, "inventory": 8768000000, "otherCurrentAssets": 6098000000, "totalCurrentAssets": 19685400000, "longTermInvestments": 3000800000, "propertyPlantEquipment": 9139900000, "goodWill": 165400000, "intangibleAssets": 2300000, "otherAssets": 4576900000, "totalAssets": 36570700000, "accountsPayable": 3094400000, "shortLongTermDebt": 8973600000, "otherCurrentLiab": 1204100000, "longTermDebt": 210000000, "otherLiab": 3314600000, "minorityInterest": 443100000, "totalCurrentLiabilities": 37774800000, "totalLiab": 41299400000, "commonStock": 508200000, "retainedEarnings": -9449500000, "treasuryStock": -34900000, "capitalSurplus": 3804400000, "otherStockholderEquity": -34900000, "totalStockholderEquity": -5171800000, "netTangibleAssets": -5339500000}, {"maxAge": 1, "endDate": "2018-03-31", "cash": 564400000, "netReceivables": 3854200000, "inventory": 8748600000, "otherCurrentAssets": 4906200000, "totalCurrentAssets": 18489200000, "longTermInvestments": 3004000000, "propertyPlantEquipment": 9554400000, "goodWill": 165400000, "intangibleAssets": 2600000, "otherAssets": 4649200000, "totalAssets": 35864800000, "accountsPayable": 2980400000, "shortLongTermDebt": 3168100000, "otherCurrentLiab": 4179200000, "longTermDebt": 1436800000, "otherLiab": 3208500000, "minorityInterest": 455200000, "totalCurrentLiabilities": 36314400000, "totalLiab": 40959700000, "commonStock": 381200000, "retainedEarnings": -9119100000, "treasuryStock": 39700000, "capitalSurplus": 3148100000, "otherStockholderEquity": 39700000, "totalStockholderEquity": -5550100000, "netTangibleAssets": -5718100000}, {"maxAge": 1, "endDate": "2017-03-31", "cash": 1657700000, "netReceivables": 4048300000, "inventory": 7160800000, "otherCurrentAssets": 5526500000, "totalCurrentAssets": 19307600000, "longTermInvestments": 10000000, "propertyPlantEquipment": 30674100000, "goodWill": 165400000, "intangibleAssets": 200000, "otherAssets": 285500000, "totalAssets": 50442800000, "accountsPayable": 3639000000, "shortLongTermDebt": 21540200000, "otherCurrentLiab": 2447100000, "longTermDebt": 15694900000, "otherLiab": 493100000, "minorityInterest": -1075400000, "totalCurrentLiabilities": 45057000000, "totalLiab": 61245000000, "commonStock": 381200000, "retainedEarnings": -14121800000, "capitalSurplus": 4013800000, "totalStockholderEquity": -9726800000, "netTangibleAssets": -9892400000}], "maxAge": 86400}, "financialData": {"maxAge": 86400, "currentPrice": 5.56, "recommendationKey": "none", "grossProfits": -230800000, "financialCurrency": "INR"}}}