{"MARINE.NS": {"assetProfile": {"address1": "B-1, Udyog Sadan \u00e2\u0080\u0093 3", "address2": "MIDC, Marol Industrial Area Andheri East", "city": "Mumbai", "zip": "400 093", "country": "India", "phone": "91 22 4033 4300", "website": "http://www.marineelectricals.com", "industry": "Marine Shipping", "sector": "Industrials", "longBusinessSummary": "Marine Electricals (India) Limited manufactures and sells various marine and industrial electrical and electronic components in India and internationally. It offers power generation and distribution, navigation and communication, electrical propulsion, integrated platform management, information technology, engineering and project management, and various system solutions for the marine sector. The company also provides services, including repairs, corrective and preventive maintenance, upgrades, and life extensions and parts on electrical power generation, power distribution, automation and power management systems, navigation and communication systems, and other electrical and electronic systems, as well as designing and fabricating services for electrical and electronic installation. In addition, it undertakes annual maintenance contracts and solar projects. The company was founded in 1978 and is headquartered in Mumbai, India. Marine Electricals (India) Limited is a subsidiary of KDU Enterprises Private Limited.", "fullTimeEmployees": 378, "companyOfficers": [{"maxAge": 1, "name": "Mr. Vinay K. Uchil", "age": 49, "title": "Chairman", "yearBorn": 1971, "fiscalYear": 2020, "totalPay": 4800000, "exercisedValue": 0, "unexercisedValue": 0}, {"maxAge": 1, "name": "Mr. Venkatesh K. Uchil", "age": 42, "title": "MD & Director", "yearBorn": 1978, "fiscalYear": 2020, "totalPay": 4800000, "exercisedValue": 0, "unexercisedValue": 0}, {"maxAge": 1, "name": "Mr. Rajeev  Malhotra", "age": 57, "title": "Chief Operating Officer", "yearBorn": 1963, "exercisedValue": 0, "unexercisedValue": 0}, {"maxAge": 1, "name": "Ms. Namita  Sethia", "title": "Chief Financial Officer", "exercisedValue": 0, "unexercisedValue": 0}, {"maxAge": 1, "name": "Ms. Veena  Rao", "title": "Admin Head", "exercisedValue": 0, "unexercisedValue": 0}, {"maxAge": 1, "name": "Ms. Mitali V. Ambre", "age": 23, "title": "Company Sec. & Compliance Officer", "yearBorn": 1997, "exercisedValue": 0, "unexercisedValue": 0}, {"maxAge": 1, "name": "Ms. Shradha  Girolla", "title": "HR Head", "exercisedValue": 0, "unexercisedValue": 0}, {"maxAge": 1, "name": "Mr. Navin  Rao", "title": "Plant Head", "exercisedValue": 0, "unexercisedValue": 0}], "compensationAsOfEpochDate": "2020-12-31 05:30:00", "maxAge": 86400}, "cashflowStatementHistory": {"cashflowStatements": [{"maxAge": 1, "endDate": "2020-03-31", "netIncome": 90530000, "depreciation": 67172000, "changeToNetincome": -23131000, "changeToAccountReceivables": 225923000, "changeToLiabilities": 124619000, "changeToInventory": -175755000, "changeToOperatingActivities": -122668000, "totalCashFromOperatingActivities": 188669000, "capitalExpenditures": -31547000, "investments": -5758000, "otherCashflowsFromInvestingActivities": 12703000, "totalCashflowsFromInvestingActivities": 1693000, "netBorrowings": -71032000, "otherCashflowsFromFinancingActivities": -98757000, "totalCashFromFinancingActivities": -169789000, "effectOfExchangeRate": 1401000, "changeInCash": 21974000}, {"maxAge": 1, "endDate": "2019-03-31", "netIncome": 92160000, "depreciation": 48235000, "changeToNetincome": 110724000, "changeToAccountReceivables": -65917000, "changeToLiabilities": -297635000, "changeToInventory": -80077000, "changeToOperatingActivities": -342627000, "totalCashFromOperatingActivities": -534814000, "capitalExpenditures": -80465000, "investments": 2727000, "otherCashflowsFromInvestingActivities": 81520000, "totalCashflowsFromInvestingActivities": 5098000, "netBorrowings": 111772000, "otherCashflowsFromFinancingActivities": -103315000, "totalCashFromFinancingActivities": 437193000, "effectOfExchangeRate": 1267000, "changeInCash": -91256000, "issuanceOfStock": 428736000}, {"maxAge": 1, "endDate": "2018-03-31", "netIncome": 157614000, "depreciation": 51277000, "changeToNetincome": 54144000, "changeToAccountReceivables": -678401000, "changeToLiabilities": 763276000, "changeToInventory": -103390000, "changeToOperatingActivities": 64847000, "totalCashFromOperatingActivities": 310431000, "capitalExpenditures": -72470000, "investments": -164255000, "otherCashflowsFromInvestingActivities": 2156000, "totalCashflowsFromInvestingActivities": -234229000, "netBorrowings": 48629000, "otherCashflowsFromFinancingActivities": -65207000, "totalCashFromFinancingActivities": 33236000, "effectOfExchangeRate": 1716000, "changeInCash": 111144000, "issuanceOfStock": 49814000}, {"maxAge": 1, "endDate": "2017-03-31", "netIncome": 106401000, "depreciation": 49936000, "changeToNetincome": 70656000, "changeToAccountReceivables": -378314000, "changeToLiabilities": 465162000, "changeToInventory": -223362000, "changeToOperatingActivities": 62812000, "totalCashFromOperatingActivities": 155008000, "capitalExpenditures": -178527000, "investments": -164255000, "otherCashflowsFromInvestingActivities": -34184000, "totalCashflowsFromInvestingActivities": -184610000, "netBorrowings": 64608000, "otherCashflowsFromFinancingActivities": -46147000, "totalCashFromFinancingActivities": 18461000, "effectOfExchangeRate": 1716000, "changeInCash": -11141000, "issuanceOfStock": 49814000}], "maxAge": 86400}, "institutionOwnership": {"ownershipList": [], "maxAge": 1}, "majorHoldersBreakdown": {"maxAge": 1}, "balanceSheetHistoryQuarterly": {"balanceSheetStatements": [{"maxAge": 1, "endDate": "2020-12-31", "totalStockholderEquity": 1578123000, "netTangibleAssets": 1518292000}, {"maxAge": 1, "endDate": "2020-09-30", "cash": 78263000, "netReceivables": 2260256000, "inventory": 664845000, "totalCurrentAssets": 3003364000, "longTermInvestments": 52981000, "propertyPlantEquipment": 419394000, "intangibleAssets": 59831000, "otherAssets": 104365000, "deferredLongTermAssetCharges": 226000, "totalAssets": 3639935000, "accountsPayable": 1231634000, "otherCurrentLiab": 266482000, "longTermDebt": 119076000, "otherLiab": 27803000, "minorityInterest": 59292000, "totalCurrentLiabilities": 1855641000, "totalLiab": 2002520000, "commonStock": 245331000, "treasuryStock": 1332792000, "otherStockholderEquity": 1332792000, "totalStockholderEquity": 1578123000, "netTangibleAssets": 1518292000}, {"maxAge": 1, "endDate": "2020-06-30", "cash": 78263000, "netReceivables": 2260256000, "inventory": 664845000, "totalCurrentAssets": 3003364000, "longTermInvestments": 52981000, "propertyPlantEquipment": 419394000, "intangibleAssets": 59831000, "otherAssets": 104365000, "deferredLongTermAssetCharges": 226000, "totalAssets": 3639935000, "accountsPayable": 1231634000, "otherCurrentLiab": 266482000, "longTermDebt": 119076000, "otherLiab": 27803000, "minorityInterest": 59292000, "totalCurrentLiabilities": 1855641000, "totalLiab": 2002520000, "commonStock": 245331000, "treasuryStock": 1332792000, "otherStockholderEquity": 1332792000, "totalStockholderEquity": 1578123000, "netTangibleAssets": 1518292000}, {"maxAge": 1, "endDate": "2019-12-31"}], "maxAge": 86400}, "indexTrend": {"maxAge": 1, "symbol": "SP5", "peRatio": 19.7411, "pegRatio": 1.34172, "estimates": [{"period": "0q", "growth": 0.549}, {"period": "+1q", "growth": 0.431}, {"period": "0y", "growth": 0.305}, {"period": "+1y", "growth": 0.109}, {"period": "+5y", "growth": 0.120865}, {"period": "-5y"}]}, "defaultKeyStatistics": {"maxAge": 1, "priceHint": 2, "enterpriseValue": 9336767488, "profitMargins": 0.058520004, "floatShares": 23515374, "sharesOutstanding": 122665000, "beta": 0.261973, "category": null, "bookValue": 12.838, "priceToBook": 5.6667705, "fundFamily": null, "legalType": null, "lastFiscalYearEnd": "2020-03-31 05:30:00", "nextFiscalYearEnd": "2022-03-31 05:30:00", "mostRecentQuarter": "2020-12-31 05:30:00", "netIncomeToCommon": 147154000, "trailingEps": 0.892, "lastSplitFactor": "5:1", "lastSplitDate": "2021-02-18 05:30:00", "enterpriseToRevenue": 3.713, "enterpriseToEbitda": 35.177}, "summaryProfile": {"address1": "B-1, Udyog Sadan \u00e2\u0080\u0093 3", "address2": "MIDC, Marol Industrial Area Andheri East", "city": "Mumbai", "zip": "400 093", "country": "India", "phone": "91 22 4033 4300", "website": "http://www.marineelectricals.com", "industry": "Marine Shipping", "sector": "Industrials", "longBusinessSummary": "Marine Electricals (India) Limited manufactures and sells various marine and industrial electrical and electronic components in India and internationally. It offers power generation and distribution, navigation and communication, electrical propulsion, integrated platform management, information technology, engineering and project management, and various system solutions for the marine sector. The company also provides services, including repairs, corrective and preventive maintenance, upgrades, and life extensions and parts on electrical power generation, power distribution, automation and power management systems, navigation and communication systems, and other electrical and electronic systems, as well as designing and fabricating services for electrical and electronic installation. In addition, it undertakes annual maintenance contracts and solar projects. The company was founded in 1978 and is headquartered in Mumbai, India. Marine Electricals (India) Limited is a subsidiary of KDU Enterprises Private Limited.", "fullTimeEmployees": 378, "companyOfficers": [], "maxAge": 86400}, "netSharePurchaseActivity": {"maxAge": 1, "period": "6m", "buyInfoCount": 0, "buyInfoShares": 0, "sellInfoCount": 0, "netInfoCount": 0, "netInfoShares": 0, "totalInsiderShares": 0}, "quoteType": {"exchange": "NSI", "quoteType": "EQUITY", "symbol": "MARINE.NS", "underlyingSymbol": "MARINE.NS", "shortName": "Marine Electrical (I) Ltd", "longName": "Marine Electricals (India) Limited", "firstTradeDateEpochUtc": "2018-10-26 09:15:00", "timeZoneFullName": "Asia/Kolkata", "timeZoneShortName": "IST", "uuid": "e1782e4a-801e-34f4-8eef-5405aee2a4b2", "gmtOffSetMilliseconds": 19800000, "maxAge": 1}, "incomeStatementHistory": {"incomeStatementHistory": [{"maxAge": 1, "endDate": "2020-03-31", "totalRevenue": 2887089000, "costOfRevenue": 2055793000, "grossProfit": 831296000, "researchDevelopment": {}, "sellingGeneralAdministrative": 373164000, "nonRecurring": {}, "otherOperatingExpenses": 193671000, "totalOperatingExpenses": 2705180000, "operatingIncome": 181909000, "totalOtherIncomeExpenseNet": -66106000, "ebit": 181909000, "interestExpense": -66037000, "incomeBeforeTax": 115803000, "incomeTaxExpense": 22478000, "minorityInterest": 57214000, "netIncomeFromContinuingOps": 93325000, "discontinuedOperations": {}, "extraordinaryItems": {}, "effectOfAccountingCharges": {}, "otherItems": {}, "netIncome": 90530000, "netIncomeApplicableToCommonShares": 90530000}, {"maxAge": 1, "endDate": "2019-03-31", "totalRevenue": 3998413000, "costOfRevenue": 3177733000, "grossProfit": 820680000, "researchDevelopment": {}, "sellingGeneralAdministrative": 337062000, "nonRecurring": {}, "otherOperatingExpenses": 227995000, "totalOperatingExpenses": 3802537000, "operatingIncome": 195876000, "totalOtherIncomeExpenseNet": -67254000, "ebit": 195876000, "interestExpense": -54004000, "incomeBeforeTax": 128622000, "incomeTaxExpense": 37098000, "minorityInterest": 60945000, "netIncomeFromContinuingOps": 91524000, "discontinuedOperations": {}, "extraordinaryItems": {}, "effectOfAccountingCharges": {}, "otherItems": {}, "netIncome": 92160000, "netIncomeApplicableToCommonShares": 92160000}, {"maxAge": 1, "endDate": "2018-03-31", "totalRevenue": 3688049000, "costOfRevenue": 2876782000, "grossProfit": 811267000, "researchDevelopment": {}, "sellingGeneralAdministrative": 332523000, "nonRecurring": {}, "otherOperatingExpenses": 133360000, "totalOperatingExpenses": 3401184000, "operatingIncome": 286865000, "totalOtherIncomeExpenseNet": -60190000, "ebit": 286865000, "interestExpense": -44616000, "incomeBeforeTax": 226675000, "incomeTaxExpense": 64065000, "minorityInterest": 66276000, "netIncomeFromContinuingOps": 162610000, "discontinuedOperations": {}, "extraordinaryItems": {}, "effectOfAccountingCharges": {}, "otherItems": {}, "netIncome": 157614000, "netIncomeApplicableToCommonShares": 157614000}, {"maxAge": 1, "endDate": "2017-03-31", "totalRevenue": 2691596000, "costOfRevenue": 2064295000, "grossProfit": 627301000, "researchDevelopment": {}, "sellingGeneralAdministrative": 148782000, "nonRecurring": {}, "otherOperatingExpenses": 208661000, "totalOperatingExpenses": 2473391000, "operatingIncome": 218205000, "totalOtherIncomeExpenseNet": -39142000, "ebit": 218205000, "interestExpense": -49617000, "incomeBeforeTax": 179063000, "incomeTaxExpense": 66902000, "minorityInterest": 51454000, "netIncomeFromContinuingOps": 112161000, "discontinuedOperations": {}, "extraordinaryItems": {}, "effectOfAccountingCharges": {}, "otherItems": {}, "netIncome": 106401000, "netIncomeApplicableToCommonShares": 106401000}], "maxAge": 86400}, "fundOwnership": {"ownershipList": [], "maxAge": 1}, "summaryDetail": {"maxAge": 1, "priceHint": 2, "previousClose": 73.7, "open": 74.85, "dayLow": 72.0, "dayHigh": 74.85, "regularMarketPreviousClose": 73.7, "regularMarketOpen": 74.85, "regularMarketDayLow": 72.0, "regularMarketDayHigh": 74.85, "payoutRatio": 0.0, "beta": 0.261973, "trailingPE": 81.5583, "volume": 88797, "regularMarketVolume": 88797, "averageVolume": 95132, "averageVolume10days": 407091, "averageDailyVolume10Day": 407091, "bid": 0.0, "ask": 0.0, "marketCap": 8923878400, "fiftyTwoWeekLow": 16.0, "fiftyTwoWeekHigh": 74.85, "priceToSalesTrailing12Months": 3.5490959, "fiftyDayAverage": 52.55, "twoHundredDayAverage": 40.104397, "currency": "INR", "fromCurrency": null, "lastMarket": null, "algorithm": null, "tradeable": false}, "incomeStatementHistoryQuarterly": {"incomeStatementHistory": [{"maxAge": 1, "endDate": "2020-12-31", "totalRevenue": 674258000, "costOfRevenue": 510205000, "grossProfit": 164053000, "researchDevelopment": {}, "sellingGeneralAdministrative": 63899000, "nonRecurring": {}, "otherOperatingExpenses": 59094000, "totalOperatingExpenses": 656205000, "operatingIncome": 18053000, "totalOtherIncomeExpenseNet": 30158000, "ebit": 18053000, "interestExpense": -22271000, "incomeBeforeTax": 48211000, "incomeTaxExpense": 7841000, "minorityInterest": {}, "netIncomeFromContinuingOps": 40370000, "discontinuedOperations": {}, "extraordinaryItems": {}, "effectOfAccountingCharges": {}, "otherItems": {}, "netIncome": 36615000, "netIncomeApplicableToCommonShares": 36615000}, {"maxAge": 1, "endDate": "2020-09-30", "totalRevenue": 466502500, "costOfRevenue": 323269000, "grossProfit": 143233500, "researchDevelopment": {}, "sellingGeneralAdministrative": 53769000, "nonRecurring": {}, "otherOperatingExpenses": 51483000, "totalOperatingExpenses": 444010500, "operatingIncome": 22492000, "totalOtherIncomeExpenseNet": -10635000, "ebit": 22492000, "interestExpense": -18439000, "incomeBeforeTax": 11857000, "incomeTaxExpense": 2095000, "minorityInterest": 59292000, "netIncomeFromContinuingOps": 9762000, "discontinuedOperations": {}, "extraordinaryItems": {}, "effectOfAccountingCharges": {}, "otherItems": {}, "netIncome": 9711500, "netIncomeApplicableToCommonShares": 9711500}, {"maxAge": 1, "endDate": "2020-06-30", "totalRevenue": 466502500, "costOfRevenue": 323269000, "grossProfit": 143233500, "researchDevelopment": {}, "sellingGeneralAdministrative": 53769000, "nonRecurring": {}, "otherOperatingExpenses": 51483000, "totalOperatingExpenses": 444010500, "operatingIncome": 22492000, "totalOtherIncomeExpenseNet": -10635000, "ebit": 22492000, "interestExpense": -18439000, "incomeBeforeTax": 11857000, "incomeTaxExpense": 2095000, "minorityInterest": 59292000, "netIncomeFromContinuingOps": 9762000, "discontinuedOperations": {}, "extraordinaryItems": {}, "effectOfAccountingCharges": {}, "otherItems": {}, "netIncome": 9711500, "netIncomeApplicableToCommonShares": 9711500}, {"maxAge": 1, "endDate": "2019-12-31", "totalRevenue": 914006000, "costOfRevenue": 754245000, "grossProfit": 159761000, "researchDevelopment": {}, "sellingGeneralAdministrative": 67585000, "nonRecurring": {}, "otherOperatingExpenses": 47092000, "totalOperatingExpenses": 893408000, "operatingIncome": 20598000, "totalOtherIncomeExpenseNet": -21077000, "ebit": 20598000, "interestExpense": -30171000, "incomeBeforeTax": -479000, "incomeTaxExpense": 7053000, "minorityInterest": 59292000, "netIncomeFromContinuingOps": -7532000, "discontinuedOperations": {}, "extraordinaryItems": {}, "effectOfAccountingCharges": {}, "otherItems": {}, "netIncome": -4615000, "netIncomeApplicableToCommonShares": -4615000}], "maxAge": 86400}, "cashflowStatementHistoryQuarterly": {"cashflowStatements": [{"maxAge": 1, "endDate": "2020-12-31", "netIncome": 36615000, "changeToLiabilities": 0}, {"maxAge": 1, "endDate": "2020-09-30", "netIncome": 9711500, "depreciation": 15489500, "changeToNetincome": 8979000, "changeToAccountReceivables": 16794000, "changeToLiabilities": -135670000, "changeToInventory": 42965000, "changeToOperatingActivities": 19081500, "totalCashFromOperatingActivities": -22649500, "capitalExpenditures": -4212500, "investments": 2773000, "otherCashflowsFromInvestingActivities": 2899500, "totalCashflowsFromInvestingActivities": 1460000, "netBorrowings": 13146500, "otherCashflowsFromFinancingActivities": -19140500, "totalCashFromFinancingActivities": -5994000, "effectOfExchangeRate": -33000, "changeInCash": -27216500}, {"maxAge": 1, "endDate": "2020-06-30", "netIncome": 9711500, "depreciation": 15489500, "changeToNetincome": 8979000, "changeToAccountReceivables": 16794000, "changeToLiabilities": -135670000, "changeToInventory": 42965000, "changeToOperatingActivities": 19081500, "totalCashFromOperatingActivities": -22649500, "capitalExpenditures": -4212500, "investments": 2773000, "otherCashflowsFromInvestingActivities": 2899500, "totalCashflowsFromInvestingActivities": 1460000, "netBorrowings": 13146500, "otherCashflowsFromFinancingActivities": -19140500, "totalCashFromFinancingActivities": -5994000, "effectOfExchangeRate": -33000, "changeInCash": -27216500}, {"maxAge": 1, "endDate": "2019-12-31", "netIncome": -4615000, "depreciation": 15489500, "changeToNetincome": 8979000, "changeToAccountReceivables": 16794000, "changeToLiabilities": 0, "changeToInventory": 42965000, "changeToOperatingActivities": 19081500, "totalCashFromOperatingActivities": -22649500, "capitalExpenditures": -4212500, "investments": 2773000, "otherCashflowsFromInvestingActivities": 2899500, "totalCashflowsFromInvestingActivities": 1460000, "netBorrowings": 13146500, "otherCashflowsFromFinancingActivities": -19140500, "totalCashFromFinancingActivities": -5994000, "effectOfExchangeRate": -33000, "changeInCash": -27216500}], "maxAge": 86400}, "insiderHolders": {"holders": [], "maxAge": 1}, "calendarEvents": {"maxAge": 1, "earnings": {"earningsDate": []}}, "upgradeDowngradeHistory": {"history": [], "maxAge": 86400}, "price": {"maxAge": 1, "regularMarketChangePercent": -0.012890054, "regularMarketChange": -0.94999695, "regularMarketTime": "2021-04-30 15:29:43", "priceHint": 2, "regularMarketPrice": 72.75, "regularMarketDayHigh": 74.85, "regularMarketDayLow": 72.0, "regularMarketVolume": 88797, "averageDailyVolume10Day": 407091, "averageDailyVolume3Month": 95132, "regularMarketPreviousClose": 73.7, "regularMarketSource": "FREE_REALTIME", "regularMarketOpen": 74.85, "exchange": "NSI", "exchangeName": "NSE", "exchangeDataDelayedBy": 15, "marketState": "CLOSED", "quoteType": "EQUITY", "symbol": "MARINE.NS", "underlyingSymbol": null, "shortName": "Marine Electrical (I) Ltd", "longName": "Marine Electricals (India) Limited", "currency": "INR", "quoteSourceName": "Delayed Quote", "currencySymbol": "\u20b9", "fromCurrency": null, "lastMarket": null, "marketCap": 8923878400}, "balanceSheetHistory": {"balanceSheetStatements": [{"maxAge": 1, "endDate": "2020-03-31", "cash": 145964000, "netReceivables": 1942647000, "inventory": 747690000, "otherCurrentAssets": 286857000, "totalCurrentAssets": 3168972000, "longTermInvestments": 48378000, "propertyPlantEquipment": 440544000, "goodWill": 25000000, "intangibleAssets": 36421000, "otherAssets": 95282000, "totalAssets": 3814597000, "accountsPayable": 1491377000, "shortLongTermDebt": 39885000, "otherCurrentLiab": 125427000, "longTermDebt": 89262000, "otherLiab": 25380000, "minorityInterest": 57214000, "totalCurrentLiabilities": 2081570000, "totalLiab": 2196212000, "commonStock": 245331000, "retainedEarnings": 847105000, "treasuryStock": 70390000, "capitalSurplus": 398345000, "otherStockholderEquity": 70390000, "totalStockholderEquity": 1561171000, "netTangibleAssets": 1499750000}, {"maxAge": 1, "endDate": "2019-03-31", "cash": 167891000, "netReceivables": 2090212000, "inventory": 558803000, "otherCurrentAssets": 246697000, "totalCurrentAssets": 3087276000, "longTermInvestments": 31047000, "propertyPlantEquipment": 520079000, "goodWill": 25000000, "intangibleAssets": 27472000, "otherAssets": 40713000, "totalAssets": 3731587000, "accountsPayable": 1335252000, "shortLongTermDebt": 33148000, "otherCurrentLiab": 143007000, "longTermDebt": 126472000, "otherLiab": 34284000, "minorityInterest": 60945000, "totalCurrentLiabilities": 1964882000, "totalLiab": 2125638000, "commonStock": 245331000, "retainedEarnings": 856699000, "treasuryStock": 44620000, "capitalSurplus": 398354000, "otherStockholderEquity": 44620000, "totalStockholderEquity": 1545004000, "netTangibleAssets": 1492532000}, {"maxAge": 1, "endDate": "2018-03-31", "cash": 242405000, "netReceivables": 1942726000, "inventory": 475832000, "otherCurrentAssets": 158844000, "totalCurrentAssets": 2847956000, "longTermInvestments": 32032000, "propertyPlantEquipment": 473785000, "goodWill": 25000000, "intangibleAssets": 31455000, "otherAssets": 125396000, "totalAssets": 3535624000, "accountsPayable": 1643457000, "shortLongTermDebt": 27657000, "otherCurrentLiab": 334972000, "longTermDebt": 31827000, "otherLiab": 36779000, "minorityInterest": 66276000, "totalCurrentLiabilities": 2445299000, "totalLiab": 2513905000, "commonStock": 180371000, "retainedEarnings": 689551000, "treasuryStock": 30993000, "capitalSurplus": 54528000, "otherStockholderEquity": 30993000, "totalStockholderEquity": 955443000, "netTangibleAssets": 898988000}, {"maxAge": 1, "endDate": "2017-03-31", "cash": 54069000, "netReceivables": 1175107000, "inventory": 354599000, "otherCurrentAssets": 56346000, "totalCurrentAssets": 1648012000, "longTermInvestments": 8000, "propertyPlantEquipment": 546357000, "goodWill": 8836000, "intangibleAssets": 1736000, "otherAssets": 65193000, "totalAssets": 2270142000, "accountsPayable": 820126000, "shortLongTermDebt": 55954000, "otherCurrentLiab": 124702000, "longTermDebt": 71285000, "otherLiab": 34045000, "minorityInterest": 51454000, "totalCurrentLiabilities": 1361017000, "totalLiab": 1466347000, "commonStock": 171782000, "retainedEarnings": 70810000, "treasuryStock": 496446000, "capitalSurplus": 13303000, "otherStockholderEquity": 496446000, "totalStockholderEquity": 752341000, "netTangibleAssets": 741769000}], "maxAge": 86400}, "financialData": {"maxAge": 86400, "currentPrice": 72.75, "recommendationKey": "none", "totalCash": 78263000, "totalCashPerShare": 0.641, "ebitda": 265424992, "totalDebt": 476600992, "totalRevenue": 2514408960, "debtToEquity": 29.107, "revenuePerShare": 15.237, "grossProfits": 831296000, "revenueGrowth": -0.262, "grossMargins": 0.32476002, "ebitdaMargins": 0.10556, "operatingMargins": 0.080019996, "profitMargins": 0.058520004, "financialCurrency": "INR"}}}