{"MARIS.BO": {"cashflowStatementHistory": {"cashflowStatements": [{"maxAge": 1, "endDate": "2020-03-31", "netIncome": -21509000, "depreciation": 47101000, "changeToNetincome": 33601000, "changeToAccountReceivables": 22342000, "changeToLiabilities": -73952000, "changeToInventory": 128403000, "changeToOperatingActivities": -18430000, "totalCashFromOperatingActivities": 117556000, "capitalExpenditures": -21822000, "investments": -28000, "otherCashflowsFromInvestingActivities": 3585000, "totalCashflowsFromInvestingActivities": -18090000, "dividendsPaid": -8045000, "netBorrowings": -7151000, "otherCashflowsFromFinancingActivities": -46284000, "totalCashFromFinancingActivities": -61350000, "changeInCash": 38117000, "issuanceOfStock": 130000}, {"maxAge": 1, "endDate": "2019-03-31", "netIncome": 23613000, "depreciation": 46394000, "changeToNetincome": 38400000, "changeToAccountReceivables": 24460000, "changeToLiabilities": -36427000, "changeToInventory": -14275000, "changeToOperatingActivities": -97395000, "totalCashFromOperatingActivities": -15230000, "capitalExpenditures": -72373000, "investments": -36000, "otherCashflowsFromInvestingActivities": 14458000, "totalCashflowsFromInvestingActivities": -57738000, "dividendsPaid": -8040000, "netBorrowings": -8338000, "otherCashflowsFromFinancingActivities": -47635000, "totalCashFromFinancingActivities": -63783000, "changeInCash": -136751000, "issuanceOfStock": 230000}, {"maxAge": 1, "endDate": "2018-03-31", "netIncome": 9902000, "depreciation": 49785000, "changeToNetincome": 42896000, "changeToAccountReceivables": -42415000, "changeToLiabilities": 80646000, "changeToInventory": -216000, "changeToOperatingActivities": -32179000, "totalCashFromOperatingActivities": 108419000, "capitalExpenditures": -19017000, "investments": -12000, "otherCashflowsFromInvestingActivities": 3163000, "totalCashflowsFromInvestingActivities": -14717000, "dividendsPaid": -8040000, "netBorrowings": -29330000, "otherCashflowsFromFinancingActivities": -3806000, "totalCashFromFinancingActivities": -41172000, "changeInCash": 52530000, "issuanceOfStock": 4000}, {"maxAge": 1, "endDate": "2017-03-31", "netIncome": 26453000, "depreciation": 50588000, "changeToNetincome": 37875000, "changeToAccountReceivables": 2673000, "changeToLiabilities": 101819000, "changeToInventory": -88631000, "changeToOperatingActivities": 85908000, "totalCashFromOperatingActivities": 216685000, "capitalExpenditures": -30149000, "investments": -534000, "otherCashflowsFromInvestingActivities": 3163000, "totalCashflowsFromInvestingActivities": -30523000, "dividendsPaid": -8040000, "netBorrowings": -9432000, "otherCashflowsFromFinancingActivities": -80012000, "totalCashFromFinancingActivities": -89236000, "changeInCash": 96926000, "issuanceOfStock": 208000}], "maxAge": 86400}, "institutionOwnership": {"maxAge": 1, "ownershipList": []}, "balanceSheetHistoryQuarterly": {"balanceSheetStatements": [{"maxAge": 1, "endDate": "2020-06-30", "totalStockholderEquity": 210743000, "netTangibleAssets": 210743000}, {"maxAge": 1, "endDate": "2020-03-31", "cash": 7785000, "netReceivables": 151810000, "inventory": 258217000, "otherCurrentAssets": 1235000, "totalCurrentAssets": 426465000, "longTermInvestments": 731000, "propertyPlantEquipment": 253422000, "otherAssets": 40578000, "deferredLongTermAssetCharges": 5859000, "totalAssets": 721196000, "accountsPayable": 115839000, "otherCurrentLiab": 36427000, "longTermDebt": 61447000, "otherLiab": 1000, "totalCurrentLiabilities": 449005000, "totalLiab": 510453000, "commonStock": 80584000, "retainedEarnings": 88831000, "treasuryStock": 3695000, "capitalSurplus": 37633000, "otherStockholderEquity": 3695000, "totalStockholderEquity": 210743000, "netTangibleAssets": 210743000}, {"maxAge": 1, "endDate": "2019-12-31", "totalStockholderEquity": 225733000, "netTangibleAssets": 225733000}, {"maxAge": 1, "endDate": "2019-09-30", "cash": 5075000, "shortTermInvestments": 703000, "netReceivables": 159150000, "inventory": 216667000, "otherCurrentAssets": 82636000, "totalCurrentAssets": 464231000, "propertyPlantEquipment": 264208000, "totalAssets": 728439000, "accountsPayable": 106806000, "otherCurrentLiab": 17026000, "longTermDebt": 51829000, "otherLiab": 14011000, "totalCurrentLiabilities": 436866000, "totalLiab": 502706000, "commonStock": 80585000, "treasuryStock": 145148000, "otherStockholderEquity": 145148000, "totalStockholderEquity": 225733000, "netTangibleAssets": 225733000}], "maxAge": 86400}, "indexTrend": {"maxAge": 1, "symbol": "SP5", "peRatio": 19.7411, "pegRatio": 1.34172, "estimates": [{"period": "0q", "growth": 0.549}, {"period": "+1q", "growth": 0.431}, {"period": "0y", "growth": 0.305}, {"period": "+1y", "growth": 0.109}, {"period": "+5y", "growth": 0.120859005}, {"period": "-5y"}]}, "insiderTransactions": {"transactions": [{"maxAge": 1, "shares": 458900, "filerUrl": "", "transactionText": "", "filerName": "Narayan (Jayaraman Karthik)", "filerRelation": "UNREPORTED", "moneyText": "", "startDate": "2019-05-31", "ownership": "D"}], "maxAge": 1}, "quoteType": {"exchange": "BSE", "quoteType": "EQUITY", "symbol": "MARIS.BO", "underlyingSymbol": "MARIS.BO", "shortName": "MARIS SPINNERS LTD.", "longName": "Maris Spinners Limited", "firstTradeDateEpochUtc": "1998-12-30 09:15:00", "timeZoneFullName": "Asia/Kolkata", "timeZoneShortName": "IST", "uuid": "73f8b1d1-4f46-3741-8f28-a367a5c77a11", "messageBoardId": null, "gmtOffSetMilliseconds": 19800000, "maxAge": 1}, "incomeStatementHistory": {"incomeStatementHistory": [{"maxAge": 1, "endDate": "2020-03-31", "totalRevenue": 1247788000, "costOfRevenue": 836485000, "grossProfit": 411303000, "researchDevelopment": {}, "sellingGeneralAdministrative": 104685000, "nonRecurring": {}, "otherOperatingExpenses": 249570000, "totalOperatingExpenses": 1237841000, "operatingIncome": 9947000, "totalOtherIncomeExpenseNet": -41694000, "ebit": 9947000, "interestExpense": -44655000, "incomeBeforeTax": -31747000, "incomeTaxExpense": -10238000, "minorityInterest": {}, "netIncomeFromContinuingOps": -21509000, "discontinuedOperations": {}, "extraordinaryItems": {}, "effectOfAccountingCharges": {}, "otherItems": {}, "netIncome": -21509000, "netIncomeApplicableToCommonShares": -21509000}, {"maxAge": 1, "endDate": "2019-03-31", "totalRevenue": 1323830000, "costOfRevenue": 847472000, "grossProfit": 476358000, "researchDevelopment": {}, "sellingGeneralAdministrative": 111344000, "nonRecurring": {}, "otherOperatingExpenses": 256116000, "totalOperatingExpenses": 1261326000, "operatingIncome": 62504000, "totalOtherIncomeExpenseNet": -44349000, "ebit": 62504000, "interestExpense": -45716000, "incomeBeforeTax": 18155000, "incomeTaxExpense": -5458000, "minorityInterest": {}, "netIncomeFromContinuingOps": 23613000, "discontinuedOperations": {}, "extraordinaryItems": {}, "effectOfAccountingCharges": {}, "otherItems": {}, "netIncome": 23613000, "netIncomeApplicableToCommonShares": 23613000}, {"maxAge": 1, "endDate": "2018-03-31", "totalRevenue": 1246045000, "costOfRevenue": 799996000, "grossProfit": 446049000, "researchDevelopment": {}, "sellingGeneralAdministrative": 94845000, "nonRecurring": {}, "otherOperatingExpenses": 248094000, "totalOperatingExpenses": 1192720000, "operatingIncome": 53325000, "totalOtherIncomeExpenseNet": -45916000, "ebit": 53325000, "interestExpense": -49078000, "incomeBeforeTax": 7409000, "incomeTaxExpense": -2493000, "minorityInterest": {}, "netIncomeFromContinuingOps": 9902000, "discontinuedOperations": {}, "extraordinaryItems": {}, "effectOfAccountingCharges": {}, "otherItems": {}, "netIncome": 9902000, "netIncomeApplicableToCommonShares": 9902000}, {"maxAge": 1, "endDate": "2017-03-31", "totalRevenue": 1201518000, "costOfRevenue": 937083000, "grossProfit": 264435000, "researchDevelopment": {}, "sellingGeneralAdministrative": 140287000, "nonRecurring": {}, "otherOperatingExpenses": 248094000, "totalOperatingExpenses": 1127958000, "operatingIncome": 73560000, "totalOtherIncomeExpenseNet": -43731000, "ebit": 73560000, "interestExpense": -47345000, "incomeBeforeTax": 29829000, "incomeTaxExpense": 3376000, "minorityInterest": {}, "netIncomeFromContinuingOps": 26453000, "discontinuedOperations": {}, "extraordinaryItems": {}, "effectOfAccountingCharges": {}, "otherItems": {}, "netIncome": 26453000, "netIncomeApplicableToCommonShares": 26453000}], "maxAge": 86400}, "fundOwnership": {"maxAge": 1, "ownershipList": []}, "summaryDetail": {"maxAge": 1, "priceHint": 2, "previousClose": 28.85, "open": 27.5, "dayLow": 27.45, "dayHigh": 27.5, "regularMarketPreviousClose": 28.85, "regularMarketOpen": 27.5, "regularMarketDayLow": 27.45, "regularMarketDayHigh": 27.5, "volume": 101, "regularMarketVolume": 101, "averageVolume": 149, "averageVolume10days": 414, "averageDailyVolume10Day": 414, "bid": 0.0, "ask": 27.45, "marketCap": 224331296, "fiftyTwoWeekLow": 5.8, "fiftyTwoWeekHigh": 37.8, "fiftyDayAverage": 18.351429, "twoHundredDayAverage": 21.599928, "currency": "INR", "fromCurrency": null, "toCurrency": null, "lastMarket": null, "algorithm": null, "tradeable": false}, "incomeStatementHistoryQuarterly": {"incomeStatementHistory": [{"maxAge": 1, "endDate": "2020-06-30", "totalRevenue": 56941000, "costOfRevenue": 36666000, "grossProfit": 20275000, "researchDevelopment": {}, "sellingGeneralAdministrative": 16045000, "nonRecurring": {}, "otherOperatingExpenses": 11203000, "totalOperatingExpenses": 73621000, "operatingIncome": -16680000, "totalOtherIncomeExpenseNet": -11757000, "ebit": -16680000, "interestExpense": -11756000, "incomeBeforeTax": -28437000, "incomeTaxExpense": 0, "minorityInterest": {}, "netIncomeFromContinuingOps": -28437000, "discontinuedOperations": {}, "extraordinaryItems": {}, "effectOfAccountingCharges": {}, "otherItems": {}, "netIncome": -28437000, "netIncomeApplicableToCommonShares": -28437000}, {"maxAge": 1, "endDate": "2020-03-31", "totalRevenue": 287368000, "costOfRevenue": 83412000, "grossProfit": 203956000, "researchDevelopment": {}, "sellingGeneralAdministrative": 25455000, "nonRecurring": {}, "otherOperatingExpenses": 176015000, "totalOperatingExpenses": 295114000, "operatingIncome": -7746000, "totalOtherIncomeExpenseNet": -8094000, "ebit": -7746000, "interestExpense": -11055000, "incomeBeforeTax": -15840000, "incomeTaxExpense": -10738000, "minorityInterest": {}, "netIncomeFromContinuingOps": -5102000, "discontinuedOperations": {}, "extraordinaryItems": {}, "effectOfAccountingCharges": {}, "otherItems": {}, "netIncome": -5102000, "netIncomeApplicableToCommonShares": -5102000}, {"maxAge": 1, "endDate": "2019-12-31", "totalRevenue": 345810000, "costOfRevenue": 282988000, "grossProfit": 62822000, "researchDevelopment": {}, "sellingGeneralAdministrative": 26719000, "nonRecurring": {}, "otherOperatingExpenses": 22591000, "totalOperatingExpenses": 344681000, "operatingIncome": 1129000, "totalOtherIncomeExpenseNet": -10202000, "ebit": 1129000, "interestExpense": -10202000, "incomeBeforeTax": -9073000, "incomeTaxExpense": 0, "minorityInterest": {}, "netIncomeFromContinuingOps": -9073000, "discontinuedOperations": {}, "extraordinaryItems": {}, "effectOfAccountingCharges": {}, "otherItems": {}, "netIncome": -9073000, "netIncomeApplicableToCommonShares": -9073000}, {"maxAge": 1, "endDate": "2019-09-30", "totalRevenue": 300033000, "costOfRevenue": 232676000, "grossProfit": 67357000, "researchDevelopment": {}, "sellingGeneralAdministrative": 27000000, "nonRecurring": {}, "otherOperatingExpenses": 24795000, "totalOperatingExpenses": 297886000, "operatingIncome": 2147000, "totalOtherIncomeExpenseNet": -10990000, "ebit": 2147000, "interestExpense": -10991000, "incomeBeforeTax": -8843000, "incomeTaxExpense": 0, "minorityInterest": {}, "netIncomeFromContinuingOps": -8843000, "discontinuedOperations": {}, "extraordinaryItems": {}, "effectOfAccountingCharges": {}, "otherItems": {}, "netIncome": -8843000, "netIncomeApplicableToCommonShares": -8843000}], "maxAge": 86400}, "cashflowStatementHistoryQuarterly": {"cashflowStatements": [{"maxAge": 1, "endDate": "2020-06-30", "netIncome": -28437000, "changeToLiabilities": 0}, {"maxAge": 1, "endDate": "2020-03-31", "netIncome": -5102000, "changeToLiabilities": 0}, {"maxAge": 1, "endDate": "2019-12-31", "netIncome": -9073000, "changeToLiabilities": 0}, {"maxAge": 1, "endDate": "2019-09-30", "netIncome": -8843000, "changeToLiabilities": 0}], "maxAge": 86400}, "insiderHolders": {"holders": [{"maxAge": 1, "name": "Narayan (Jayaraman Karthik)", "relation": "UNREPORTED", "url": "", "transactionDescription": "Other", "latestTransDate": "2019-05-31", "positionDirect": 676615, "positionDirectDate": "2019-05-31"}], "maxAge": 1}, "calendarEvents": {"maxAge": 1, "earnings": {"earningsDate": ["2020-08-10 05:30:S"]}}, "price": {"maxAge": 1, "regularMarketChangePercent": -0.04852685, "regularMarketChange": -1.3999996, "regularMarketTime": "2021-04-30 12:37:46", "priceHint": 2, "regularMarketPrice": 27.45, "regularMarketDayHigh": 27.5, "regularMarketDayLow": 27.45, "regularMarketVolume": 101, "averageDailyVolume10Day": 414, "averageDailyVolume3Month": 149, "regularMarketPreviousClose": 28.85, "regularMarketSource": "FREE_REALTIME", "regularMarketOpen": 27.5, "exchange": "BSE", "exchangeName": "BSE", "exchangeDataDelayedBy": 0, "marketState": "CLOSED", "quoteType": "EQUITY", "symbol": "MARIS.BO", "underlyingSymbol": null, "shortName": "MARIS SPINNERS LTD.", "longName": "Maris Spinners Limited", "currency": "INR", "quoteSourceName": "Delayed Quote", "currencySymbol": "\u20b9", "fromCurrency": null, "toCurrency": null, "lastMarket": null, "marketCap": 224331296}, "balanceSheetHistory": {"balanceSheetStatements": [{"maxAge": 1, "endDate": "2020-03-31", "cash": 7785000, "netReceivables": 151810000, "inventory": 258217000, "otherCurrentAssets": 1235000, "totalCurrentAssets": 426465000, "longTermInvestments": 731000, "propertyPlantEquipment": 253422000, "otherAssets": 40578000, "deferredLongTermAssetCharges": 5859000, "totalAssets": 721196000, "accountsPayable": 115839000, "otherCurrentLiab": 36427000, "longTermDebt": 61447000, "otherLiab": 1000, "totalCurrentLiabilities": 449005000, "totalLiab": 510453000, "commonStock": 80584000, "retainedEarnings": 88831000, "treasuryStock": 3695000, "capitalSurplus": 37633000, "otherStockholderEquity": 3695000, "totalStockholderEquity": 210743000, "netTangibleAssets": 210743000}, {"maxAge": 1, "endDate": "2019-03-31", "cash": 2738000, "netReceivables": 184446000, "inventory": 386454000, "otherCurrentAssets": 1187000, "totalCurrentAssets": 582662000, "longTermInvestments": 703000, "propertyPlantEquipment": 278877000, "otherAssets": 36658000, "totalAssets": 898900000, "accountsPayable": 188294000, "otherCurrentLiab": 35446000, "longTermDebt": 68599000, "otherLiab": 4378000, "totalCurrentLiabilities": 584958000, "totalLiab": 657935000, "commonStock": 80520000, "retainedEarnings": 119182000, "treasuryStock": 3695000, "capitalSurplus": 37568000, "otherStockholderEquity": 3695000, "totalStockholderEquity": 240965000, "netTangibleAssets": 240965000}, {"maxAge": 1, "endDate": "2018-03-31", "cash": 5163000, "netReceivables": 204341000, "inventory": 370765000, "otherCurrentAssets": 717000, "totalCurrentAssets": 587865000, "longTermInvestments": 667000, "propertyPlantEquipment": 273396000, "otherAssets": 28968000, "totalAssets": 890896000, "accountsPayable": 225280000, "otherCurrentLiab": 33967000, "longTermDebt": 76937000, "otherLiab": 12700000, "totalCurrentLiabilities": 575684000, "totalLiab": 665321000, "commonStock": 80404000, "retainedEarnings": 104023000, "treasuryStock": 3695000, "capitalSurplus": 37453000, "otherStockholderEquity": 3695000, "totalStockholderEquity": 225575000, "netTangibleAssets": 225575000}, {"maxAge": 1, "endDate": "2017-03-31", "cash": 15465000, "netReceivables": 152228000, "inventory": 370065000, "otherCurrentAssets": 593000, "totalCurrentAssets": 544925000, "longTermInvestments": 655000, "propertyPlantEquipment": 305951000, "otherAssets": 75805000, "totalAssets": 927336000, "accountsPayable": 141481000, "otherCurrentLiab": 37828000, "longTermDebt": 106267000, "otherLiab": 18369000, "totalCurrentLiabilities": 577841000, "totalLiab": 702477000, "commonStock": 80403000, "retainedEarnings": 103310000, "treasuryStock": 3695000, "capitalSurplus": 37451000, "otherStockholderEquity": 3695000, "totalStockholderEquity": 224859000, "netTangibleAssets": 224859000}], "maxAge": 86400}, "financialData": {"maxAge": 86400, "currentPrice": 27.45, "recommendationKey": "none", "grossProfits": 411303000, "financialCurrency": "INR"}}}