{"MARKSANS.NS": {"assetProfile": {"address1": "Grandeur", "address2": "11th Floor Opposite Gundecha Symphony, Veera Desai Extension Oshiwara, Andheri (West)", "city": "Mumbai", "zip": "400053", "country": "India", "phone": "91 22 4001 2000", "fax": "91 22 4001 2011", "website": "http://www.marksanspharma.com", "industry": "Drug Manufacturers\u2014General", "sector": "Healthcare", "longBusinessSummary": "Marksans Pharma Limited, together with its subsidiaries, researches, develops, manufactures, markets, distributes, and sells generic pharmaceutical formulations in North America, Europe, the United Kingdom, Australia, New Zealand, and internationally. The company offers products in the analgesic, anti-inflammatory, benign prostatic hyperplasia, epilepsy, hyperparathyroidism, diabetic and antidiabetic, pain management, neurology, antacid, hormonal, antifungal, antiulcerative, cardiovascular and central nervous system, vitamin, cough and cold, dermatology, gastrointestinal, gynecology, cephalosporin, injectable, antibacterial, hypertension, oncology, and antibiotics and anti-allergic therapeutic areas. It also provides contract research and manufacturing services; and develops and out-licenses patented products. The company was incorporated in 1992 and is headquartered in Mumbai, India.", "fullTimeEmployees": 1150, "companyOfficers": [{"maxAge": 1, "name": "Mr. Mark B. Saldanha", "age": 48, "title": "Chairman, MD & CEO", "yearBorn": 1972, "fiscalYear": 2020, "totalPay": 10432320, "exercisedValue": 0, "unexercisedValue": 0}, {"maxAge": 1, "name": "Mr. Jitendra M. Sharma", "age": 51, "title": "Chief Financial Officer", "yearBorn": 1969, "fiscalYear": 2020, "totalPay": 12448380, "exercisedValue": 0, "unexercisedValue": 0}, {"maxAge": 1, "name": "Mr. Supratika  Tripathi", "title": "Director of Operations", "exercisedValue": 0, "unexercisedValue": 0}, {"maxAge": 1, "name": "Mr. Bharatrajan  Ramaswami", "title": "Chief Scientific Officer", "exercisedValue": 0, "unexercisedValue": 0}, {"maxAge": 1, "name": "Mr. Harshavardhan  Panigrahi", "title": "Company Sec., Mang. of Legal & Compliance Officer", "fiscalYear": 2020, "totalPay": 2359308, "exercisedValue": 0, "unexercisedValue": 0}, {"maxAge": 1, "name": "Ms. Sandra  Saldanha", "age": 49, "title": "Whole-Time Director", "yearBorn": 1971, "fiscalYear": 2020, "totalPay": 7029564, "exercisedValue": 0, "unexercisedValue": 0}, {"maxAge": 1, "name": "Mr. Varddhman Vikramaditya Jain", "age": 50, "title": "Whole-Time Director", "yearBorn": 1970, "fiscalYear": 2020, "totalPay": 13749828, "exercisedValue": 0, "unexercisedValue": 0}, {"maxAge": 1, "name": "Mr. Sunil K. Rane", "age": 51, "title": "Sr. VP of QC", "yearBorn": 1969, "exercisedValue": 0, "unexercisedValue": 0}, {"maxAge": 1, "name": "Mr. Sopan  Pisal", "age": 49, "title": "Director of QA", "yearBorn": 1971, "exercisedValue": 0, "unexercisedValue": 0}, {"maxAge": 1, "name": "Mr. Sridhar  Naidu", "age": 41, "title": "Gen. Mang. of HR & Admin", "yearBorn": 1979, "exercisedValue": 0, "unexercisedValue": 0}], "compensationAsOfEpochDate": "2020-12-31 05:30:00", "maxAge": 86400}, "recommendationTrend": {"trend": [{"period": "0m", "strongBuy": 0, "buy": 0, "hold": 0, "sell": 0, "strongSell": 0}, {"period": "-1m", "strongBuy": 0, "buy": 0, "hold": 0, "sell": 0, "strongSell": 0}, {"period": "-2m", "strongBuy": 0, "buy": 0, "hold": 0, "sell": 0, "strongSell": 0}, {"period": "-3m", "strongBuy": 0, "buy": 0, "hold": 0, "sell": 0, "strongSell": 0}], "maxAge": 86400}, "cashflowStatementHistory": {"cashflowStatements": [{"maxAge": 1, "endDate": "2020-03-31", "netIncome": 1207526847, "depreciation": 215713226, "changeToNetincome": 312936466, "changeToAccountReceivables": -667548024, "changeToLiabilities": 373385281, "changeToInventory": 514021467, "changeToOperatingActivities": 137476918, "totalCashFromOperatingActivities": 2099434449, "capitalExpenditures": -596265580, "otherCashflowsFromInvestingActivities": 966745, "totalCashflowsFromInvestingActivities": -595298835, "dividendsPaid": -295032467, "netBorrowings": -463494054, "otherCashflowsFromFinancingActivities": -92951951, "totalCashFromFinancingActivities": -901478472, "changeInCash": 602657142}, {"maxAge": 1, "endDate": "2019-03-31", "netIncome": 804371045, "depreciation": 193528661, "changeToNetincome": 89035722, "changeToAccountReceivables": 3086386, "changeToLiabilities": 90366133, "changeToInventory": -751219537, "changeToOperatingActivities": -160152894, "totalCashFromOperatingActivities": 273950469, "capitalExpenditures": -131465417, "otherCashflowsFromInvestingActivities": -3330435, "totalCashflowsFromInvestingActivities": -134795852, "dividendsPaid": -44441386, "netBorrowings": -66776197, "otherCashflowsFromFinancingActivities": -96553918, "totalCashFromFinancingActivities": -207771501, "changeInCash": -68616884}, {"maxAge": 1, "endDate": "2018-03-31", "netIncome": 358009563, "depreciation": 168910705, "changeToNetincome": 316143820, "changeToAccountReceivables": 706755694, "changeToLiabilities": -842589129, "changeToInventory": -280371735, "changeToOperatingActivities": 53928044, "totalCashFromOperatingActivities": 500916667, "capitalExpenditures": -389351376, "otherCashflowsFromInvestingActivities": 1259007, "totalCashflowsFromInvestingActivities": -388092369, "dividendsPaid": -24632089, "netBorrowings": 170682921, "otherCashflowsFromFinancingActivities": -102202907, "totalCashFromFinancingActivities": 33847925, "changeInCash": 146672223}, {"maxAge": 1, "endDate": "2017-03-31", "netIncome": 113341415, "depreciation": 300929974, "changeToNetincome": -213282564, "changeToAccountReceivables": -302881795, "changeToLiabilities": 429751905, "changeToInventory": -222952056, "changeToOperatingActivities": 35705095, "totalCashFromOperatingActivities": 140611974, "capitalExpenditures": -277488647, "otherCashflowsFromInvestingActivities": 70222020, "totalCashflowsFromInvestingActivities": -207266627, "dividendsPaid": -170519631, "netBorrowings": 218534550, "otherCashflowsFromFinancingActivities": -67752177, "totalCashFromFinancingActivities": -34737258, "changeInCash": -101391911}], "maxAge": 86400}, "indexTrend": {"maxAge": 1, "symbol": "SP5", "peRatio": 19.7411, "pegRatio": 1.34172, "estimates": [{"period": "0q", "growth": 0.549}, {"period": "+1q", "growth": 0.431}, {"period": "0y", "growth": 0.305}, {"period": "+1y", "growth": 0.109}, {"period": "+5y", "growth": 0.120865}, {"period": "-5y"}]}, "defaultKeyStatistics": {"maxAge": 1, "priceHint": 2, "enterpriseValue": 28699015168, "profitMargins": 0.14608, "floatShares": 194784248, "sharesOutstanding": 409313984, "heldPercentInsiders": 0.5145, "heldPercentInstitutions": 0.02165, "beta": 1.297852, "category": null, "bookValue": 17.612, "priceToBook": 4.059732, "fundFamily": null, "legalType": null, "lastFiscalYearEnd": "2020-03-31 05:30:00", "nextFiscalYearEnd": "2022-03-31 05:30:00", "mostRecentQuarter": "2020-12-31 05:30:00", "earningsQuarterlyGrowth": 0.994, "netIncomeToCommon": 2017816832, "trailingEps": 4.968, "lastSplitFactor": "10:1", "lastSplitDate": "2008-03-11 05:30:00", "enterpriseToRevenue": 2.078, "enterpriseToEbitda": 9.684}, "industryTrend": {"maxAge": 1, "symbol": null, "estimates": []}, "quoteType": {"exchange": "NSI", "quoteType": "EQUITY", "symbol": "MARKSANS.NS", "underlyingSymbol": "MARKSANS.NS", "shortName": "MARKSANS PHARMA LT", "longName": "Marksans Pharma Limited", "firstTradeDateEpochUtc": "2002-07-19 09:15:00", "timeZoneFullName": "Asia/Kolkata", "timeZoneShortName": "IST", "uuid": "598d0280-27d3-3399-aeb2-b459d29961e9", "gmtOffSetMilliseconds": 19800000, "maxAge": 1}, "incomeStatementHistory": {"incomeStatementHistory": [{"maxAge": 1, "endDate": "2020-03-31", "totalRevenue": 11342089526, "costOfRevenue": 5531745929, "grossProfit": 5810343597, "researchDevelopment": {}, "sellingGeneralAdministrative": 1785494130, "nonRecurring": {}, "otherOperatingExpenses": 2102330199, "totalOperatingExpenses": 9641205752, "operatingIncome": 1700883774, "totalOtherIncomeExpenseNet": -129166097, "ebit": 1700883774, "interestExpense": -58141455, "incomeBeforeTax": 1571717677, "incomeTaxExpense": 364190830, "minorityInterest": 131101423, "netIncomeFromContinuingOps": 1207526847, "discontinuedOperations": {}, "extraordinaryItems": {}, "effectOfAccountingCharges": {}, "otherItems": {}, "netIncome": 1207526847, "netIncomeApplicableToCommonShares": 1207526847}, {"maxAge": 1, "endDate": "2019-03-31", "totalRevenue": 10000692254, "costOfRevenue": 5081692504, "grossProfit": 4918999750, "researchDevelopment": {}, "sellingGeneralAdministrative": 1658877902, "nonRecurring": {}, "otherOperatingExpenses": 1938734409, "totalOperatingExpenses": 8877768429, "operatingIncome": 1122923825, "totalOtherIncomeExpenseNet": -79857971, "ebit": 1122923825, "interestExpense": -66248443, "incomeBeforeTax": 1043065854, "incomeTaxExpense": 238694809, "minorityInterest": 102168392, "netIncomeFromContinuingOps": 804371045, "discontinuedOperations": {}, "extraordinaryItems": {}, "effectOfAccountingCharges": {}, "otherItems": {}, "netIncome": 804371045, "netIncomeApplicableToCommonShares": 804371045}, {"maxAge": 1, "endDate": "2018-03-31", "totalRevenue": 9126920323, "costOfRevenue": 5323218119, "grossProfit": 3803702204, "researchDevelopment": {}, "sellingGeneralAdministrative": 1533962254, "nonRecurring": {}, "otherOperatingExpenses": 1485368589, "totalOperatingExpenses": 8531589372, "operatingIncome": 595330951, "totalOtherIncomeExpenseNet": -97350047, "ebit": 595330951, "interestExpense": -74205862, "incomeBeforeTax": 497980904, "incomeTaxExpense": 139971341, "minorityInterest": 95494128, "netIncomeFromContinuingOps": 358009563, "discontinuedOperations": {}, "extraordinaryItems": {}, "effectOfAccountingCharges": {}, "otherItems": {}, "netIncome": 358009563, "netIncomeApplicableToCommonShares": 358009563}, {"maxAge": 1, "endDate": "2017-03-31", "totalRevenue": 7671613428, "costOfRevenue": 4688827761, "grossProfit": 2982785667, "researchDevelopment": {}, "sellingGeneralAdministrative": 1546669343, "nonRecurring": {}, "otherOperatingExpenses": 1106924021, "totalOperatingExpenses": 7643351099, "operatingIncome": 28262329, "totalOtherIncomeExpenseNet": 120711360, "ebit": 28262329, "interestExpense": -50143981, "incomeBeforeTax": 148973689, "incomeTaxExpense": 35632274, "minorityInterest": 62473733, "netIncomeFromContinuingOps": 113341415, "discontinuedOperations": {}, "extraordinaryItems": {}, "effectOfAccountingCharges": {}, "otherItems": {}, "netIncome": 113341415, "netIncomeApplicableToCommonShares": 113341415}], "maxAge": 86400}, "fundOwnership": {"ownershipList": [{"maxAge": 1, "reportDate": "2021-01-31", "organization": "DFA Emerging Markets Core Equity Portfolio", "pctHeld": 0.005, "position": 2044659, "value": 113274108}, {"maxAge": 1, "reportDate": "2021-01-31", "organization": "DFA Investment Dimensions-DFA Emerging Mkts Value", "pctHeld": 0.0043, "position": 1741434, "value": 96475443}, {"maxAge": 1, "reportDate": "2021-03-31", "organization": "SPDR Portfolio Emerging Markets ETF", "pctHeld": 0.0039, "position": 1608943, "value": 80366702}, {"maxAge": 1, "reportDate": "2021-01-31", "organization": "DFA Emerging Markets Small Cap Series", "pctHeld": 0.0034, "position": 1386544, "value": 76814537}, {"maxAge": 1, "reportDate": "2021-03-31", "organization": "SPDR (R) Idx Shares-SPDR (R) S&P (R) Emerging Asia Pacific ETF", "pctHeld": 0.00090000004, "position": 361198, "value": 18041840}, {"maxAge": 1, "reportDate": "2021-02-28", "organization": "WisdomTree Tr-WisdomTree India Earnings Fd", "pctHeld": 0.0004, "position": 183092, "value": 10170760}, {"maxAge": 1, "reportDate": "2021-01-31", "organization": "Advisors Inner Circle Fund-Acadian Emerging Markets Port", "pctHeld": 0.0004, "position": 164761, "value": 9127759}, {"maxAge": 1, "reportDate": "2021-01-31", "organization": "DFA T.A. World Ex U.S. Core Equity Portfolio", "pctHeld": 0.0002, "position": 95755, "value": 5304827}, {"maxAge": 1, "reportDate": "2021-03-31", "organization": "SPDR (R) Idx Shares-SPDR (R) Emerging Markets Small Cap ETF", "pctHeld": 0.0002, "position": 93231, "value": 4656888}, {"maxAge": 1, "reportDate": "2021-01-31", "organization": "DFA Investment Dimensions-World Ex U.S. Core Equity Port", "pctHeld": 0.0002, "position": 74161, "value": 4108519}], "maxAge": 1}, "summaryDetail": {"maxAge": 1, "priceHint": 2, "previousClose": 71.5, "open": 70.6, "dayLow": 69.1, "dayHigh": 73.6, "regularMarketPreviousClose": 71.5, "regularMarketOpen": 70.6, "regularMarketDayLow": 69.1, "regularMarketDayHigh": 73.6, "dividendRate": 0.1, "dividendYield": 0.0014, "exDividendDate": "2020-09-22 05:30:00", "payoutRatio": 0.0207, "fiveYearAvgDividendYield": 0.22, "beta": 1.297852, "trailingPE": 14.39211, "volume": 9033186, "regularMarketVolume": 9033186, "averageVolume": 1752661, "averageVolume10days": 1659967, "averageDailyVolume10Day": 1659967, "bid": 0.0, "ask": 0.0, "bidSize": 0, "askSize": 0, "marketCap": 29265950720, "fiftyTwoWeekLow": 16.05, "fiftyTwoWeekHigh": 73.6, "priceToSalesTrailing12Months": 2.1186745, "fiftyDayAverage": 54.40147, "twoHundredDayAverage": 55.405674, "trailingAnnualDividendRate": 0.1, "trailingAnnualDividendYield": 0.0013986015, "currency": "INR", "fromCurrency": null, "lastMarket": null, "algorithm": null, "tradeable": false}, "insiderHolders": {"holders": [{"maxAge": 1, "name": "Pereira (Sebastian)", "relation": "UNREPORTED", "url": "", "transactionDescription": "Sale", "latestTransDate": "2015-08-14", "positionDirect": 35858, "positionDirectDate": "2015-08-14"}, {"maxAge": 1, "name": "Saldanha (Mark B.)", "relation": "Non Independent Chairman Of The Board", "url": "", "transactionDescription": "Acquisition", "latestTransDate": "2013-08-01", "positionDirect": 197491553, "positionDirectDate": "2013-08-01"}, {"maxAge": 1, "name": "Trehon (Harsh)", "relation": "UNREPORTED", "url": "", "transactionDescription": "Sale", "latestTransDate": "2016-09-20", "positionDirect": 0, "positionDirectDate": "2016-09-20"}, {"maxAge": 1, "name": "Wadhwa (Geetali N)", "relation": "UNREPORTED", "url": "", "transactionDescription": "Acquisition", "latestTransDate": "2014-06-04", "positionDirect": 909689, "positionDirectDate": "2014-06-04"}, {"maxAge": 1, "name": "Wadhwa (Naresh B)", "relation": "Director", "url": "", "transactionDescription": "Acquisition", "latestTransDate": "2014-03-21", "positionDirect": 749883, "positionDirectDate": "2014-03-21"}], "maxAge": 1}, "calendarEvents": {"maxAge": 1, "earnings": {"earningsDate": []}, "exDividendDate": "2020-09-22 05:30:00"}, "upgradeDowngradeHistory": {"history": [], "maxAge": 86400}, "price": {"maxAge": 1, "regularMarketChangePercent": 0.0, "regularMarketChange": 0.0, "regularMarketTime": "2021-04-30 15:30:01", "priceHint": 2, "regularMarketPrice": 71.5, "regularMarketDayHigh": 73.6, "regularMarketDayLow": 69.1, "regularMarketVolume": 9033186, "averageDailyVolume10Day": 1659967, "averageDailyVolume3Month": 1752661, "regularMarketPreviousClose": 71.5, "regularMarketSource": "FREE_REALTIME", "regularMarketOpen": 70.6, "exchange": "NSI", "exchangeName": "NSE", "exchangeDataDelayedBy": 15, "marketState": "CLOSED", "quoteType": "EQUITY", "symbol": "MARKSANS.NS", "underlyingSymbol": null, "shortName": "MARKSANS PHARMA LT", "longName": "Marksans Pharma Limited", "currency": "INR", "quoteSourceName": "Delayed Quote", "currencySymbol": "\u20b9", "fromCurrency": null, "lastMarket": null, "marketCap": 29265950720}, "balanceSheetHistory": {"balanceSheetStatements": [{"maxAge": 1, "endDate": "2020-03-31", "cash": 937270861, "netReceivables": 2433517408, "inventory": 2418439338, "otherCurrentAssets": 112646056, "totalCurrentAssets": 5901873663, "propertyPlantEquipment": 2300136479, "goodWill": 243757750, "intangibleAssets": 483267243, "otherAssets": 39366207, "deferredLongTermAssetCharges": 6341730, "totalAssets": 8968401342, "accountsPayable": 1045010413, "shortLongTermDebt": 458242, "otherCurrentLiab": 885075604, "longTermDebt": 50000000, "otherLiab": 122684200, "minorityInterest": 131101423, "totalCurrentLiabilities": 2196857823, "totalLiab": 2477157382, "commonStock": 409313698, "retainedEarnings": 3988456997, "treasuryStock": 211054514, "capitalSurplus": 1751317328, "otherStockholderEquity": 211054514, "totalStockholderEquity": 6360142537, "netTangibleAssets": 5633117544}, {"maxAge": 1, "endDate": "2019-03-31", "cash": 335384697, "netReceivables": 1836196795, "inventory": 2932460805, "otherCurrentAssets": 210376827, "totalCurrentAssets": 5314419124, "propertyPlantEquipment": 1980820855, "goodWill": 314499178, "intangibleAssets": 401942555, "otherAssets": 25401814, "deferredLongTermAssetCharges": 12481853, "totalAssets": 8037083526, "accountsPayable": 1060692017, "shortLongTermDebt": 3078115, "otherCurrentLiab": 185783039, "longTermDebt": 100000000, "otherLiab": 83850350, "minorityInterest": 102168392, "totalCurrentLiabilities": 2326241598, "totalLiab": 2510091948, "commonStock": 409313698, "retainedEarnings": 3167149126, "treasuryStock": 97043034, "capitalSurplus": 1751317328, "otherStockholderEquity": 97043034, "totalStockholderEquity": 5424823186, "netTangibleAssets": 4708381453}, {"maxAge": 1, "endDate": "2018-03-31", "cash": 398768569, "netReceivables": 1825979538, "inventory": 2181241268, "otherCurrentAssets": 99377728, "totalCurrentAssets": 4505367103, "propertyPlantEquipment": 1863685031, "goodWill": 617487033, "intangibleAssets": 312602816, "otherAssets": 22710364, "deferredLongTermAssetCharges": 14544330, "totalAssets": 7321852347, "accountsPayable": 778282714, "shortLongTermDebt": 5488800, "otherCurrentLiab": 312639401, "longTermDebt": 100000000, "otherLiab": 70915719, "minorityInterest": 95494128, "totalCurrentLiabilities": 2346796439, "totalLiab": 2517712158, "commonStock": 409313698, "retainedEarnings": 2446663731, "treasuryStock": 101351304, "capitalSurplus": 1751317328, "otherStockholderEquity": 101351304, "totalStockholderEquity": 4708646061, "netTangibleAssets": 3778556212}, {"maxAge": 1, "endDate": "2017-03-31", "cash": 251621433, "netReceivables": 2475811464, "inventory": 1900869534, "otherCurrentAssets": 210523869, "totalCurrentAssets": 4838826300, "propertyPlantEquipment": 1648623952, "goodWill": 696829310, "intangibleAssets": 327897972, "otherAssets": 5880898, "totalAssets": 7518058432, "accountsPayable": 1617840760, "otherCurrentLiab": 178959708, "longTermDebt": 110000000, "otherLiab": 50676973, "minorityInterest": 62473733, "totalCurrentLiabilities": 2960583044, "totalLiab": 3121260017, "commonStock": 409313698, "retainedEarnings": 2150671228, "treasuryStock": 23022428, "capitalSurplus": 1751317328, "otherStockholderEquity": 23022428, "totalStockholderEquity": 4334324682, "netTangibleAssets": 3309597400}], "maxAge": 86400}, "earningsTrend": {"trend": [{"maxAge": 1, "period": "0q", "endDate": null, "growth": {}, "earningsEstimate": {"avg": 0.0, "low": 0.0, "high": 0.0, "yearAgoEps": {}, "numberOfAnalysts": 0, "growth": {}}, "revenueEstimate": {"avg": 0, "low": 0, "high": 0, "numberOfAnalysts": 0, "yearAgoRevenue": {}, "growth": {}}, "epsTrend": {"current": 0.0, "7daysAgo": 0.0, "30daysAgo": 0.0, "60daysAgo": 0.0, "90daysAgo": 0.0}, "epsRevisions": {"upLast7days": 0, "upLast30days": 0, "downLast30days": 0, "downLast90days": {}}}, {"maxAge": 1, "period": "+1q", "endDate": null, "growth": {}, "earningsEstimate": {"avg": 0.0, "low": 0.0, "high": 0.0, "yearAgoEps": {}, "numberOfAnalysts": 0, "growth": {}}, "revenueEstimate": {"avg": 0, "low": 0, "high": 0, "numberOfAnalysts": 0, "yearAgoRevenue": {}, "growth": {}}, "epsTrend": {"current": 0.0, "7daysAgo": 0.0, "30daysAgo": 0.0, "60daysAgo": 0.0, "90daysAgo": 0.0}, "epsRevisions": {"upLast7days": 0, "upLast30days": 0, "downLast30days": 0, "downLast90days": {}}}, {"maxAge": 1, "period": "0y", "endDate": null, "growth": {}, "earningsEstimate": {"avg": 0.0, "low": 0.0, "high": 0.0, "yearAgoEps": {}, "numberOfAnalysts": 0, "growth": {}}, "revenueEstimate": {"avg": 0, "low": 0, "high": 0, "numberOfAnalysts": 0, "yearAgoRevenue": {}, "growth": {}}, "epsTrend": {"current": 0.0, "7daysAgo": 0.0, "30daysAgo": 0.0, "60daysAgo": 0.0, "90daysAgo": 0.0}, "epsRevisions": {"upLast7days": 0, "upLast30days": 0, "downLast30days": 0, "downLast90days": {}}}, {"maxAge": 1, "period": "+1y", "endDate": null, "growth": {}, "earningsEstimate": {"avg": 0.0, "low": 0.0, "high": 0.0, "yearAgoEps": {}, "numberOfAnalysts": 0, "growth": {}}, "revenueEstimate": {"avg": 0, "low": 0, "high": 0, "numberOfAnalysts": 0, "yearAgoRevenue": {}, "growth": {}}, "epsTrend": {"current": 0.0, "7daysAgo": 0.0, "30daysAgo": 0.0, "60daysAgo": 0.0, "90daysAgo": 0.0}, "epsRevisions": {"upLast7days": 0, "upLast30days": 0, "downLast30days": 0, "downLast90days": {}}}, {"maxAge": 1, "period": "+5y", "endDate": null, "growth": {}, "earningsEstimate": {"avg": {}, "low": {}, "high": {}, "yearAgoEps": {}, "numberOfAnalysts": {}, "growth": {}}, "revenueEstimate": {"avg": {}, "low": {}, "high": {}, "numberOfAnalysts": {}, "yearAgoRevenue": {}, "growth": {}}, "epsTrend": {"current": {}, "7daysAgo": {}, "30daysAgo": {}, "60daysAgo": {}, "90daysAgo": {}}, "epsRevisions": {"upLast7days": {}, "upLast30days": {}, "downLast30days": {}, "downLast90days": {}}}, {"maxAge": 1, "period": "-5y", "endDate": null, "growth": -0.4366, "earningsEstimate": {"avg": {}, "low": {}, "high": {}, "yearAgoEps": {}, "numberOfAnalysts": {}, "growth": {}}, "revenueEstimate": {"avg": {}, "low": {}, "high": {}, "numberOfAnalysts": {}, "yearAgoRevenue": {}, "growth": {}}, "epsTrend": {"current": {}, "7daysAgo": {}, "30daysAgo": {}, "60daysAgo": {}, "90daysAgo": {}}, "epsRevisions": {"upLast7days": {}, "upLast30days": {}, "downLast30days": {}, "downLast90days": {}}}], "maxAge": 1}, "institutionOwnership": {"ownershipList": [], "maxAge": 1}, "majorHoldersBreakdown": {"maxAge": 1, "insidersPercentHeld": 0.5145, "institutionsPercentHeld": 0.02165, "institutionsFloatPercentHeld": 0.0446, "institutionsCount": 11}, "balanceSheetHistoryQuarterly": {"balanceSheetStatements": [{"maxAge": 1, "endDate": "2020-12-31", "totalStockholderEquity": 7384390000, "netTangibleAssets": 6686230000}, {"maxAge": 1, "endDate": "2020-09-30", "cash": 1543940000, "netReceivables": 2936530000, "inventory": 2769990000, "otherCurrentAssets": 217410000, "totalCurrentAssets": 7467870000, "propertyPlantEquipment": 2328120000, "intangibleAssets": 698160000, "otherAssets": 41350000, "deferredLongTermAssetCharges": 5370000, "totalAssets": 10535500000, "accountsPayable": 1734290000, "otherCurrentLiab": 751270000, "longTermDebt": 50000000, "otherLiab": 100130000, "minorityInterest": 166610000, "totalCurrentLiabilities": 2704600000, "totalLiab": 2984500000, "commonStock": 409310000, "treasuryStock": 6975080000, "otherStockholderEquity": 6975080000, "totalStockholderEquity": 7384390000, "netTangibleAssets": 6686230000}, {"maxAge": 1, "endDate": "2020-06-30", "totalStockholderEquity": 6360140000, "netTangibleAssets": 5533740000}, {"maxAge": 1, "endDate": "2020-03-31", "cash": 937270861, "netReceivables": 2433517408, "inventory": 2418439338, "otherCurrentAssets": 112646056, "totalCurrentAssets": 5901873663, "propertyPlantEquipment": 2300136479, "goodWill": 243757750, "intangibleAssets": 483267243, "otherAssets": 39366207, "deferredLongTermAssetCharges": 6341730, "totalAssets": 8968401342, "accountsPayable": 1045010413, "shortLongTermDebt": 458242, "otherCurrentLiab": 885075604, "longTermDebt": 50000000, "otherLiab": 122684200, "minorityInterest": 131101423, "totalCurrentLiabilities": 2196857823, "totalLiab": 2477157382, "commonStock": 409313698, "retainedEarnings": 3988456997, "treasuryStock": 211054514, "capitalSurplus": 1751317328, "otherStockholderEquity": 211054514, "totalStockholderEquity": 6360142537, "netTangibleAssets": 5633117544}], "maxAge": 86400}, "earningsHistory": {"history": [{"maxAge": 1, "epsActual": {}, "epsEstimate": {}, "epsDifference": {}, "surprisePercent": {}, "quarter": {}, "period": "-4q"}, {"maxAge": 1, "epsActual": {}, "epsEstimate": {}, "epsDifference": {}, "surprisePercent": {}, "quarter": {}, "period": "-3q"}, {"maxAge": 1, "epsActual": {}, "epsEstimate": {}, "epsDifference": {}, "surprisePercent": {}, "quarter": {}, "period": "-2q"}, {"maxAge": 1, "epsActual": {}, "epsEstimate": {}, "epsDifference": {}, "surprisePercent": {}, "quarter": {}, "period": "-1q"}], "maxAge": 86400}, "summaryProfile": {"address1": "Grandeur", "address2": "11th Floor Opposite Gundecha Symphony, Veera Desai Extension Oshiwara, Andheri (West)", "city": "Mumbai", "zip": "400053", "country": "India", "phone": "91 22 4001 2000", "fax": "91 22 4001 2011", "website": "http://www.marksanspharma.com", "industry": "Drug Manufacturers\u2014General", "sector": "Healthcare", "longBusinessSummary": "Marksans Pharma Limited, together with its subsidiaries, researches, develops, manufactures, markets, distributes, and sells generic pharmaceutical formulations in North America, Europe, the United Kingdom, Australia, New Zealand, and internationally. The company offers products in the analgesic, anti-inflammatory, benign prostatic hyperplasia, epilepsy, hyperparathyroidism, diabetic and antidiabetic, pain management, neurology, antacid, hormonal, antifungal, antiulcerative, cardiovascular and central nervous system, vitamin, cough and cold, dermatology, gastrointestinal, gynecology, cephalosporin, injectable, antibacterial, hypertension, oncology, and antibiotics and anti-allergic therapeutic areas. It also provides contract research and manufacturing services; and develops and out-licenses patented products. The company was incorporated in 1992 and is headquartered in Mumbai, India.", "fullTimeEmployees": 1150, "companyOfficers": [], "maxAge": 86400}, "netSharePurchaseActivity": {"maxAge": 1, "period": "6m", "buyInfoCount": 0, "buyInfoShares": 0, "sellInfoCount": 0, "netInfoCount": 0, "netInfoShares": 0, "netPercentInsiderShares": 0.0, "totalInsiderShares": 213553744}, "insiderTransactions": {"transactions": [{"maxAge": 1, "shares": 69900, "filerUrl": "", "transactionText": "", "filerName": "Trehon (Harsh)", "filerRelation": "UNREPORTED", "moneyText": "", "startDate": "2016-09-20", "ownership": "D"}, {"maxAge": 1, "shares": 5100, "filerUrl": "", "transactionText": "", "filerName": "Pereira (Sebastian)", "filerRelation": "UNREPORTED", "moneyText": "", "startDate": "2015-08-14", "ownership": "D"}, {"maxAge": 1, "shares": 100, "filerUrl": "", "transactionText": "", "filerName": "Pereira (Sebastian)", "filerRelation": "UNREPORTED", "moneyText": "", "startDate": "2015-08-07", "ownership": "D"}, {"maxAge": 1, "shares": 2800, "filerUrl": "", "transactionText": "", "filerName": "Pereira (Sebastian)", "filerRelation": "UNREPORTED", "moneyText": "", "startDate": "2015-07-31", "ownership": "D"}, {"maxAge": 1, "shares": 5000, "filerUrl": "", "transactionText": "", "filerName": "Pereira (Sebastian)", "filerRelation": "UNREPORTED", "moneyText": "", "startDate": "2015-07-10", "ownership": "D"}, {"maxAge": 1, "shares": 275000, "filerUrl": "", "transactionText": "", "filerName": "Wadhwa (Geetali N)", "filerRelation": "UNREPORTED", "moneyText": "", "startDate": "2014-06-04", "ownership": "D"}, {"maxAge": 1, "shares": 50000, "filerUrl": "", "transactionText": "", "filerName": "Wadhwa (Naresh B)", "filerRelation": "Director", "moneyText": "", "startDate": "2014-03-21", "ownership": "D"}, {"maxAge": 1, "shares": 634689, "filerUrl": "", "transactionText": "", "filerName": "Wadhwa (Geetali N)", "filerRelation": "UNREPORTED", "moneyText": "", "startDate": "2013-10-31", "ownership": "D"}, {"maxAge": 1, "shares": 699883, "filerUrl": "", "transactionText": "", "filerName": "Wadhwa (Naresh B)", "filerRelation": "Director", "moneyText": "", "startDate": "2013-10-31", "ownership": "D"}, {"maxAge": 1, "shares": 26600, "filerUrl": "", "transactionText": "", "filerName": "Saldanha (Mark B.)", "filerRelation": "Non Independent Chairman Of The Board", "moneyText": "", "startDate": "2013-08-01", "ownership": "D"}, {"maxAge": 1, "shares": 55700, "filerUrl": "", "transactionText": "", "filerName": "Saldanha (Mark B.)", "filerRelation": "Non Independent Chairman Of The Board", "moneyText": "", "startDate": "2013-07-01", "ownership": "D"}, {"maxAge": 1, "shares": 105018, "filerUrl": "", "transactionText": "", "filerName": "Saldanha (Mark B.)", "filerRelation": "Non Independent Chairman Of The Board", "moneyText": "", "startDate": "2013-06-28", "ownership": "D"}, {"maxAge": 1, "shares": 204390, "filerUrl": "", "transactionText": "", "filerName": "Saldanha (Mark B.)", "filerRelation": "Non Independent Chairman Of The Board", "moneyText": "", "startDate": "2013-04-17", "ownership": "D"}, {"maxAge": 1, "shares": 225856, "filerUrl": "", "transactionText": "", "filerName": "Saldanha (Mark B.)", "filerRelation": "Non Independent Chairman Of The Board", "moneyText": "", "startDate": "2013-04-10", "ownership": "D"}, {"maxAge": 1, "shares": 105500, "filerUrl": "", "transactionText": "", "filerName": "Saldanha (Mark B.)", "filerRelation": "Non Independent Chairman Of The Board", "moneyText": "", "startDate": "2013-04-08", "ownership": "D"}, {"maxAge": 1, "shares": 95709, "filerUrl": "", "transactionText": "", "filerName": "Saldanha (Mark B.)", "filerRelation": "Non Independent Chairman Of The Board", "moneyText": "", "startDate": "2013-04-05", "ownership": "D"}, {"maxAge": 1, "shares": 140270, "filerUrl": "", "transactionText": "", "filerName": "Saldanha (Mark B.)", "filerRelation": "Non Independent Chairman Of The Board", "moneyText": "", "startDate": "2013-03-25", "ownership": "D"}, {"maxAge": 1, "shares": 192000, "filerUrl": "", "transactionText": "", "filerName": "Saldanha (Mark B.)", "filerRelation": "Non Independent Chairman Of The Board", "moneyText": "", "startDate": "2013-03-22", "ownership": "D"}, {"maxAge": 1, "shares": 296100, "filerUrl": "", "transactionText": "", "filerName": "Saldanha (Mark B.)", "filerRelation": "Non Independent Chairman Of The Board", "moneyText": "", "startDate": "2013-03-21", "ownership": "D"}, {"maxAge": 1, "shares": 271000, "filerUrl": "", "transactionText": "", "filerName": "Saldanha (Mark B.)", "filerRelation": "Non Independent Chairman Of The Board", "moneyText": "", "startDate": "2013-03-20", "ownership": "D"}, {"maxAge": 1, "shares": 290500, "filerUrl": "", "transactionText": "", "filerName": "Saldanha (Mark B.)", "filerRelation": "Non Independent Chairman Of The Board", "moneyText": "", "startDate": "2013-03-19", "ownership": "D"}, {"maxAge": 1, "shares": 17500000, "filerUrl": "", "transactionText": "", "filerName": "Saldanha (Mark B.)", "filerRelation": "Non Independent Chairman Of The Board", "moneyText": "", "startDate": "2012-12-17", "ownership": "D"}], "maxAge": 1}, "sectorTrend": {"maxAge": 1, "symbol": null, "estimates": []}, "incomeStatementHistoryQuarterly": {"incomeStatementHistory": [{"maxAge": 1, "endDate": "2020-12-31", "totalRevenue": 3583630000, "costOfRevenue": 1414410000, "grossProfit": 2169220000, "researchDevelopment": {}, "sellingGeneralAdministrative": 478560000, "nonRecurring": {}, "otherOperatingExpenses": 780070000, "totalOperatingExpenses": 2758810000, "operatingIncome": 824820000, "totalOtherIncomeExpenseNet": -48430000, "ebit": 824820000, "interestExpense": -16750000, "incomeBeforeTax": 776390000, "incomeTaxExpense": 186990000, "minorityInterest": {}, "netIncomeFromContinuingOps": 589400000, "discontinuedOperations": {}, "extraordinaryItems": {}, "effectOfAccountingCharges": {}, "otherItems": {}, "netIncome": 589400000, "netIncomeApplicableToCommonShares": 589400000}, {"maxAge": 1, "endDate": "2020-09-30", "totalRevenue": 3564690000, "costOfRevenue": 1636890000, "grossProfit": 1927800000, "researchDevelopment": {}, "sellingGeneralAdministrative": 438780000, "nonRecurring": {}, "otherOperatingExpenses": 657460000, "totalOperatingExpenses": 2923050000, "operatingIncome": 641640000, "totalOtherIncomeExpenseNet": 17340000, "ebit": 641640000, "interestExpense": -19340000, "incomeBeforeTax": 658980000, "incomeTaxExpense": 151640000, "minorityInterest": 166610000, "netIncomeFromContinuingOps": 507340000, "discontinuedOperations": {}, "extraordinaryItems": {}, "effectOfAccountingCharges": {}, "otherItems": {}, "netIncome": 507340000, "netIncomeApplicableToCommonShares": 507340000}, {"maxAge": 1, "endDate": "2020-06-30", "totalRevenue": 3311520000, "costOfRevenue": 1395670000, "grossProfit": 1915850000, "researchDevelopment": {}, "sellingGeneralAdministrative": 427030000, "nonRecurring": {}, "otherOperatingExpenses": 788630000, "totalOperatingExpenses": 2683820000, "operatingIncome": 627700000, "totalOtherIncomeExpenseNet": -13680000, "ebit": 627700000, "interestExpense": -15500000, "incomeBeforeTax": 614020000, "incomeTaxExpense": 120370000, "minorityInterest": 166610000, "netIncomeFromContinuingOps": 493650000, "discontinuedOperations": {}, "extraordinaryItems": {}, "effectOfAccountingCharges": {}, "otherItems": {}, "netIncome": 493650000, "netIncomeApplicableToCommonShares": 493650000}, {"maxAge": 1, "endDate": "2020-03-31", "totalRevenue": 3353489526, "costOfRevenue": 1561075929, "grossProfit": 1792413597, "researchDevelopment": {}, "sellingGeneralAdministrative": 563134130, "nonRecurring": {}, "otherOperatingExpenses": 537280199, "totalOperatingExpenses": 2712765752, "operatingIncome": 640723774, "totalOtherIncomeExpenseNet": -65076097, "ebit": 640723774, "interestExpense": -15500000, "incomeBeforeTax": 575647677, "incomeTaxExpense": 148220830, "minorityInterest": 131101423, "netIncomeFromContinuingOps": 427426847, "discontinuedOperations": {}, "extraordinaryItems": {}, "effectOfAccountingCharges": {}, "otherItems": {}, "netIncome": 427426847, "netIncomeApplicableToCommonShares": 427426847}], "maxAge": 86400}, "cashflowStatementHistoryQuarterly": {"cashflowStatements": [{"maxAge": 1, "endDate": "2020-12-31", "netIncome": 589400000, "changeToLiabilities": 0}, {"maxAge": 1, "endDate": "2020-09-30", "netIncome": 507340000, "changeToLiabilities": 0}, {"maxAge": 1, "endDate": "2020-06-30", "netIncome": 493650000, "changeToLiabilities": 0}, {"maxAge": 1, "endDate": "2020-03-31", "netIncome": 427426847, "changeToLiabilities": 0}], "maxAge": 86400}, "earnings": {"maxAge": 86400, "earningsChart": {"quarterly": [], "earningsDate": []}, "financialsChart": {"yearly": [{"date": 2017, "revenue": 7671613428, "earnings": 113341415}, {"date": 2018, "revenue": 9126920323, "earnings": 358009563}, {"date": 2019, "revenue": 10000692254, "earnings": 804371045}, {"date": 2020, "revenue": 11342089526, "earnings": 1207526847}], "quarterly": [{"date": "1Q2020", "revenue": 3353489526, "earnings": 427426847}, {"date": "2Q2020", "revenue": 3311520000, "earnings": 493650000}, {"date": "3Q2020", "revenue": 3564690000, "earnings": 507340000}, {"date": "4Q2020", "revenue": 3583630000, "earnings": 589400000}]}, "financialCurrency": "INR"}, "financialData": {"maxAge": 86400, "currentPrice": 71.5, "targetHighPrice": 31.0, "targetLowPrice": 31.0, "targetMeanPrice": 31.0, "targetMedianPrice": 31.0, "recommendationMean": 2.0, "recommendationKey": "buy", "numberOfAnalystOpinions": 1, "totalCash": 1543939968, "totalCashPerShare": 3.72, "ebitda": 2963529984, "totalDebt": 398809984, "totalRevenue": 13813329920, "debtToEquity": 5.282, "revenuePerShare": 34.007, "grossProfits": 5810343597, "earningsGrowth": 1.0, "revenueGrowth": 0.246, "grossMargins": 0.56505, "ebitdaMargins": 0.21454, "operatingMargins": 0.19799, "profitMargins": 0.14608, "financialCurrency": "INR"}}}