{"MARKSANS.BO": {"recommendationTrend": {"trend": [{"period": "0m", "strongBuy": 0, "buy": 0, "hold": 0, "sell": 0, "strongSell": 0}, {"period": "-1m", "strongBuy": 0, "buy": 0, "hold": 0, "sell": 0, "strongSell": 0}, {"period": "-2m", "strongBuy": 0, "buy": 0, "hold": 0, "sell": 0, "strongSell": 0}, {"period": "-3m", "strongBuy": 0, "buy": 0, "hold": 0, "sell": 0, "strongSell": 0}], "maxAge": 86400}, "cashflowStatementHistory": {"cashflowStatements": [{"maxAge": 1, "endDate": "2020-03-31", "netIncome": 1207526847, "depreciation": 215713226, "changeToNetincome": 312936466, "changeToAccountReceivables": -667548024, "changeToLiabilities": 373385281, "changeToInventory": 514021467, "changeToOperatingActivities": 137476918, "totalCashFromOperatingActivities": 2099434449, "capitalExpenditures": -596265580, "otherCashflowsFromInvestingActivities": 966745, "totalCashflowsFromInvestingActivities": -595298835, "dividendsPaid": -295032467, "netBorrowings": -463494054, "otherCashflowsFromFinancingActivities": -92951951, "totalCashFromFinancingActivities": -901478472, "changeInCash": 602657142}, {"maxAge": 1, "endDate": "2019-03-31", "netIncome": 804371045, "depreciation": 193528661, "changeToNetincome": 89035722, "changeToAccountReceivables": 3086386, "changeToLiabilities": 90366133, "changeToInventory": -751219537, "changeToOperatingActivities": -160152894, "totalCashFromOperatingActivities": 273950469, "capitalExpenditures": -131465417, "otherCashflowsFromInvestingActivities": -3330435, "totalCashflowsFromInvestingActivities": -134795852, "dividendsPaid": -44441386, "netBorrowings": -66776197, "otherCashflowsFromFinancingActivities": -96553918, "totalCashFromFinancingActivities": -207771501, "changeInCash": -68616884}, {"maxAge": 1, "endDate": "2018-03-31", "netIncome": 358009563, "depreciation": 168910705, "changeToNetincome": 316143820, "changeToAccountReceivables": 706755694, "changeToLiabilities": -842589129, "changeToInventory": -280371735, "changeToOperatingActivities": 53928044, "totalCashFromOperatingActivities": 500916667, "capitalExpenditures": -389351376, "otherCashflowsFromInvestingActivities": 1259007, "totalCashflowsFromInvestingActivities": -388092369, "dividendsPaid": -24632089, "netBorrowings": 170682921, "otherCashflowsFromFinancingActivities": -102202907, "totalCashFromFinancingActivities": 33847925, "changeInCash": 146672223}, {"maxAge": 1, "endDate": "2017-03-31", "netIncome": 113341415, "depreciation": 300929974, "changeToNetincome": -213282564, "changeToAccountReceivables": -302881795, "changeToLiabilities": 429751905, "changeToInventory": -222952056, "changeToOperatingActivities": 35705095, "totalCashFromOperatingActivities": 140611974, "capitalExpenditures": -277488647, "otherCashflowsFromInvestingActivities": 70222020, "totalCashflowsFromInvestingActivities": -207266627, "dividendsPaid": -170519631, "netBorrowings": 218534550, "otherCashflowsFromFinancingActivities": -67752177, "totalCashFromFinancingActivities": -34737258, "changeInCash": -101391911}], "maxAge": 86400}, "institutionOwnership": {"maxAge": 1, "ownershipList": []}, "balanceSheetHistoryQuarterly": {"balanceSheetStatements": [{"maxAge": 1, "endDate": "2020-06-30", "totalStockholderEquity": 6360140000, "netTangibleAssets": 5533740000}, {"maxAge": 1, "endDate": "2020-03-31", "cash": 937270861, "netReceivables": 2433517408, "inventory": 2418439338, "otherCurrentAssets": 112646056, "totalCurrentAssets": 5901873663, "propertyPlantEquipment": 2300136479, "goodWill": 243757750, "intangibleAssets": 483267243, "otherAssets": 39366207, "deferredLongTermAssetCharges": 6341730, "totalAssets": 8968401342, "accountsPayable": 1045010413, "shortLongTermDebt": 458242, "otherCurrentLiab": 885075604, "longTermDebt": 50000000, "otherLiab": 122684200, "minorityInterest": 131101423, "totalCurrentLiabilities": 2196857823, "totalLiab": 2477157382, "commonStock": 409313698, "retainedEarnings": 3988456997, "treasuryStock": 211054514, "capitalSurplus": 1751317328, "otherStockholderEquity": 211054514, "totalStockholderEquity": 6360142537, "netTangibleAssets": 5633117544}, {"maxAge": 1, "endDate": "2019-12-31", "totalStockholderEquity": 5870950000, "netTangibleAssets": 5102660000}, {"maxAge": 1, "endDate": "2019-09-30", "cash": 473020000, "shortTermInvestments": 4530000, "netReceivables": 2190840000, "inventory": 2343580000, "otherCurrentAssets": 208290000, "totalCurrentAssets": 5220260000, "propertyPlantEquipment": 2044140000, "intangibleAssets": 768290000, "otherAssets": 45590000, "deferredLongTermAssetCharges": 25380000, "totalAssets": 8078280000, "accountsPayable": 665720000, "otherCurrentLiab": 440540000, "longTermDebt": 100000000, "otherLiab": 149500000, "minorityInterest": 115710000, "totalCurrentLiabilities": 1842120000, "totalLiab": 2091620000, "commonStock": 409310000, "treasuryStock": 5461640000, "otherStockholderEquity": 5461640000, "totalStockholderEquity": 5870950000, "netTangibleAssets": 5102660000}], "maxAge": 86400}, "earningsHistory": {"history": [{"maxAge": 1, "epsActual": {}, "epsEstimate": {}, "epsDifference": {}, "surprisePercent": {}, "quarter": {}, "period": "-4q"}, {"maxAge": 1, "epsActual": {}, "epsEstimate": {}, "epsDifference": {}, "surprisePercent": {}, "quarter": {}, "period": "-3q"}, {"maxAge": 1, "epsActual": {}, "epsEstimate": {}, "epsDifference": {}, "surprisePercent": {}, "quarter": {}, "period": "-2q"}, {"maxAge": 1, "epsActual": {}, "epsEstimate": {}, "epsDifference": {}, "surprisePercent": {}, "quarter": {}, "period": "-1q"}], "maxAge": 86400}, "indexTrend": {"maxAge": 1, "symbol": "SP5", "peRatio": 19.7411, "pegRatio": 1.34172, "estimates": [{"period": "0q", "growth": 0.549}, {"period": "+1q", "growth": 0.431}, {"period": "0y", "growth": 0.305}, {"period": "+1y", "growth": 0.109}, {"period": "+5y", "growth": 0.120865}, {"period": "-5y"}]}, "industryTrend": {"maxAge": 1, "symbol": null, "estimates": []}, "insiderTransactions": {"transactions": [{"maxAge": 1, "shares": 69900, "filerUrl": "", "transactionText": "", "filerName": "Trehon (Harsh)", "filerRelation": "UNREPORTED", "moneyText": "", "startDate": "2016-09-20", "ownership": "D"}, {"maxAge": 1, "shares": 5100, "filerUrl": "", "transactionText": "", "filerName": "Pereira (Sebastian)", "filerRelation": "UNREPORTED", "moneyText": "", "startDate": "2015-08-14", "ownership": "D"}, {"maxAge": 1, "shares": 100, "filerUrl": "", "transactionText": "", "filerName": "Pereira (Sebastian)", "filerRelation": "UNREPORTED", "moneyText": "", "startDate": "2015-08-07", "ownership": "D"}, {"maxAge": 1, "shares": 2800, "filerUrl": "", "transactionText": "", "filerName": "Pereira (Sebastian)", "filerRelation": "UNREPORTED", "moneyText": "", "startDate": "2015-07-31", "ownership": "D"}, {"maxAge": 1, "shares": 5000, "filerUrl": "", "transactionText": "", "filerName": "Pereira (Sebastian)", "filerRelation": "UNREPORTED", "moneyText": "", "startDate": "2015-07-10", "ownership": "D"}, {"maxAge": 1, "shares": 275000, "filerUrl": "", "transactionText": "", "filerName": "Wadhwa (Geetali N)", "filerRelation": "UNREPORTED", "moneyText": "", "startDate": "2014-06-04", "ownership": "D"}, {"maxAge": 1, "shares": 50000, "filerUrl": "", "transactionText": "", "filerName": "Wadhwa (Naresh B)", "filerRelation": "Director", "moneyText": "", "startDate": "2014-03-21", "ownership": "D"}, {"maxAge": 1, "shares": 699883, "filerUrl": "", "transactionText": "", "filerName": "Wadhwa (Naresh B)", "filerRelation": "Director", "moneyText": "", "startDate": "2013-10-31", "ownership": "D"}, {"maxAge": 1, "shares": 634689, "filerUrl": "", "transactionText": "", "filerName": "Wadhwa (Geetali N)", "filerRelation": "UNREPORTED", "moneyText": "", "startDate": "2013-10-31", "ownership": "D"}, {"maxAge": 1, "shares": 26600, "filerUrl": "", "transactionText": "", "filerName": "Saldanha (Mark B.)", "filerRelation": "Non Independent Chairman Of The Board", "moneyText": "", "startDate": "2013-08-01", "ownership": "D"}, {"maxAge": 1, "shares": 55700, "filerUrl": "", "transactionText": "", "filerName": "Saldanha (Mark B.)", "filerRelation": "Non Independent Chairman Of The Board", "moneyText": "", "startDate": "2013-07-01", "ownership": "D"}, {"maxAge": 1, "shares": 105018, "filerUrl": "", "transactionText": "", "filerName": "Saldanha (Mark B.)", "filerRelation": "Non Independent Chairman Of The Board", "moneyText": "", "startDate": "2013-06-28", "ownership": "D"}, {"maxAge": 1, "shares": 204390, "filerUrl": "", "transactionText": "", "filerName": "Saldanha (Mark B.)", "filerRelation": "Non Independent Chairman Of The Board", "moneyText": "", "startDate": "2013-04-17", "ownership": "D"}, {"maxAge": 1, "shares": 225856, "filerUrl": "", "transactionText": "", "filerName": "Saldanha (Mark B.)", "filerRelation": "Non Independent Chairman Of The Board", "moneyText": "", "startDate": "2013-04-10", "ownership": "D"}, {"maxAge": 1, "shares": 105500, "filerUrl": "", "transactionText": "", "filerName": "Saldanha (Mark B.)", "filerRelation": "Non Independent Chairman Of The Board", "moneyText": "", "startDate": "2013-04-08", "ownership": "D"}, {"maxAge": 1, "shares": 95709, "filerUrl": "", "transactionText": "", "filerName": "Saldanha (Mark B.)", "filerRelation": "Non Independent Chairman Of The Board", "moneyText": "", "startDate": "2013-04-05", "ownership": "D"}, {"maxAge": 1, "shares": 140270, "filerUrl": "", "transactionText": "", "filerName": "Saldanha (Mark B.)", "filerRelation": "Non Independent Chairman Of The Board", "moneyText": "", "startDate": "2013-03-25", "ownership": "D"}, {"maxAge": 1, "shares": 192000, "filerUrl": "", "transactionText": "", "filerName": "Saldanha (Mark B.)", "filerRelation": "Non Independent Chairman Of The Board", "moneyText": "", "startDate": "2013-03-22", "ownership": "D"}, {"maxAge": 1, "shares": 296100, "filerUrl": "", "transactionText": "", "filerName": "Saldanha (Mark B.)", "filerRelation": "Non Independent Chairman Of The Board", "moneyText": "", "startDate": "2013-03-21", "ownership": "D"}, {"maxAge": 1, "shares": 271000, "filerUrl": "", "transactionText": "", "filerName": "Saldanha (Mark B.)", "filerRelation": "Non Independent Chairman Of The Board", "moneyText": "", "startDate": "2013-03-20", "ownership": "D"}, {"maxAge": 1, "shares": 290500, "filerUrl": "", "transactionText": "", "filerName": "Saldanha (Mark B.)", "filerRelation": "Non Independent Chairman Of The Board", "moneyText": "", "startDate": "2013-03-19", "ownership": "D"}, {"maxAge": 1, "shares": 17500000, "filerUrl": "", "transactionText": "", "filerName": "Saldanha (Mark B.)", "filerRelation": "Non Independent Chairman Of The Board", "moneyText": "", "startDate": "2012-12-17", "ownership": "D"}], "maxAge": 1}, "quoteType": {"exchange": "BSE", "quoteType": "EQUITY", "symbol": "MARKSANS.BO", "underlyingSymbol": "MARKSANS.BO", "shortName": "MARKSANS PHARMA LTD.", "longName": "Marksans Pharma Limited", "firstTradeDateEpochUtc": "2001-12-31 09:15:00", "timeZoneFullName": "Asia/Kolkata", "timeZoneShortName": "IST", "uuid": "8bafaf7d-ea39-331f-a64d-d962914a9d38", "messageBoardId": null, "gmtOffSetMilliseconds": 19800000, "maxAge": 1}, "incomeStatementHistory": {"incomeStatementHistory": [{"maxAge": 1, "endDate": "2020-03-31", "totalRevenue": 11342089526, "costOfRevenue": 5531745929, "grossProfit": 5810343597, "researchDevelopment": {}, "sellingGeneralAdministrative": 1785494130, "nonRecurring": {}, "otherOperatingExpenses": 2102330199, "totalOperatingExpenses": 9641205752, "operatingIncome": 1700883774, "totalOtherIncomeExpenseNet": -129166097, "ebit": 1700883774, "interestExpense": -58141455, "incomeBeforeTax": 1571717677, "incomeTaxExpense": 364190830, "minorityInterest": 131101423, "netIncomeFromContinuingOps": 1207526847, "discontinuedOperations": {}, "extraordinaryItems": {}, "effectOfAccountingCharges": {}, "otherItems": {}, "netIncome": 1207526847, "netIncomeApplicableToCommonShares": 1207526847}, {"maxAge": 1, "endDate": "2019-03-31", "totalRevenue": 10000692254, "costOfRevenue": 5081692504, "grossProfit": 4918999750, "researchDevelopment": {}, "sellingGeneralAdministrative": 1658877902, "nonRecurring": {}, "otherOperatingExpenses": 1938734409, "totalOperatingExpenses": 8877768429, "operatingIncome": 1122923825, "totalOtherIncomeExpenseNet": -79857971, "ebit": 1122923825, "interestExpense": -66248443, "incomeBeforeTax": 1043065854, "incomeTaxExpense": 238694809, "minorityInterest": 102168392, "netIncomeFromContinuingOps": 804371045, "discontinuedOperations": {}, "extraordinaryItems": {}, "effectOfAccountingCharges": {}, "otherItems": {}, "netIncome": 804371045, "netIncomeApplicableToCommonShares": 804371045}, {"maxAge": 1, "endDate": "2018-03-31", "totalRevenue": 9126920323, "costOfRevenue": 5323218119, "grossProfit": 3803702204, "researchDevelopment": {}, "sellingGeneralAdministrative": 1533962254, "nonRecurring": {}, "otherOperatingExpenses": 1485368589, "totalOperatingExpenses": 8531589372, "operatingIncome": 595330951, "totalOtherIncomeExpenseNet": -97350047, "ebit": 595330951, "interestExpense": -74205862, "incomeBeforeTax": 497980904, "incomeTaxExpense": 139971341, "minorityInterest": 95494128, "netIncomeFromContinuingOps": 358009563, "discontinuedOperations": {}, "extraordinaryItems": {}, "effectOfAccountingCharges": {}, "otherItems": {}, "netIncome": 358009563, "netIncomeApplicableToCommonShares": 358009563}, {"maxAge": 1, "endDate": "2017-03-31", "totalRevenue": 7671613428, "costOfRevenue": 4688827761, "grossProfit": 2982785667, "researchDevelopment": {}, "sellingGeneralAdministrative": 1546669343, "nonRecurring": {}, "otherOperatingExpenses": 1106924021, "totalOperatingExpenses": 7643351099, "operatingIncome": 28262329, "totalOtherIncomeExpenseNet": 120711360, "ebit": 28262329, "interestExpense": -50143981, "incomeBeforeTax": 148973689, "incomeTaxExpense": 35632274, "minorityInterest": 62473733, "netIncomeFromContinuingOps": 113341415, "discontinuedOperations": {}, "extraordinaryItems": {}, "effectOfAccountingCharges": {}, "otherItems": {}, "netIncome": 113341415, "netIncomeApplicableToCommonShares": 113341415}], "maxAge": 86400}, "fundOwnership": {"maxAge": 1, "ownershipList": [{"maxAge": 1, "reportDate": "2020-07-31", "organization": "DFA Emerging Markets Core Equity Portfolio", "pctHeld": 0.005, "position": 2044659, "value": 81070729}, {"maxAge": 1, "reportDate": "2020-08-31", "organization": "SPDR Portfolio Emerging Markets ETF", "pctHeld": 0.0049, "position": 2013603, "value": 91920976}, {"maxAge": 1, "reportDate": "2020-07-31", "organization": "DFA Investment Dimensions-DFA Emerging Mkts Value", "pctHeld": 0.0043, "position": 1741434, "value": 69047858}, {"maxAge": 1, "reportDate": "2020-07-31", "organization": "DFA Emerging Markets Small Cap Series", "pctHeld": 0.0034, "position": 1386544, "value": 54976469}, {"maxAge": 1, "reportDate": "2020-09-30", "organization": "SPDR (R) Idx Shares-SPDR (R) S&P (R) Emerging Asia Pacific ETF", "pctHeld": 0.0007, "position": 294551, "value": 14815915}, {"maxAge": 1, "reportDate": "2020-08-31", "organization": "Fidelity Strategic Advisers Emerging Markets Fund", "pctHeld": 0.00029999999, "position": 125683, "value": 5737428}, {"maxAge": 1, "reportDate": "2020-07-31", "organization": "DFA T.A. World Ex U.S. Core Equity Portfolio", "pctHeld": 0.0002, "position": 95755, "value": 3796685}, {"maxAge": 1, "reportDate": "2020-07-31", "organization": "DFA Investment Dimensions-World Ex U.S. Core Equity Port", "pctHeld": 0.0002, "position": 74161, "value": 2940483}, {"maxAge": 1, "reportDate": "2020-07-31", "organization": "DFA Investment Dimensions-DFA World Ex U.S. Targeted Value Port", "pctHeld": 0.0001, "position": 41168, "value": 1632311}, {"maxAge": 1, "reportDate": "2020-07-31", "organization": "DFA Emerging Markets Sustainability Core 1 Portfolio", "pctHeld": 0.0001, "position": 28757, "value": 1140215}]}, "summaryDetail": {"maxAge": 1, "priceHint": 2, "previousClose": 71.4, "open": 70.9, "dayLow": 69.35, "dayHigh": 73.65, "regularMarketPreviousClose": 71.4, "regularMarketOpen": 70.9, "regularMarketDayLow": 69.35, "regularMarketDayHigh": 73.65, "trailingPE": 20.206158, "volume": 593262, "regularMarketVolume": 593262, "averageVolume": 354034, "averageVolume10days": 336365, "averageDailyVolume10Day": 336365, "bid": 71.1, "ask": 71.25, "bidSize": 0, "askSize": 0, "marketCap": 29228603392, "fiftyTwoWeekLow": 9.9, "fiftyTwoWeekHigh": 73.65, "fiftyDayAverage": 58.514706, "twoHundredDayAverage": 53.937134, "trailingAnnualDividendRate": 0.1, "trailingAnnualDividendYield": 0.0014005603, "currency": "INR", "fromCurrency": null, "toCurrency": null, "lastMarket": null, "algorithm": null, "tradeable": false}, "sectorTrend": {"maxAge": 1, "symbol": null, "estimates": []}, "incomeStatementHistoryQuarterly": {"incomeStatementHistory": [{"maxAge": 1, "endDate": "2020-06-30", "totalRevenue": 3311520000, "costOfRevenue": 1395670000, "grossProfit": 1915850000, "researchDevelopment": {}, "sellingGeneralAdministrative": 427030000, "nonRecurring": {}, "otherOperatingExpenses": 788630000, "totalOperatingExpenses": 2683820000, "operatingIncome": 627700000, "totalOtherIncomeExpenseNet": -13680000, "ebit": 627700000, "interestExpense": -15500000, "incomeBeforeTax": 614020000, "incomeTaxExpense": 120370000, "minorityInterest": {}, "netIncomeFromContinuingOps": 493650000, "discontinuedOperations": {}, "extraordinaryItems": {}, "effectOfAccountingCharges": {}, "otherItems": {}, "netIncome": 493650000, "netIncomeApplicableToCommonShares": 493650000}, {"maxAge": 1, "endDate": "2020-03-31", "totalRevenue": 3353489526, "costOfRevenue": 1561075929, "grossProfit": 1792413597, "researchDevelopment": {}, "sellingGeneralAdministrative": 563134130, "nonRecurring": {}, "otherOperatingExpenses": 537280199, "totalOperatingExpenses": 2712765752, "operatingIncome": 640723774, "totalOtherIncomeExpenseNet": -65076097, "ebit": 640723774, "interestExpense": -15500000, "incomeBeforeTax": 575647677, "incomeTaxExpense": 148220830, "minorityInterest": 131101423, "netIncomeFromContinuingOps": 427426847, "discontinuedOperations": {}, "extraordinaryItems": {}, "effectOfAccountingCharges": {}, "otherItems": {}, "netIncome": 427426847, "netIncomeApplicableToCommonShares": 427426847}, {"maxAge": 1, "endDate": "2019-12-31", "totalRevenue": 2876490000, "costOfRevenue": 1401430000, "grossProfit": 1475060000, "researchDevelopment": {}, "sellingGeneralAdministrative": 404550000, "nonRecurring": {}, "otherOperatingExpenses": 597660000, "totalOperatingExpenses": 2476910000, "operatingIncome": 399580000, "totalOtherIncomeExpenseNet": -16230000, "ebit": 399580000, "interestExpense": -16490000, "incomeBeforeTax": 383350000, "incomeTaxExpense": 87750000, "minorityInterest": 131101423, "netIncomeFromContinuingOps": 295600000, "discontinuedOperations": {}, "extraordinaryItems": {}, "effectOfAccountingCharges": {}, "otherItems": {}, "netIncome": 295600000, "netIncomeApplicableToCommonShares": 295600000}, {"maxAge": 1, "endDate": "2019-09-30", "totalRevenue": 2563960000, "costOfRevenue": 1326480000, "grossProfit": 1237480000, "researchDevelopment": {}, "sellingGeneralAdministrative": 406320000, "nonRecurring": {}, "otherOperatingExpenses": 495490000, "totalOperatingExpenses": 2278050000, "operatingIncome": 285910000, "totalOtherIncomeExpenseNet": 50700000, "ebit": 285910000, "interestExpense": -28110000, "incomeBeforeTax": 336610000, "incomeTaxExpense": 76910000, "minorityInterest": 115710000, "netIncomeFromContinuingOps": 259700000, "discontinuedOperations": {}, "extraordinaryItems": {}, "effectOfAccountingCharges": {}, "otherItems": {}, "netIncome": 259700000, "netIncomeApplicableToCommonShares": 259700000}], "maxAge": 86400}, "cashflowStatementHistoryQuarterly": {"cashflowStatements": [{"maxAge": 1, "endDate": "2020-06-30", "netIncome": 493650000, "changeToLiabilities": 0}, {"maxAge": 1, "endDate": "2020-03-31", "netIncome": 427426847, "changeToLiabilities": 0}, {"maxAge": 1, "endDate": "2019-12-31", "netIncome": 295600000, "changeToLiabilities": 0}, {"maxAge": 1, "endDate": "2019-09-30", "netIncome": 259700000, "changeToLiabilities": 0}], "maxAge": 86400}, "insiderHolders": {"holders": [{"maxAge": 1, "name": "Pereira (Sebastian)", "relation": "UNREPORTED", "url": "", "transactionDescription": "Sale", "latestTransDate": "2015-08-14", "positionDirect": 35858, "positionDirectDate": "2015-08-14"}, {"maxAge": 1, "name": "Saldanha (Mark B.)", "relation": "Non Independent Chairman Of The Board", "url": "", "transactionDescription": "Acquisition", "latestTransDate": "2013-08-01", "positionDirect": 197491553, "positionDirectDate": "2013-08-01"}, {"maxAge": 1, "name": "Trehon (Harsh)", "relation": "UNREPORTED", "url": "", "transactionDescription": "Sale", "latestTransDate": "2016-09-20", "positionDirect": 0, "positionDirectDate": "2016-09-20"}, {"maxAge": 1, "name": "Wadhwa (Geetali N)", "relation": "UNREPORTED", "url": "", "transactionDescription": "Acquisition", "latestTransDate": "2014-06-04", "positionDirect": 909689, "positionDirectDate": "2014-06-04"}, {"maxAge": 1, "name": "Wadhwa (Naresh B)", "relation": "Director", "url": "", "transactionDescription": "Acquisition", "latestTransDate": "2014-03-21", "positionDirect": 749883, "positionDirectDate": "2014-03-21"}], "maxAge": 1}, "earnings": {"maxAge": 86400, "earningsChart": {"quarterly": [], "earningsDate": []}, "financialsChart": {"yearly": [{"date": 2017, "revenue": 7671613428, "earnings": 113341415}, {"date": 2018, "revenue": 9126920323, "earnings": 358009563}, {"date": 2019, "revenue": 10000692254, "earnings": 804371045}, {"date": 2020, "revenue": 11342089526, "earnings": 1207526847}], "quarterly": [{"date": "3Q2019", "revenue": 2563960000, "earnings": 259700000}, {"date": "4Q2019", "revenue": 2876490000, "earnings": 295600000}, {"date": "1Q2020", "revenue": 3353489526, "earnings": 427426847}, {"date": "2Q2020", "revenue": 3311520000, "earnings": 493650000}]}, "financialCurrency": "INR"}, "calendarEvents": {"maxAge": 1, "earnings": {"earningsDate": []}}, "price": {"maxAge": 1, "regularMarketChangePercent": 0.0021008616, "regularMarketChange": 0.15000153, "regularMarketTime": "2021-04-30 15:53:59", "priceHint": 2, "regularMarketPrice": 71.55, "regularMarketDayHigh": 73.65, "regularMarketDayLow": 69.35, "regularMarketVolume": 593262, "averageDailyVolume10Day": 336365, "averageDailyVolume3Month": 354034, "regularMarketPreviousClose": 71.4, "regularMarketSource": "FREE_REALTIME", "regularMarketOpen": 70.9, "exchange": "BSE", "exchangeName": "BSE", "exchangeDataDelayedBy": 0, "marketState": "CLOSED", "quoteType": "EQUITY", "symbol": "MARKSANS.BO", "underlyingSymbol": null, "shortName": "MARKSANS PHARMA LTD.", "longName": "Marksans Pharma Limited", "currency": "INR", "quoteSourceName": "Delayed Quote", "currencySymbol": "\u20b9", "fromCurrency": null, "toCurrency": null, "lastMarket": null, "marketCap": 29228603392}, "balanceSheetHistory": {"balanceSheetStatements": [{"maxAge": 1, "endDate": "2020-03-31", "cash": 937270861, "netReceivables": 2433517408, "inventory": 2418439338, "otherCurrentAssets": 112646056, "totalCurrentAssets": 5901873663, "propertyPlantEquipment": 2300136479, "goodWill": 243757750, "intangibleAssets": 483267243, "otherAssets": 39366207, "deferredLongTermAssetCharges": 6341730, "totalAssets": 8968401342, "accountsPayable": 1045010413, "shortLongTermDebt": 458242, "otherCurrentLiab": 885075604, "longTermDebt": 50000000, "otherLiab": 122684200, "minorityInterest": 131101423, "totalCurrentLiabilities": 2196857823, "totalLiab": 2477157382, "commonStock": 409313698, "retainedEarnings": 3988456997, "treasuryStock": 211054514, "capitalSurplus": 1751317328, "otherStockholderEquity": 211054514, "totalStockholderEquity": 6360142537, "netTangibleAssets": 5633117544}, {"maxAge": 1, "endDate": "2019-03-31", "cash": 335384697, "netReceivables": 1836196795, "inventory": 2932460805, "otherCurrentAssets": 210376827, "totalCurrentAssets": 5314419124, "propertyPlantEquipment": 1980820855, "goodWill": 314499178, "intangibleAssets": 401942555, "otherAssets": 25401814, "deferredLongTermAssetCharges": 12481853, "totalAssets": 8037083526, "accountsPayable": 1060692017, "shortLongTermDebt": 3078115, "otherCurrentLiab": 185783039, "longTermDebt": 100000000, "otherLiab": 83850350, "minorityInterest": 102168392, "totalCurrentLiabilities": 2326241598, "totalLiab": 2510091948, "commonStock": 409313698, "retainedEarnings": 3167149126, "treasuryStock": 97043034, "capitalSurplus": 1751317328, "otherStockholderEquity": 97043034, "totalStockholderEquity": 5424823186, "netTangibleAssets": 4708381453}, {"maxAge": 1, "endDate": "2018-03-31", "cash": 398768569, "netReceivables": 1825979538, "inventory": 2181241268, "otherCurrentAssets": 99377728, "totalCurrentAssets": 4505367103, "propertyPlantEquipment": 1863685031, "goodWill": 617487033, "intangibleAssets": 312602816, "otherAssets": 22710364, "deferredLongTermAssetCharges": 14544330, "totalAssets": 7321852347, "accountsPayable": 778282714, "shortLongTermDebt": 5488800, "otherCurrentLiab": 312639401, "longTermDebt": 100000000, "otherLiab": 70915719, "minorityInterest": 95494128, "totalCurrentLiabilities": 2346796439, "totalLiab": 2517712158, "commonStock": 409313698, "retainedEarnings": 2446663731, "treasuryStock": 101351304, "capitalSurplus": 1751317328, "otherStockholderEquity": 101351304, "totalStockholderEquity": 4708646061, "netTangibleAssets": 3778556212}, {"maxAge": 1, "endDate": "2017-03-31", "cash": 251621433, "netReceivables": 2475811464, "inventory": 1900869534, "otherCurrentAssets": 210523869, "totalCurrentAssets": 4838826300, "propertyPlantEquipment": 1648623952, "goodWill": 696829310, "intangibleAssets": 327897972, "otherAssets": 5880898, "totalAssets": 7518058432, "accountsPayable": 1617840760, "otherCurrentLiab": 178959708, "longTermDebt": 110000000, "otherLiab": 50676973, "minorityInterest": 62473733, "totalCurrentLiabilities": 2960583044, "totalLiab": 3121260017, "commonStock": 409313698, "retainedEarnings": 2150671228, "treasuryStock": 23022428, "capitalSurplus": 1751317328, "otherStockholderEquity": 23022428, "totalStockholderEquity": 4334324682, "netTangibleAssets": 3309597400}], "maxAge": 86400}, "earningsTrend": {"trend": [{"maxAge": 1, "period": "0q", "endDate": null, "growth": {}, "earningsEstimate": {"avg": 0.0, "low": 0.0, "high": 0.0, "yearAgoEps": {}, "numberOfAnalysts": 0, "growth": {}}, "revenueEstimate": {"avg": 0, "low": 0, "high": 0, "numberOfAnalysts": 0, "yearAgoRevenue": {}, "growth": {}}, "epsTrend": {"current": 0.0, "7daysAgo": 0.0, "30daysAgo": 0.0, "60daysAgo": 0.0, "90daysAgo": 0.0}, "epsRevisions": {"upLast7days": 0, "upLast30days": 0, "downLast30days": 0, "downLast90days": {}}}, {"maxAge": 1, "period": "+1q", "endDate": null, "growth": {}, "earningsEstimate": {"avg": 0.0, "low": 0.0, "high": 0.0, "yearAgoEps": {}, "numberOfAnalysts": 0, "growth": {}}, "revenueEstimate": {"avg": 0, "low": 0, "high": 0, "numberOfAnalysts": 0, "yearAgoRevenue": {}, "growth": {}}, "epsTrend": {"current": 0.0, "7daysAgo": 0.0, "30daysAgo": 0.0, "60daysAgo": 0.0, "90daysAgo": 0.0}, "epsRevisions": {"upLast7days": 0, "upLast30days": 0, "downLast30days": 0, "downLast90days": {}}}, {"maxAge": 1, "period": "0y", "endDate": null, "growth": {}, "earningsEstimate": {"avg": 0.0, "low": 0.0, "high": 0.0, "yearAgoEps": {}, "numberOfAnalysts": 0, "growth": {}}, "revenueEstimate": {"avg": 0, "low": 0, "high": 0, "numberOfAnalysts": 0, "yearAgoRevenue": {}, "growth": {}}, "epsTrend": {"current": 0.0, "7daysAgo": 0.0, "30daysAgo": 0.0, "60daysAgo": 0.0, "90daysAgo": 0.0}, "epsRevisions": {"upLast7days": 0, "upLast30days": 0, "downLast30days": 0, "downLast90days": {}}}, {"maxAge": 1, "period": "+1y", "endDate": null, "growth": {}, "earningsEstimate": {"avg": 0.0, "low": 0.0, "high": 0.0, "yearAgoEps": {}, "numberOfAnalysts": 0, "growth": {}}, "revenueEstimate": {"avg": 0, "low": 0, "high": 0, "numberOfAnalysts": 0, "yearAgoRevenue": {}, "growth": {}}, "epsTrend": {"current": 0.0, "7daysAgo": 0.0, "30daysAgo": 0.0, "60daysAgo": 0.0, "90daysAgo": 0.0}, "epsRevisions": {"upLast7days": 0, "upLast30days": 0, "downLast30days": 0, "downLast90days": {}}}, {"maxAge": 1, "period": "+5y", "endDate": null, "growth": {}, "earningsEstimate": {"avg": {}, "low": {}, "high": {}, "yearAgoEps": {}, "numberOfAnalysts": {}, "growth": {}}, "revenueEstimate": {"avg": {}, "low": {}, "high": {}, "numberOfAnalysts": {}, "yearAgoRevenue": {}, "growth": {}}, "epsTrend": {"current": {}, "7daysAgo": {}, "30daysAgo": {}, "60daysAgo": {}, "90daysAgo": {}}, "epsRevisions": {"upLast7days": {}, "upLast30days": {}, "downLast30days": {}, "downLast90days": {}}}, {"maxAge": 1, "period": "-5y", "endDate": null, "growth": {}, "earningsEstimate": {"avg": {}, "low": {}, "high": {}, "yearAgoEps": {}, "numberOfAnalysts": {}, "growth": {}}, "revenueEstimate": {"avg": {}, "low": {}, "high": {}, "numberOfAnalysts": {}, "yearAgoRevenue": {}, "growth": {}}, "epsTrend": {"current": {}, "7daysAgo": {}, "30daysAgo": {}, "60daysAgo": {}, "90daysAgo": {}}, "epsRevisions": {"upLast7days": {}, "upLast30days": {}, "downLast30days": {}, "downLast90days": {}}}], "maxAge": 1}, "financialData": {"maxAge": 86400, "currentPrice": 71.55, "targetHighPrice": 31.0, "targetLowPrice": 31.0, "targetMeanPrice": 31.0, "targetMedianPrice": 31.0, "recommendationKey": "none", "numberOfAnalystOpinions": 1, "grossProfits": 5810343597, "financialCurrency": "INR"}}}