{"MARUTI.BO": {"recommendationTrend": {"trend": [{"period": "0m", "strongBuy": 0, "buy": 0, "hold": 0, "sell": 0, "strongSell": 0}, {"period": "-1m", "strongBuy": 0, "buy": 0, "hold": 0, "sell": 0, "strongSell": 0}, {"period": "-2m", "strongBuy": 0, "buy": 0, "hold": 0, "sell": 0, "strongSell": 0}, {"period": "-3m", "strongBuy": 0, "buy": 0, "hold": 0, "sell": 0, "strongSell": 0}], "maxAge": 86400}, "cashflowStatementHistory": {"cashflowStatements": [{"maxAge": 1, "endDate": "2020-03-31", "netIncome": 56760000000, "depreciation": 35284000000, "changeToNetincome": -31385000000, "changeToAccountReceivables": 1884000000, "changeToLiabilities": -21551000000, "changeToInventory": 1087000000, "changeToOperatingActivities": -7121000000, "totalCashFromOperatingActivities": 34958000000, "capitalExpenditures": -31947000000, "investments": 27434000000, "otherCashflowsFromInvestingActivities": 1000000000, "totalCashflowsFromInvestingActivities": -5566000000, "dividendsPaid": -24166000000, "netBorrowings": -554000000, "otherCashflowsFromFinancingActivities": -6323000000, "totalCashFromFinancingActivities": -31043000000, "changeInCash": -1651000000}, {"maxAge": 1, "endDate": "2019-03-31", "netIncome": 76491000000, "depreciation": 30208000000, "changeToNetincome": -27542000000, "changeToAccountReceivables": -8506000000, "changeToLiabilities": -8579000000, "changeToInventory": -1624000000, "changeToOperatingActivities": 5561000000, "totalCashFromOperatingActivities": 66009000000, "capitalExpenditures": -47470000000, "investments": 10289000000, "otherCashflowsFromInvestingActivities": 1334000000, "totalCashflowsFromInvestingActivities": -35399000000, "dividendsPaid": -24166000000, "netBorrowings": 388000000, "otherCashflowsFromFinancingActivities": -5701000000, "totalCashFromFinancingActivities": -29479000000, "changeInCash": 1131000000}, {"maxAge": 1, "endDate": "2018-03-31", "netIncome": 78800000000, "depreciation": 27598000000, "changeToNetincome": -16597000000, "changeToAccountReceivables": -2619000000, "changeToLiabilities": 21280000000, "changeToInventory": 1035000000, "changeToOperatingActivities": 8382000000, "totalCashFromOperatingActivities": 117879000000, "capitalExpenditures": -39116000000, "investments": -45046000000, "otherCashflowsFromInvestingActivities": 881000000, "totalCashflowsFromInvestingActivities": -83017000000, "dividendsPaid": -22656000000, "netBorrowings": -3628000000, "otherCashflowsFromFinancingActivities": -8077000000, "totalCashFromFinancingActivities": -34361000000, "changeInCash": 501000000}, {"maxAge": 1, "endDate": "2017-03-31", "netIncome": 75099000000, "depreciation": 26039000000, "changeToNetincome": -20236000000, "changeToAccountReceivables": 1215000000, "changeToLiabilities": 9788000000, "changeToInventory": -1311000000, "changeToOperatingActivities": 12226000000, "totalCashFromOperatingActivities": 102820000000, "capitalExpenditures": -32524000000, "investments": -58475000000, "otherCashflowsFromInvestingActivities": 491000000, "totalCashflowsFromInvestingActivities": -91732000000, "dividendsPaid": -10573000000, "netBorrowings": 2527000000, "otherCashflowsFromFinancingActivities": -3247000000, "totalCashFromFinancingActivities": -11293000000, "changeInCash": -205000000}], "maxAge": 86400}, "institutionOwnership": {"maxAge": 1, "ownershipList": []}, "balanceSheetHistoryQuarterly": {"balanceSheetStatements": [{"maxAge": 1, "endDate": "2020-06-30", "totalStockholderEquity": 494130000000, "netTangibleAssets": 490063000000}, {"maxAge": 1, "endDate": "2020-03-31", "cash": 290000000, "shortTermInvestments": 12203000000, "netReceivables": 28025000000, "inventory": 32139000000, "otherCurrentAssets": 10747000000, "totalCurrentAssets": 84406000000, "longTermInvestments": 362822000000, "propertyPlantEquipment": 167529000000, "intangibleAssets": 4067000000, "otherAssets": 17453000000, "totalAssets": 636277000000, "accountsPayable": 74988000000, "shortLongTermDebt": 23000000, "otherCurrentLiab": 30885000000, "longTermDebt": 54000000, "otherLiab": 28249000000, "minorityInterest": 192000000, "totalCurrentLiabilities": 113054000000, "totalLiab": 141955000000, "commonStock": 1510000000, "retainedEarnings": 472974000000, "treasuryStock": 15405000000, "capitalSurplus": 4241000000, "otherStockholderEquity": 15405000000, "totalStockholderEquity": 494130000000, "netTangibleAssets": 490063000000}, {"maxAge": 1, "endDate": "2019-12-31", "totalStockholderEquity": 466721000000, "netTangibleAssets": 462039000000}, {"maxAge": 1, "endDate": "2019-09-30", "cash": 1003000000, "shortTermInvestments": 13590000000, "netReceivables": 27781000000, "inventory": 39279000000, "otherCurrentAssets": 13974000000, "totalCurrentAssets": 95627000000, "longTermInvestments": 333206000000, "propertyPlantEquipment": 170355000000, "intangibleAssets": 4682000000, "otherAssets": 13268000000, "totalAssets": 617138000000, "accountsPayable": 79404000000, "otherCurrentLiab": 39220000000, "longTermDebt": 70000000, "otherLiab": 27461000000, "minorityInterest": 186000000, "totalCurrentLiabilities": 122700000000, "totalLiab": 150231000000, "commonStock": 1510000000, "treasuryStock": 465211000000, "otherStockholderEquity": 465211000000, "totalStockholderEquity": 466721000000, "netTangibleAssets": 462039000000}], "maxAge": 86400}, "earningsHistory": {"history": [{"maxAge": 1, "epsActual": 51.2, "epsEstimate": 59.27, "epsDifference": -8.07, "surprisePercent": -0.136, "quarter": "2017-06-30", "period": "-4q"}, {"maxAge": 1, "epsActual": 82.24, "epsEstimate": 75.07, "epsDifference": 7.17, "surprisePercent": 0.096, "quarter": "2017-09-30", "period": "-3q"}, {"maxAge": 1, "epsActual": 59.56, "epsEstimate": 66.09, "epsDifference": -6.53, "surprisePercent": -0.099, "quarter": "2017-12-31", "period": "-2q"}, {"maxAge": 1, "epsActual": 62.3, "epsEstimate": 69.01, "epsDifference": -6.71, "surprisePercent": -0.096999995, "quarter": "2018-03-31", "period": "-1q"}], "maxAge": 86400}, "indexTrend": {"maxAge": 1, "symbol": "SP5", "peRatio": 19.7411, "pegRatio": 1.34172, "estimates": [{"period": "0q", "growth": 0.549}, {"period": "+1q", "growth": 0.431}, {"period": "0y", "growth": 0.305}, {"period": "+1y", "growth": 0.109}, {"period": "+5y", "growth": 0.120865}, {"period": "-5y"}]}, "esgScores": {"maxAge": 86400, "totalEsg": 25.94, "environmentScore": 6.44, "socialScore": 10.82, "governanceScore": 8.69, "ratingYear": 2020, "ratingMonth": 10, "highestControversy": 4.0, "peerCount": 38, "esgPerformance": "AVG_PERF", "peerGroup": "Automobiles", "relatedControversy": ["Employee Incidents"], "peerEsgScorePerformance": {"min": 12.41, "avg": 27.03763157894737, "max": 41.07}, "peerGovernancePerformance": {"min": 6.26, "avg": 9.225263157894734, "max": 16.54}, "peerSocialPerformance": {"min": 3.51, "avg": 10.755263157894737, "max": 17.31}, "peerEnvironmentPerformance": {"min": 2.27, "avg": 7.057631578947368, "max": 13.15}, "peerHighestControversyPerformance": {"min": 0.0, "avg": 2.5526315789473686, "max": 5.0}, "percentile": 41.61, "environmentPercentile": null, "socialPercentile": null, "governancePercentile": null, "adult": false, "alcoholic": false, "animalTesting": false, "catholic": false, "controversialWeapons": false, "smallArms": false, "furLeather": false, "gambling": false, "gmo": false, "militaryContract": false, "nuclear": false, "pesticides": false, "palmOil": false, "coal": false, "tobacco": false}, "industryTrend": {"maxAge": 1, "symbol": null, "estimates": []}, "insiderTransactions": {"transactions": [{"maxAge": 1, "shares": 284322, "value": 27873478, "filerUrl": "", "transactionText": "Acquisition at price 98.03 per share.", "filerName": "Suzuki Motor Corporation", "filerRelation": "Promoter", "moneyText": "", "startDate": "2020-09-09", "ownership": "D"}, {"maxAge": 1, "shares": 211000, "filerUrl": "", "transactionText": "", "filerName": "Suzuki Motor Corporation", "filerRelation": "Promoter", "moneyText": "", "startDate": "2020-03-06", "ownership": "D"}], "maxAge": 1}, "quoteType": {"exchange": "BSE", "quoteType": "EQUITY", "symbol": "MARUTI.BO", "underlyingSymbol": "MARUTI.BO", "shortName": "MARUTI SUZUKI INDIA LTD.", "longName": "Maruti Suzuki India Limited", "firstTradeDateEpochUtc": "2003-07-09 09:15:00", "timeZoneFullName": "Asia/Kolkata", "timeZoneShortName": "IST", "uuid": "a2eb33e7-61bb-3ad5-8e1a-9466505246f8", "messageBoardId": null, "gmtOffSetMilliseconds": 19800000, "maxAge": 1}, "incomeStatementHistory": {"incomeStatementHistory": [{"maxAge": 1, "endDate": "2020-03-31", "totalRevenue": 756600000000, "costOfRevenue": 536291000000, "grossProfit": 220309000000, "researchDevelopment": {}, "sellingGeneralAdministrative": 56247000000, "nonRecurring": {}, "otherOperatingExpenses": 90512000000, "totalOperatingExpenses": 718334000000, "operatingIncome": 38266000000, "totalOtherIncomeExpenseNet": 32762000000, "ebit": 38266000000, "interestExpense": -1342000000, "incomeBeforeTax": 71028000000, "incomeTaxExpense": 14252000000, "minorityInterest": 192000000, "netIncomeFromContinuingOps": 56776000000, "discontinuedOperations": {}, "extraordinaryItems": {}, "effectOfAccountingCharges": {}, "otherItems": {}, "netIncome": 56760000000, "netIncomeApplicableToCommonShares": 56760000000}, {"maxAge": 1, "endDate": "2019-03-31", "totalRevenue": 860685000000, "costOfRevenue": 602256000000, "grossProfit": 258429000000, "researchDevelopment": {}, "sellingGeneralAdministrative": 53910000000, "nonRecurring": {}, "otherOperatingExpenses": 92172000000, "totalOperatingExpenses": 778546000000, "operatingIncome": 82139000000, "totalOtherIncomeExpenseNet": 24099000000, "ebit": 82139000000, "interestExpense": -759000000, "incomeBeforeTax": 106238000000, "incomeTaxExpense": 29732000000, "minorityInterest": 176000000, "netIncomeFromContinuingOps": 76506000000, "discontinuedOperations": {}, "extraordinaryItems": {}, "effectOfAccountingCharges": {}, "otherItems": {}, "netIncome": 76491000000, "netIncomeApplicableToCommonShares": 76491000000}, {"maxAge": 1, "endDate": "2018-03-31", "totalRevenue": 798094000000, "costOfRevenue": 552120000000, "grossProfit": 245974000000, "researchDevelopment": {}, "sellingGeneralAdministrative": 48967000000, "nonRecurring": {}, "otherOperatingExpenses": 74922000000, "totalOperatingExpenses": 703604000000, "operatingIncome": 94490000000, "totalOtherIncomeExpenseNet": 17179000000, "ebit": 94490000000, "interestExpense": -3458000000, "incomeBeforeTax": 111669000000, "incomeTaxExpense": 32862000000, "minorityInterest": 161000000, "netIncomeFromContinuingOps": 78807000000, "discontinuedOperations": {}, "extraordinaryItems": {}, "effectOfAccountingCharges": {}, "otherItems": {}, "netIncome": 78800000000, "netIncomeApplicableToCommonShares": 78800000000}, {"maxAge": 1, "endDate": "2017-03-31", "totalRevenue": 680850000000, "costOfRevenue": 472843000000, "grossProfit": 208007000000, "researchDevelopment": {}, "sellingGeneralAdministrative": 37779000000, "nonRecurring": {}, "otherOperatingExpenses": 66017000000, "totalOperatingExpenses": 602676000000, "operatingIncome": 78174000000, "totalOtherIncomeExpenseNet": 23098000000, "ebit": 78174000000, "interestExpense": -893000000, "incomeBeforeTax": 101272000000, "incomeTaxExpense": 26162000000, "minorityInterest": 154000000, "netIncomeFromContinuingOps": 75110000000, "discontinuedOperations": {}, "extraordinaryItems": {}, "effectOfAccountingCharges": {}, "otherItems": {}, "netIncome": 75099000000, "netIncomeApplicableToCommonShares": 75099000000}], "maxAge": 86400}, "fundOwnership": {"maxAge": 1, "ownershipList": [{"maxAge": 1, "reportDate": "2020-06-30", "organization": "Europacific Growth Fund", "pctHeld": 0.0092, "position": 2794233, "value": 16315805910}, {"maxAge": 1, "reportDate": "2020-07-31", "organization": "Vanguard International Stock Index-Total Intl Stock Indx", "pctHeld": 0.0068, "position": 2055032, "value": 12865425084}, {"maxAge": 1, "reportDate": "2020-07-31", "organization": "Vanguard International Stock Index-Emerging Markets Stk", "pctHeld": 0.0054, "position": 1639718, "value": 10265372553}, {"maxAge": 1, "reportDate": "2020-08-31", "organization": "JP Morgan Emerging Markets Equity Fund", "pctHeld": 0.0033000002, "position": 985938, "value": 6741745450}, {"maxAge": 1, "reportDate": "2020-07-31", "organization": "Price (T.Rowe) International Stock Fund", "pctHeld": 0.003, "position": 913022, "value": 5715928579}, {"maxAge": 1, "reportDate": "2020-07-31", "organization": "iShares Core MSCI Emerging Markets ETF", "pctHeld": 0.003, "position": 902643, "value": 5650951369}, {"maxAge": 1, "reportDate": "2020-07-31", "organization": "Fidelity Series Emerging Markets Opportunities Fund", "pctHeld": 0.0025, "position": 768809, "value": 4813090304}, {"maxAge": 1, "reportDate": "2020-08-31", "organization": "iShares MSCI India ETF", "pctHeld": 0.0023999999, "position": 712890, "value": 4874670531}, {"maxAge": 1, "reportDate": "2020-07-31", "organization": "Harding, Loevner Funds, Inc.-Institutional Emerging Markets Portfolio", "pctHeld": 0.0023, "position": 686383, "value": 4297066452}, {"maxAge": 1, "reportDate": "2020-09-30", "organization": "Principal Diversified International Fund", "pctHeld": 0.0017, "position": 524059, "value": 3533651228}]}, "summaryDetail": {"maxAge": 1, "priceHint": 2, "previousClose": 6567.9, "open": 6536.0, "dayLow": 6425.4, "dayHigh": 6555.5, "regularMarketPreviousClose": 6567.9, "regularMarketOpen": 6536.0, "regularMarketDayLow": 6425.4, "regularMarketDayHigh": 6555.5, "trailingPE": 48.31852, "forwardPE": 16.789602, "volume": 62580, "regularMarketVolume": 62580, "averageVolume": 57207, "averageVolume10days": 43296, "averageDailyVolume10Day": 43296, "bid": 6440.0, "ask": 6450.0, "bidSize": 0, "askSize": 0, "marketCap": 1950123163648, "fiftyTwoWeekLow": 4002.0, "fiftyTwoWeekHigh": 8400.0, "fiftyDayAverage": 7754.718, "twoHundredDayAverage": 7203.8633, "trailingAnnualDividendRate": 60.0, "trailingAnnualDividendYield": 0.00913534, "currency": "INR", "fromCurrency": null, "toCurrency": null, "lastMarket": null, "algorithm": null, "tradeable": false}, "sectorTrend": {"maxAge": 1, "symbol": null, "estimates": []}, "incomeStatementHistoryQuarterly": {"incomeStatementHistory": [{"maxAge": 1, "endDate": "2020-06-30", "totalRevenue": 41106000000, "costOfRevenue": 29258000000, "grossProfit": 11848000000, "researchDevelopment": {}, "sellingGeneralAdministrative": 7380000000, "nonRecurring": {}, "otherOperatingExpenses": 13120000000, "totalOperatingExpenses": 57598000000, "operatingIncome": -16492000000, "totalOtherIncomeExpenseNet": 12795000000, "ebit": -16492000000, "interestExpense": -176000000, "incomeBeforeTax": -3697000000, "incomeTaxExpense": -1014000000, "minorityInterest": {}, "netIncomeFromContinuingOps": -2683000000, "discontinuedOperations": {}, "extraordinaryItems": {}, "effectOfAccountingCharges": {}, "otherItems": {}, "netIncome": -2669000000, "netIncomeApplicableToCommonShares": -2669000000}, {"maxAge": 1, "endDate": "2020-03-31", "totalRevenue": 182077000000, "costOfRevenue": 125212000000, "grossProfit": 56865000000, "researchDevelopment": {}, "sellingGeneralAdministrative": 30335000000, "nonRecurring": {}, "otherOperatingExpenses": 10626000000, "totalOperatingExpenses": 174409000000, "operatingIncome": 7668000000, "totalOtherIncomeExpenseNet": 8518000000, "ebit": 7668000000, "interestExpense": -288000000, "incomeBeforeTax": 16186000000, "incomeTaxExpense": 2963000000, "minorityInterest": 192000000, "netIncomeFromContinuingOps": 13223000000, "discontinuedOperations": {}, "extraordinaryItems": {}, "effectOfAccountingCharges": {}, "otherItems": {}, "netIncome": 13222000000, "netIncomeApplicableToCommonShares": 13222000000}, {"maxAge": 1, "endDate": "2019-12-31", "totalRevenue": 207218000000, "costOfRevenue": 149891000000, "grossProfit": 57327000000, "researchDevelopment": {}, "sellingGeneralAdministrative": 8760000000, "nonRecurring": {}, "otherOperatingExpenses": 27517000000, "totalOperatingExpenses": 194761000000, "operatingIncome": 12457000000, "totalOtherIncomeExpenseNet": 7806000000, "ebit": 12457000000, "interestExpense": -222000000, "incomeBeforeTax": 20263000000, "incomeTaxExpense": 4389000000, "minorityInterest": 192000000, "netIncomeFromContinuingOps": 15874000000, "discontinuedOperations": {}, "extraordinaryItems": {}, "effectOfAccountingCharges": {}, "otherItems": {}, "netIncome": 15869000000, "netIncomeApplicableToCommonShares": 15869000000}, {"maxAge": 1, "endDate": "2019-09-30", "totalRevenue": 169979000000, "costOfRevenue": 120443000000, "grossProfit": 49536000000, "researchDevelopment": {}, "sellingGeneralAdministrative": 8472000000, "nonRecurring": {}, "otherOperatingExpenses": 24965000000, "totalOperatingExpenses": 163145000000, "operatingIncome": 6834000000, "totalOtherIncomeExpenseNet": 9215000000, "ebit": 6834000000, "interestExpense": -284000000, "incomeBeforeTax": 16049000000, "incomeTaxExpense": 2138000000, "minorityInterest": 186000000, "netIncomeFromContinuingOps": 13911000000, "discontinuedOperations": {}, "extraordinaryItems": {}, "effectOfAccountingCharges": {}, "otherItems": {}, "netIncome": 13906000000, "netIncomeApplicableToCommonShares": 13906000000}], "maxAge": 86400}, "cashflowStatementHistoryQuarterly": {"cashflowStatements": [{"maxAge": 1, "endDate": "2020-06-30", "netIncome": -2669000000, "changeToLiabilities": 0}, {"maxAge": 1, "endDate": "2020-03-31", "netIncome": 13222000000, "changeToLiabilities": 0}, {"maxAge": 1, "endDate": "2019-12-31", "netIncome": 15869000000, "changeToLiabilities": 0}, {"maxAge": 1, "endDate": "2019-09-30", "netIncome": 13906000000, "changeToLiabilities": 0}], "maxAge": 86400}, "insiderHolders": {"holders": [{"maxAge": 1, "name": "Suzuki Motor Corporation", "relation": "Promoter", "url": "", "transactionDescription": "Acquisition", "latestTransDate": "2020-09-09", "positionDirect": 170283762, "positionDirectDate": "2020-09-09"}], "maxAge": 1}, "earnings": {"maxAge": 86400, "earningsChart": {"quarterly": [{"date": "2Q2017", "actual": 51.2, "estimate": 59.27}, {"date": "3Q2017", "actual": 82.24, "estimate": 75.07}, {"date": "4Q2017", "actual": 59.56, "estimate": 66.09}, {"date": "1Q2018", "actual": 62.3, "estimate": 69.01}], "currentQuarterEstimate": 76.24, "currentQuarterEstimateDate": "2Q", "currentQuarterEstimateYear": 2018, "earningsDate": []}, "financialsChart": {"yearly": [{"date": 2017, "revenue": 680850000000, "earnings": 75099000000}, {"date": 2018, "revenue": 798094000000, "earnings": 78800000000}, {"date": 2019, "revenue": 860685000000, "earnings": 76491000000}, {"date": 2020, "revenue": 756600000000, "earnings": 56760000000}], "quarterly": [{"date": "3Q2019", "revenue": 169979000000, "earnings": 13906000000}, {"date": "4Q2019", "revenue": 207218000000, "earnings": 15869000000}, {"date": "1Q2020", "revenue": 182077000000, "earnings": 13222000000}, {"date": "2Q2020", "revenue": 41106000000, "earnings": -2669000000}]}, "financialCurrency": "INR"}, "calendarEvents": {"maxAge": 1, "earnings": {"earningsDate": [], "earningsAverage": 76.24, "earningsLow": 72.21, "earningsHigh": 79.4, "revenueAverage": 218528000000, "revenueLow": 205523000000, "revenueHigh": 225685000000}}, "price": {"maxAge": 1, "regularMarketChangePercent": -0.016458852, "regularMarketChange": -108.1001, "regularMarketTime": "2021-04-30 16:00:00", "priceHint": 2, "regularMarketPrice": 6459.8, "regularMarketDayHigh": 6555.5, "regularMarketDayLow": 6425.4, "regularMarketVolume": 62580, "averageDailyVolume10Day": 43296, "averageDailyVolume3Month": 57207, "regularMarketPreviousClose": 6567.9, "regularMarketSource": "FREE_REALTIME", "regularMarketOpen": 6536.0, "exchange": "BSE", "exchangeName": "BSE", "exchangeDataDelayedBy": 0, "marketState": "CLOSED", "quoteType": "EQUITY", "symbol": "MARUTI.BO", "underlyingSymbol": null, "shortName": "MARUTI SUZUKI INDIA LTD.", "longName": "Maruti Suzuki India Limited", "currency": "INR", "quoteSourceName": "Delayed Quote", "currencySymbol": "\u20b9", "fromCurrency": null, "toCurrency": null, "lastMarket": null, "marketCap": 1950123163648}, "balanceSheetHistory": {"balanceSheetStatements": [{"maxAge": 1, "endDate": "2020-03-31", "cash": 290000000, "shortTermInvestments": 12203000000, "netReceivables": 28025000000, "inventory": 32139000000, "otherCurrentAssets": 10747000000, "totalCurrentAssets": 84406000000, "longTermInvestments": 362822000000, "propertyPlantEquipment": 167529000000, "intangibleAssets": 4067000000, "otherAssets": 17453000000, "totalAssets": 636277000000, "accountsPayable": 74988000000, "shortLongTermDebt": 23000000, "otherCurrentLiab": 30885000000, "longTermDebt": 54000000, "otherLiab": 28249000000, "minorityInterest": 192000000, "totalCurrentLiabilities": 113054000000, "totalLiab": 141955000000, "commonStock": 1510000000, "retainedEarnings": 472974000000, "treasuryStock": 15405000000, "capitalSurplus": 4241000000, "otherStockholderEquity": 15405000000, "totalStockholderEquity": 494130000000, "netTangibleAssets": 490063000000}, {"maxAge": 1, "endDate": "2019-03-31", "cash": 1878000000, "shortTermInvestments": 50617000000, "netReceivables": 30815000000, "inventory": 33226000000, "otherCurrentAssets": 6421000000, "totalCurrentAssets": 123727000000, "longTermInvestments": 324709000000, "propertyPlantEquipment": 165931000000, "intangibleAssets": 4511000000, "otherAssets": 20809000000, "totalAssets": 639687000000, "accountsPayable": 96377000000, "shortLongTermDebt": 20000000, "otherCurrentLiab": 33546000000, "longTermDebt": 80000000, "otherLiab": 26905000000, "minorityInterest": 176000000, "totalCurrentLiabilities": 141605000000, "totalLiab": 168590000000, "commonStock": 1510000000, "retainedEarnings": 446601000000, "treasuryStock": 18569000000, "capitalSurplus": 4241000000, "otherStockholderEquity": 18569000000, "totalStockholderEquity": 470921000000, "netTangibleAssets": 466410000000}, {"maxAge": 1, "endDate": "2018-03-31", "cash": 740000000, "shortTermInvestments": 12424000000, "netReceivables": 18254000000, "inventory": 31602000000, "otherCurrentAssets": 15702000000, "totalCurrentAssets": 79300000000, "longTermInvestments": 349186000000, "propertyPlantEquipment": 152092000000, "intangibleAssets": 3117000000, "otherAssets": 18789000000, "totalAssets": 602484000000, "accountsPayable": 104993000000, "otherCurrentLiab": 40167000000, "longTermDebt": 100000000, "otherLiab": 22144000000, "minorityInterest": 161000000, "totalCurrentLiabilities": 154485000000, "totalLiab": 176729000000, "commonStock": 1510000000, "retainedEarnings": 400336000000, "treasuryStock": 19507000000, "capitalSurplus": 4241000000, "otherStockholderEquity": 19507000000, "totalStockholderEquity": 425594000000, "netTangibleAssets": 422477000000}, {"maxAge": 1, "endDate": "2017-03-31", "cash": 235000000, "shortTermInvestments": 21931000000, "netReceivables": 13838000000, "inventory": 32637000000, "otherCurrentAssets": 18906000000, "totalCurrentAssets": 87980000000, "longTermInvestments": 269846000000, "propertyPlantEquipment": 141900000000, "intangibleAssets": 3730000000, "otherAssets": 16149000000, "totalAssets": 519605000000, "accountsPayable": 83692000000, "otherCurrentLiab": 35109000000, "otherLiab": 16332000000, "minorityInterest": 154000000, "totalCurrentLiabilities": 132368000000, "totalLiab": 148700000000, "commonStock": 1510000000, "retainedEarnings": 348936000000, "treasuryStock": 16064000000, "capitalSurplus": 4241000000, "otherStockholderEquity": 16064000000, "totalStockholderEquity": 370751000000, "netTangibleAssets": 367021000000}], "maxAge": 86400}, "earningsTrend": {"trend": [{"maxAge": 1, "period": "0q", "endDate": "2018-06-30", "growth": 0.48900002, "earningsEstimate": {"avg": 76.24, "low": 72.21, "high": 79.4, "yearAgoEps": 51.2, "numberOfAnalysts": 3, "growth": 0.48900002}, "revenueEstimate": {"avg": 218528000000, "low": 205523000000, "high": 225685000000, "numberOfAnalysts": 3, "yearAgoRevenue": 171324000000, "growth": 0.276}, "epsTrend": {"current": 76.24, "7daysAgo": 72.21, "30daysAgo": 72.21, "60daysAgo": 72.21, "90daysAgo": 70.25}, "epsRevisions": {"upLast7days": 0, "upLast30days": 0, "downLast30days": 0, "downLast90days": {}}}, {"maxAge": 1, "period": "+1q", "endDate": "2018-09-30", "growth": 0.032, "earningsEstimate": {"avg": 84.89, "low": 84.89, "high": 84.89, "yearAgoEps": 82.24, "numberOfAnalysts": 1, "growth": 0.032}, "revenueEstimate": {"avg": 242620000000, "low": 242620000000, "high": 242620000000, "numberOfAnalysts": 1, "yearAgoRevenue": 217682000000, "growth": 0.115}, "epsTrend": {"current": 84.89, "7daysAgo": 84.89, "30daysAgo": 84.89, "60daysAgo": 84.89, "90daysAgo": 88.26}, "epsRevisions": {"upLast7days": 0, "upLast30days": 0, "downLast30days": 0, "downLast90days": {}}}, {"maxAge": 1, "period": "0y", "endDate": "2019-03-31", "growth": 0.274, "earningsEstimate": {"avg": 325.61, "low": 298.3, "high": 370.8, "yearAgoEps": 255.62, "numberOfAnalysts": 41, "growth": 0.274}, "revenueEstimate": {"avg": 921341000000, "low": 872874000000, "high": 1007800000000, "numberOfAnalysts": 41, "yearAgoRevenue": 781048000000, "growth": 0.18}, "epsTrend": {"current": 325.61, "7daysAgo": 325.61, "30daysAgo": 326.7, "60daysAgo": 329.19, "90daysAgo": 337.59}, "epsRevisions": {"upLast7days": 0, "upLast30days": 0, "downLast30days": 1, "downLast90days": {}}}, {"maxAge": 1, "period": "+1y", "endDate": "2020-03-31", "growth": 0.18200001, "earningsEstimate": {"avg": 384.75, "low": 336.7, "high": 441.8, "yearAgoEps": 325.61, "numberOfAnalysts": 41, "growth": 0.18200001}, "revenueEstimate": {"avg": 1056210000000, "low": 987623000000, "high": 1173490000000, "numberOfAnalysts": 41, "yearAgoRevenue": 921341000000, "growth": 0.146}, "epsTrend": {"current": 384.75, "7daysAgo": 384.75, "30daysAgo": 386.06, "60daysAgo": 390.0, "90daysAgo": 400.73}, "epsRevisions": {"upLast7days": 1, "upLast30days": 2, "downLast30days": 0, "downLast90days": {}}}, {"maxAge": 1, "period": "+5y", "endDate": null, "growth": 0.1935, "earningsEstimate": {"avg": {}, "low": {}, "high": {}, "yearAgoEps": {}, "numberOfAnalysts": {}, "growth": {}}, "revenueEstimate": {"avg": {}, "low": {}, "high": {}, "numberOfAnalysts": {}, "yearAgoRevenue": {}, "growth": {}}, "epsTrend": {"current": {}, "7daysAgo": {}, "30daysAgo": {}, "60daysAgo": {}, "90daysAgo": {}}, "epsRevisions": {"upLast7days": {}, "upLast30days": {}, "downLast30days": {}, "downLast90days": {}}}, {"maxAge": 1, "period": "-5y", "endDate": null, "growth": 0.29017, "earningsEstimate": {"avg": {}, "low": {}, "high": {}, "yearAgoEps": {}, "numberOfAnalysts": {}, "growth": {}}, "revenueEstimate": {"avg": {}, "low": {}, "high": {}, "numberOfAnalysts": {}, "yearAgoRevenue": {}, "growth": {}}, "epsTrend": {"current": {}, "7daysAgo": {}, "30daysAgo": {}, "60daysAgo": {}, "90daysAgo": {}}, "epsRevisions": {"upLast7days": {}, "upLast30days": {}, "downLast30days": {}, "downLast90days": {}}}], "maxAge": 1}, "financialData": {"maxAge": 86400, "currentPrice": 6459.8, "targetHighPrice": 11500.0, "targetLowPrice": 6831.0, "targetMeanPrice": 9933.63, "targetMedianPrice": 10045.0, "recommendationMean": 2.0, "recommendationKey": "buy", "numberOfAnalystOpinions": 49, "grossProfits": 220309000000, "financialCurrency": "INR"}}}