{"MARUTI.NS": {"assetProfile": {"address1": "1, Nelson Mandela Road", "address2": "Vasant Kunj", "city": "New Delhi", "zip": "110070", "country": "India", "phone": "91 11 4678 1000", "fax": "91 11 4615 0275", "website": "http://www.marutisuzuki.com", "industry": "Auto Manufacturers", "sector": "Consumer Cyclical", "longBusinessSummary": "Maruti Suzuki India Limited manufactures, purchases, and sells motor vehicles, components, and spare parts primarily in India, rest of Asia, Europe, Africa, Oceania, and Latin America. The company offers passenger vehicles, multi utility vehicles, and multi-purpose vehicles. It is also involved in the facilitation of pre-owned car sales, fleet management, and car financing. In addition, the company offers driving school, accessories, insurance, auto card, pre-owned car, and financing products and services. As of May 28, 2020, it had a network of 3,086 showrooms across 1,964 towns and cities. The company was formerly known as Maruti Udyog Limited and changed its name to Maruti Suzuki India Limited in September 2007. The company was founded in 1981 and is headquartered in New Delhi, India. Maruti Suzuki India Limited is a subsidiary of Suzuki Motor Corporation.", "companyOfficers": [{"maxAge": 1, "name": "Mr. Kenichi  Ayukawa", "age": 65, "title": "MD, CEO & Exec. Director", "yearBorn": 1955, "fiscalYear": 2020, "totalPay": 46664000, "exercisedValue": 0, "unexercisedValue": 0}, {"maxAge": 1, "name": "Mr. Ajay  Seth", "title": "CFO & Member of Exec. Board (Fin., Corp. Planning, Co. Secretarial, Legal and Internal Audit)", "fiscalYear": 2020, "totalPay": 46399351, "exercisedValue": 0, "unexercisedValue": 0}, {"maxAge": 1, "name": "Mr. Toshiaki  Hasuike", "age": 62, "title": "Sr. Exec. Officer of Engineering & Quality Assurance and Member of the Exec. Board", "yearBorn": 1958, "fiscalYear": 2020, "totalPay": 100000, "exercisedValue": 0, "unexercisedValue": 0}, {"maxAge": 1, "name": "Mr. Kenichiro  Toyofuku", "age": 50, "title": "Member of the Exec. Board, Director of Corp. Planning & Whole time Director", "yearBorn": 1970, "fiscalYear": 2020, "totalPay": 10698765, "exercisedValue": 0, "unexercisedValue": 0}, {"maxAge": 1, "name": "Mr. Sanjeev  Grover", "title": "VP, Company Sec. & Compliance Officer", "fiscalYear": 2020, "totalPay": 8335306, "exercisedValue": 0, "unexercisedValue": 0}, {"maxAge": 1, "name": "Mr. Rajiv  Gandhi", "title": "Sr. Exec. Officer of Production & Member of the Exec. Board", "exercisedValue": 0, "unexercisedValue": 0}, {"maxAge": 1, "name": "Mr. C. V. Raman", "title": "Sr. Exec. Officer of Engineering, Quality Assurance & Supply Chain and Member of Exec. Board", "exercisedValue": 0, "unexercisedValue": 0}, {"maxAge": 1, "name": "Mr. R.  Uppal", "title": "Member of the Exec. Board (Human Resource, Information Technology & Safety)", "exercisedValue": 0, "unexercisedValue": 0}, {"maxAge": 1, "name": "Mr. Randhir Singh Kalsi", "title": "Member of Exec. Board( Mktg, Sales, International Mktg, Service, Parts & Accessories and Logistics)", "exercisedValue": 0, "unexercisedValue": 0}, {"maxAge": 1, "name": "Mr. Takahiko  Hashimoto", "age": 54, "title": "Director of Marketing & Sales, Member of the Exec. Board and Whole-time Director", "yearBorn": 1966, "exercisedValue": 0, "unexercisedValue": 0}], "auditRisk": 9, "boardRisk": 7, "compensationRisk": 1, "shareHolderRightsRisk": 8, "overallRisk": 8, "governanceEpochDate": "2021-04-01 05:30:00", "compensationAsOfEpochDate": "2020-12-31 05:30:00", "maxAge": 86400}, "recommendationTrend": {"trend": [{"period": "0m", "strongBuy": 0, "buy": 0, "hold": 0, "sell": 0, "strongSell": 0}, {"period": "-1m", "strongBuy": 12, "buy": 22, "hold": 12, "sell": 1, "strongSell": 0}, {"period": "-2m", "strongBuy": 12, "buy": 23, "hold": 13, "sell": 1, "strongSell": 0}, {"period": "-3m", "strongBuy": 10, "buy": 25, "hold": 14, "sell": 1, "strongSell": 1}], "maxAge": 86400}, "cashflowStatementHistory": {"cashflowStatements": [{"maxAge": 1, "endDate": "2021-03-31", "netIncome": 43891000000, "depreciation": 30341000000, "changeToNetincome": -29035000000, "changeToAccountReceivables": 6965000000, "changeToLiabilities": 26801000000, "changeToInventory": 1649000000, "changeToOperatingActivities": 7950000000, "totalCashFromOperatingActivities": 88562000000, "capitalExpenditures": -21320000000, "investments": -50114000000, "otherCashflowsFromInvestingActivities": 702000000, "totalCashflowsFromInvestingActivities": -72913000000, "dividendsPaid": -18125000000, "netBorrowings": 3692000000, "otherCashflowsFromFinancingActivities": -1016000000, "totalCashFromFinancingActivities": -15449000000, "changeInCash": 200000000}, {"maxAge": 1, "endDate": "2020-03-31", "netIncome": 56760000000, "depreciation": 35284000000, "changeToNetincome": -31385000000, "changeToAccountReceivables": 1884000000, "changeToLiabilities": -21551000000, "changeToInventory": 1087000000, "changeToOperatingActivities": -7121000000, "totalCashFromOperatingActivities": 34958000000, "capitalExpenditures": -31947000000, "investments": 27434000000, "otherCashflowsFromInvestingActivities": 1000000000, "totalCashflowsFromInvestingActivities": -5566000000, "dividendsPaid": -24166000000, "netBorrowings": -554000000, "otherCashflowsFromFinancingActivities": -6323000000, "totalCashFromFinancingActivities": -31043000000, "changeInCash": -1651000000}, {"maxAge": 1, "endDate": "2019-03-31", "netIncome": 76491000000, "depreciation": 30208000000, "changeToNetincome": -27542000000, "changeToAccountReceivables": -8506000000, "changeToLiabilities": -8579000000, "changeToInventory": -1624000000, "changeToOperatingActivities": 5561000000, "totalCashFromOperatingActivities": 66009000000, "capitalExpenditures": -47470000000, "investments": 10289000000, "otherCashflowsFromInvestingActivities": 1334000000, "totalCashflowsFromInvestingActivities": -35399000000, "dividendsPaid": -24166000000, "netBorrowings": 388000000, "otherCashflowsFromFinancingActivities": -5701000000, "totalCashFromFinancingActivities": -29479000000, "changeInCash": 1131000000}, {"maxAge": 1, "endDate": "2018-03-31", "netIncome": 78800000000, "depreciation": 27598000000, "changeToNetincome": -16597000000, "changeToAccountReceivables": -2619000000, "changeToLiabilities": 21280000000, "changeToInventory": 1035000000, "changeToOperatingActivities": 8382000000, "totalCashFromOperatingActivities": 117879000000, "capitalExpenditures": -39116000000, "investments": -45046000000, "otherCashflowsFromInvestingActivities": 881000000, "totalCashflowsFromInvestingActivities": -83017000000, "dividendsPaid": -22656000000, "netBorrowings": -3628000000, "otherCashflowsFromFinancingActivities": -8077000000, "totalCashFromFinancingActivities": -34361000000, "changeInCash": 501000000}], "maxAge": 86400}, "indexTrend": {"maxAge": 1, "symbol": "SP5", "peRatio": 19.7411, "pegRatio": 1.34172, "estimates": [{"period": "0q", "growth": 0.549}, {"period": "+1q", "growth": 0.431}, {"period": "0y", "growth": 0.305}, {"period": "+1y", "growth": 0.109}, {"period": "+5y", "growth": 0.120865}, {"period": "-5y"}]}, "defaultKeyStatistics": {"maxAge": 1, "priceHint": 2, "enterpriseValue": 1867444125696, "profitMargins": 0.06237, "floatShares": 129432020, "sharesOutstanding": 302080000, "heldPercentInsiders": 0.56375, "heldPercentInstitutions": 0.25365, "beta": 0.997715, "category": null, "bookValue": 1738.176, "priceToBook": 3.714037, "fundFamily": null, "legalType": null, "lastFiscalYearEnd": "2021-03-31 05:30:00", "nextFiscalYearEnd": "2023-03-31 05:30:00", "mostRecentQuarter": "2021-03-31 05:30:00", "earningsQuarterlyGrowth": -0.061, "netIncomeToCommon": 43890999296, "trailingEps": 145.3, "forwardEps": 257.27, "lastSplitFactor": null, "enterpriseToRevenue": 2.654, "enterpriseToEbitda": 34.895}, "industryTrend": {"maxAge": 1, "symbol": null, "estimates": []}, "quoteType": {"exchange": "NSI", "quoteType": "EQUITY", "symbol": "MARUTI.NS", "underlyingSymbol": "MARUTI.NS", "shortName": "MARUTI SUZUKI IND", "longName": "Maruti Suzuki India Limited", "firstTradeDateEpochUtc": "2003-07-09 09:15:00", "timeZoneFullName": "Asia/Kolkata", "timeZoneShortName": "IST", "uuid": "2b186ade-01ba-3c85-b686-b892dbd32072", "gmtOffSetMilliseconds": 19800000, "maxAge": 1}, "incomeStatementHistory": {"incomeStatementHistory": [{"maxAge": 1, "endDate": "2021-03-31", "totalRevenue": 703720000000, "costOfRevenue": 507513000000, "grossProfit": 196207000000, "researchDevelopment": {}, "sellingGeneralAdministrative": 34316000000, "nonRecurring": {}, "otherOperatingExpenses": 108375000000, "totalOperatingExpenses": 680545000000, "operatingIncome": 23175000000, "totalOtherIncomeExpenseNet": 30035000000, "ebit": 23175000000, "interestExpense": -1018000000, "incomeBeforeTax": 53210000000, "incomeTaxExpense": 9319000000, "minorityInterest": {}, "netIncomeFromContinuingOps": 43891000000, "discontinuedOperations": {}, "extraordinaryItems": {}, "effectOfAccountingCharges": {}, "otherItems": {}, "netIncome": 43891000000, "netIncomeApplicableToCommonShares": 43891000000}, {"maxAge": 1, "endDate": "2020-03-31", "totalRevenue": 756600000000, "costOfRevenue": 536291000000, "grossProfit": 220309000000, "researchDevelopment": {}, "sellingGeneralAdministrative": 56247000000, "nonRecurring": {}, "otherOperatingExpenses": 90512000000, "totalOperatingExpenses": 718334000000, "operatingIncome": 38266000000, "totalOtherIncomeExpenseNet": 32762000000, "ebit": 38266000000, "interestExpense": -1342000000, "incomeBeforeTax": 71028000000, "incomeTaxExpense": 14252000000, "minorityInterest": 192000000, "netIncomeFromContinuingOps": 56776000000, "discontinuedOperations": {}, "extraordinaryItems": {}, "effectOfAccountingCharges": {}, "otherItems": {}, "netIncome": 56760000000, "netIncomeApplicableToCommonShares": 56760000000}, {"maxAge": 1, "endDate": "2019-03-31", "totalRevenue": 860685000000, "costOfRevenue": 602256000000, "grossProfit": 258429000000, "researchDevelopment": {}, "sellingGeneralAdministrative": 53910000000, "nonRecurring": {}, "otherOperatingExpenses": 92172000000, "totalOperatingExpenses": 778546000000, "operatingIncome": 82139000000, "totalOtherIncomeExpenseNet": 24099000000, "ebit": 82139000000, "interestExpense": -759000000, "incomeBeforeTax": 106238000000, "incomeTaxExpense": 29732000000, "minorityInterest": 176000000, "netIncomeFromContinuingOps": 76506000000, "discontinuedOperations": {}, "extraordinaryItems": {}, "effectOfAccountingCharges": {}, "otherItems": {}, "netIncome": 76491000000, "netIncomeApplicableToCommonShares": 76491000000}, {"maxAge": 1, "endDate": "2018-03-31", "totalRevenue": 798094000000, "costOfRevenue": 552120000000, "grossProfit": 245974000000, "researchDevelopment": {}, "sellingGeneralAdministrative": 48967000000, "nonRecurring": {}, "otherOperatingExpenses": 74922000000, "totalOperatingExpenses": 703604000000, "operatingIncome": 94490000000, "totalOtherIncomeExpenseNet": 17179000000, "ebit": 94490000000, "interestExpense": -3458000000, "incomeBeforeTax": 111669000000, "incomeTaxExpense": 32862000000, "minorityInterest": 161000000, "netIncomeFromContinuingOps": 78807000000, "discontinuedOperations": {}, "extraordinaryItems": {}, "effectOfAccountingCharges": {}, "otherItems": {}, "netIncome": 78800000000, "netIncomeApplicableToCommonShares": 78800000000}], "maxAge": 86400}, "fundOwnership": {"ownershipList": [{"maxAge": 1, "reportDate": "2021-03-31", "organization": "Europacific Growth Fund", "pctHeld": 0.011, "position": 3331600, "value": 22852110720}, {"maxAge": 1, "reportDate": "2021-01-31", "organization": "Vanguard International Stock Index-Total Intl Stock Indx", "pctHeld": 0.0056, "position": 1679956, "value": 12106854907}, {"maxAge": 1, "reportDate": "2021-01-31", "organization": "Vanguard International Stock Index-Emerging Markets Stk", "pctHeld": 0.0056, "position": 1676651, "value": 12083036929}, {"maxAge": 1, "reportDate": "2021-03-31", "organization": "iShares Core MSCI Emerging Markets ETF", "pctHeld": 0.0039, "position": 1185643, "value": 8132562465}, {"maxAge": 1, "reportDate": "2021-03-31", "organization": "iShares MSCI India ETF", "pctHeld": 0.0032, "position": 952137, "value": 6530898110}, {"maxAge": 1, "reportDate": "2021-01-31", "organization": "Price (T.Rowe) International Stock Fund", "pctHeld": 0.003, "position": 897151, "value": 6465453254}, {"maxAge": 1, "reportDate": "2021-01-31", "organization": "Harding, Loevner Funds, Inc.-Institutional Emerging Markets Portfolio", "pctHeld": 0.0022, "position": 660576, "value": 4760540030}, {"maxAge": 1, "reportDate": "2021-03-31", "organization": "iShares MSCI Emerging Markets ETF", "pctHeld": 0.0017, "position": 522836, "value": 3586236691}, {"maxAge": 1, "reportDate": "2021-01-31", "organization": "Principal Diversified International Fund", "pctHeld": 0.0016, "position": 493390, "value": 3555689043}, {"maxAge": 1, "reportDate": "2021-01-31", "organization": "Price (T.Rowe) Emerging Markets Stock Fund", "pctHeld": 0.0016, "position": 482245, "value": 3475370929}], "maxAge": 1}, "summaryDetail": {"maxAge": 1, "priceHint": 2, "previousClose": 6565.65, "open": 6537.1, "dayLow": 6421.0, "dayHigh": 6559.6, "regularMarketPreviousClose": 6565.65, "regularMarketOpen": 6537.1, "regularMarketDayLow": 6421.0, "regularMarketDayHigh": 6559.6, "dividendRate": 60.0, "dividendYield": 0.0091, "exDividendDate": "2020-08-13 05:30:00", "payoutRatio": 0.4055, "fiveYearAvgDividendYield": 0.93, "beta": 0.997715, "trailingPE": 44.4298, "forwardPE": 25.0929, "volume": 849748, "regularMarketVolume": 849748, "averageVolume": 1128985, "averageVolume10days": 828319, "averageDailyVolume10Day": 828319, "bid": 0.0, "ask": 0.0, "bidSize": 0, "askSize": 0, "marketCap": 1950122770432, "fiftyTwoWeekLow": 4120.0, "fiftyTwoWeekHigh": 8329.0, "priceToSalesTrailing12Months": 2.771163, "fiftyDayAverage": 7124.5767, "twoHundredDayAverage": 7261.014, "trailingAnnualDividendRate": 45.0, "trailingAnnualDividendYield": 0.006853853, "currency": "INR", "fromCurrency": null, "lastMarket": null, "algorithm": null, "tradeable": false}, "insiderHolders": {"holders": [{"maxAge": 1, "name": "HSBC Global Investment Asset Management", "relation": "Investment Management Company", "url": "", "transactionDescription": "Sale", "latestTransDate": "2012-06-29", "positionDirect": 14433936, "positionDirectDate": "2012-06-29"}, {"maxAge": 1, "name": "LIC of India Market Plus", "relation": "Investment Advisor", "url": "", "transactionDescription": "Sale", "latestTransDate": "2009-09-24", "positionDirect": 36964231, "positionDirectDate": "2009-09-24"}, {"maxAge": 1, "name": "Life Insurance Corporation of India", "relation": "Institution- Corporation", "url": "", "transactionDescription": "Sale", "latestTransDate": "2013-05-17", "positionDirect": 24911530, "positionDirectDate": "2013-05-17"}, {"maxAge": 1, "name": "Suzuki Motor Corporation", "relation": "Promoter", "url": "", "transactionDescription": "Acquisition", "latestTransDate": "2020-09-09", "positionDirect": 170283762, "positionDirectDate": "2020-09-09"}], "maxAge": 1}, "calendarEvents": {"maxAge": 1, "earnings": {"earningsDate": ["2021-07-27 05:30:S", "2021-07-31 05:30:S"], "revenueAverage": 198531000000, "revenueLow": 194058000000, "revenueHigh": 203003000000}, "exDividendDate": "2020-08-13 05:30:00"}, "upgradeDowngradeHistory": {"history": [], "maxAge": 86400}, "price": {"maxAge": 1, "regularMarketChangePercent": -0.016753864, "regularMarketChange": -110.0, "regularMarketTime": "2021-04-30 15:30:00", "priceHint": 2, "regularMarketPrice": 6455.65, "regularMarketDayHigh": 6559.6, "regularMarketDayLow": 6421.0, "regularMarketVolume": 849748, "averageDailyVolume10Day": 828319, "averageDailyVolume3Month": 1128985, "regularMarketPreviousClose": 6565.65, "regularMarketSource": "FREE_REALTIME", "regularMarketOpen": 6537.1, "exchange": "NSI", "exchangeName": "NSE", "exchangeDataDelayedBy": 15, "marketState": "CLOSED", "quoteType": "EQUITY", "symbol": "MARUTI.NS", "underlyingSymbol": null, "shortName": "MARUTI SUZUKI IND", "longName": "Maruti Suzuki India Limited", "currency": "INR", "quoteSourceName": "Delayed Quote", "currencySymbol": "\u20b9", "fromCurrency": null, "lastMarket": null, "marketCap": 1950122770432}, "balanceSheetHistory": {"balanceSheetStatements": [{"maxAge": 1, "endDate": "2021-03-31", "cash": 30471000000, "shortTermInvestments": 90584000000, "netReceivables": 13029000000, "inventory": 30490000000, "otherCurrentAssets": 20869000000, "totalCurrentAssets": 185443000000, "longTermInvestments": 345660000000, "propertyPlantEquipment": 159638000000, "intangibleAssets": 5217000000, "otherAssets": 16869000000, "totalAssets": 712827000000, "accountsPayable": 101681000000, "otherCurrentLiab": 54562000000, "longTermDebt": 28000000, "otherLiab": 26196000000, "totalCurrentLiabilities": 161205000000, "totalLiab": 187821000000, "commonStock": 1510000000, "treasuryStock": 523496000000, "otherStockholderEquity": 523496000000, "totalStockholderEquity": 525006000000, "netTangibleAssets": 519789000000}, {"maxAge": 1, "endDate": "2020-03-31", "cash": 290000000, "shortTermInvestments": 12203000000, "netReceivables": 28025000000, "inventory": 32139000000, "otherCurrentAssets": 10747000000, "totalCurrentAssets": 84406000000, "longTermInvestments": 362822000000, "propertyPlantEquipment": 167529000000, "intangibleAssets": 4067000000, "otherAssets": 17453000000, "totalAssets": 636277000000, "accountsPayable": 74988000000, "shortLongTermDebt": 23000000, "otherCurrentLiab": 30885000000, "longTermDebt": 54000000, "otherLiab": 28249000000, "minorityInterest": 192000000, "totalCurrentLiabilities": 113054000000, "totalLiab": 141955000000, "commonStock": 1510000000, "retainedEarnings": 472974000000, "treasuryStock": 15405000000, "capitalSurplus": 4241000000, "otherStockholderEquity": 15405000000, "totalStockholderEquity": 494130000000, "netTangibleAssets": 490063000000}, {"maxAge": 1, "endDate": "2019-03-31", "cash": 1878000000, "shortTermInvestments": 50617000000, "netReceivables": 30815000000, "inventory": 33226000000, "otherCurrentAssets": 6421000000, "totalCurrentAssets": 123727000000, "longTermInvestments": 324709000000, "propertyPlantEquipment": 165931000000, "intangibleAssets": 4511000000, "otherAssets": 20809000000, "totalAssets": 639687000000, "accountsPayable": 96377000000, "shortLongTermDebt": 20000000, "otherCurrentLiab": 33546000000, "longTermDebt": 80000000, "otherLiab": 26905000000, "minorityInterest": 176000000, "totalCurrentLiabilities": 141605000000, "totalLiab": 168590000000, "commonStock": 1510000000, "retainedEarnings": 446601000000, "treasuryStock": 18569000000, "capitalSurplus": 4241000000, "otherStockholderEquity": 18569000000, "totalStockholderEquity": 470921000000, "netTangibleAssets": 466410000000}, {"maxAge": 1, "endDate": "2018-03-31", "cash": 740000000, "shortTermInvestments": 12424000000, "netReceivables": 18254000000, "inventory": 31602000000, "otherCurrentAssets": 15702000000, "totalCurrentAssets": 79300000000, "longTermInvestments": 349186000000, "propertyPlantEquipment": 152092000000, "intangibleAssets": 3117000000, "otherAssets": 18789000000, "totalAssets": 602484000000, "accountsPayable": 104993000000, "otherCurrentLiab": 40167000000, "longTermDebt": 100000000, "otherLiab": 22144000000, "minorityInterest": 161000000, "totalCurrentLiabilities": 154485000000, "totalLiab": 176729000000, "commonStock": 1510000000, "retainedEarnings": 400336000000, "treasuryStock": 19507000000, "capitalSurplus": 4241000000, "otherStockholderEquity": 19507000000, "totalStockholderEquity": 425594000000, "netTangibleAssets": 422477000000}], "maxAge": 86400}, "earningsTrend": {"trend": [{"maxAge": 1, "period": "0q", "endDate": "2018-12-31", "growth": {}, "earningsEstimate": {"avg": 0.0, "low": 0.0, "high": 0.0, "yearAgoEps": 59.56, "numberOfAnalysts": 0, "growth": {}}, "revenueEstimate": {"avg": 198531000000, "low": 194058000000, "high": 203003000000, "numberOfAnalysts": 2, "yearAgoRevenue": 192832000000, "growth": 0.03}, "epsTrend": {"current": 0.0, "7daysAgo": 66.35, "30daysAgo": 66.35, "60daysAgo": 66.35, "90daysAgo": 66.35}, "epsRevisions": {"upLast7days": 0, "upLast30days": 0, "downLast30days": 1, "downLast90days": {}}}, {"maxAge": 1, "period": "+1q", "endDate": "2019-03-31", "growth": {}, "earningsEstimate": {"avg": 0.0, "low": 0.0, "high": 0.0, "yearAgoEps": 62.3, "numberOfAnalysts": 0, "growth": {}}, "revenueEstimate": {"avg": 249019000000, "low": 227816000000, "high": 270223000000, "numberOfAnalysts": 2, "yearAgoRevenue": 205943000000, "growth": 0.20899999}, "epsTrend": {"current": 0.0, "7daysAgo": 87.17, "30daysAgo": 87.17, "60daysAgo": 87.17, "90daysAgo": 87.17}, "epsRevisions": {"upLast7days": 1, "upLast30days": 1, "downLast30days": 0, "downLast90days": {}}}, {"maxAge": 1, "period": "0y", "endDate": "2019-03-31", "growth": {}, "earningsEstimate": {"avg": 0.0, "low": 0.0, "high": 0.0, "yearAgoEps": {}, "numberOfAnalysts": 0, "growth": {}}, "revenueEstimate": {"avg": 902218000000, "low": 832962000000, "high": 1009030000000, "numberOfAnalysts": 40, "yearAgoRevenue": 781048000000, "growth": 0.155}, "epsTrend": {"current": 0.0, "7daysAgo": 295.65, "30daysAgo": 295.65, "60daysAgo": 295.65, "90daysAgo": 295.65}, "epsRevisions": {"upLast7days": 0, "upLast30days": 0, "downLast30days": 1, "downLast90days": {}}}, {"maxAge": 1, "period": "+1y", "endDate": "2020-03-31", "growth": {}, "earningsEstimate": {"avg": 0.0, "low": 0.0, "high": 0.0, "yearAgoEps": {}, "numberOfAnalysts": 0, "growth": {}}, "revenueEstimate": {"avg": 1019270000000, "low": 927994000000, "high": 1139350000000, "numberOfAnalysts": 40, "yearAgoRevenue": 902218000000, "growth": 0.13}, "epsTrend": {"current": 0.0, "7daysAgo": 340.04, "30daysAgo": 340.04, "60daysAgo": 340.04, "90daysAgo": 340.04}, "epsRevisions": {"upLast7days": 0, "upLast30days": 1, "downLast30days": 2, "downLast90days": {}}}, {"maxAge": 1, "period": "+5y", "endDate": null, "growth": 0.126, "earningsEstimate": {"avg": {}, "low": {}, "high": {}, "yearAgoEps": {}, "numberOfAnalysts": {}, "growth": {}}, "revenueEstimate": {"avg": {}, "low": {}, "high": {}, "numberOfAnalysts": {}, "yearAgoRevenue": {}, "growth": {}}, "epsTrend": {"current": {}, "7daysAgo": {}, "30daysAgo": {}, "60daysAgo": {}, "90daysAgo": {}}, "epsRevisions": {"upLast7days": {}, "upLast30days": {}, "downLast30days": {}, "downLast90days": {}}}, {"maxAge": 1, "period": "-5y", "endDate": null, "growth": {}, "earningsEstimate": {"avg": {}, "low": {}, "high": {}, "yearAgoEps": {}, "numberOfAnalysts": {}, "growth": {}}, "revenueEstimate": {"avg": {}, "low": {}, "high": {}, "numberOfAnalysts": {}, "yearAgoRevenue": {}, "growth": {}}, "epsTrend": {"current": {}, "7daysAgo": {}, "30daysAgo": {}, "60daysAgo": {}, "90daysAgo": {}}, "epsRevisions": {"upLast7days": {}, "upLast30days": {}, "downLast30days": {}, "downLast90days": {}}}], "maxAge": 1}, "institutionOwnership": {"ownershipList": [], "maxAge": 1}, "majorHoldersBreakdown": {"maxAge": 1, "insidersPercentHeld": 0.56375, "institutionsPercentHeld": 0.25365, "institutionsFloatPercentHeld": 0.58145, "institutionsCount": 263}, "balanceSheetHistoryQuarterly": {"balanceSheetStatements": [{"maxAge": 1, "endDate": "2021-03-31", "cash": 30471000000, "shortTermInvestments": 90584000000, "netReceivables": 13029000000, "inventory": 30490000000, "otherCurrentAssets": 20869000000, "totalCurrentAssets": 185443000000, "longTermInvestments": 345660000000, "propertyPlantEquipment": 159638000000, "intangibleAssets": 5217000000, "otherAssets": 16869000000, "totalAssets": 712827000000, "accountsPayable": 101681000000, "otherCurrentLiab": 54562000000, "longTermDebt": 28000000, "otherLiab": 26196000000, "totalCurrentLiabilities": 161205000000, "totalLiab": 187821000000, "commonStock": 1510000000, "treasuryStock": 523496000000, "otherStockholderEquity": 523496000000, "totalStockholderEquity": 525006000000, "netTangibleAssets": 519789000000}, {"maxAge": 1, "endDate": "2020-12-31", "totalStockholderEquity": 489626000000, "netTangibleAssets": 484663000000}, {"maxAge": 1, "endDate": "2020-09-30", "cash": 563000000, "shortTermInvestments": 26989000000, "netReceivables": 21916000000, "inventory": 26258000000, "otherCurrentAssets": 14162000000, "totalCurrentAssets": 89888000000, "longTermInvestments": 367765000000, "propertyPlantEquipment": 162819000000, "intangibleAssets": 4963000000, "otherAssets": 15526000000, "totalAssets": 640961000000, "accountsPayable": 80715000000, "otherCurrentLiab": 42440000000, "longTermDebt": 41000000, "otherLiab": 25940000000, "totalCurrentLiabilities": 124819000000, "totalLiab": 151335000000, "commonStock": 1510000000, "treasuryStock": 488116000000, "otherStockholderEquity": 488116000000, "totalStockholderEquity": 489626000000, "netTangibleAssets": 484663000000}, {"maxAge": 1, "endDate": "2020-06-30", "totalStockholderEquity": 494130000000, "netTangibleAssets": 490063000000}], "maxAge": 86400}, "earningsHistory": {"history": [{"maxAge": 1, "epsActual": 59.56, "epsEstimate": 66.09, "epsDifference": -6.53, "surprisePercent": -0.099, "quarter": "2017-12-31", "period": "-4q"}, {"maxAge": 1, "epsActual": 62.3, "epsEstimate": 69.01, "epsDifference": -6.71, "surprisePercent": -0.096999995, "quarter": "2018-03-31", "period": "-3q"}, {"maxAge": 1, "epsActual": 65.39, "epsEstimate": 75.44, "epsDifference": -10.05, "surprisePercent": -0.133, "quarter": "2018-06-30", "period": "-2q"}, {"maxAge": 1, "epsActual": 74.17, "epsEstimate": 67.63, "epsDifference": 6.54, "surprisePercent": 0.096999995, "quarter": "2018-09-30", "period": "-1q"}], "maxAge": 86400}, "esgScores": {"maxAge": 86400, "totalEsg": 26.42, "environmentScore": 6.51, "socialScore": 10.95, "governanceScore": 8.96, "ratingYear": 2021, "ratingMonth": 3, "highestControversy": 4.0, "esgPerformance": null, "peerCount": 38, "peerGroup": "Automobiles", "relatedControversy": ["Employee Incidents"], "peerEsgScorePerformance": {"min": 12.51, "avg": 26.777894736842114, "max": 41.06}, "peerGovernancePerformance": {"min": 5.94, "avg": 9.030263157894737, "max": 16.54}, "peerSocialPerformance": {"min": 3.51, "avg": 10.629210526315788, "max": 17.31}, "peerEnvironmentPerformance": {"min": 2.27, "avg": 7.1205263157894745, "max": 13.15}, "peerHighestControversyPerformance": {"min": 0.0, "avg": 2.5789473684210527, "max": 5.0}, "percentile": 44.23, "environmentPercentile": 0.0, "socialPercentile": 0.0, "governancePercentile": 0.0, "adult": false, "alcoholic": false, "animalTesting": false, "catholic": false, "controversialWeapons": false, "smallArms": false, "furLeather": false, "gambling": false, "gmo": false, "militaryContract": false, "nuclear": false, "pesticides": false, "palmOil": false, "coal": false, "tobacco": false}, "summaryProfile": {"address1": "1, Nelson Mandela Road", "address2": "Vasant Kunj", "city": "New Delhi", "zip": "110070", "country": "India", "phone": "91 11 4678 1000", "fax": "91 11 4615 0275", "website": "http://www.marutisuzuki.com", "industry": "Auto Manufacturers", "sector": "Consumer Cyclical", "longBusinessSummary": "Maruti Suzuki India Limited manufactures, purchases, and sells motor vehicles, components, and spare parts primarily in India, rest of Asia, Europe, Africa, Oceania, and Latin America. The company offers passenger vehicles, multi utility vehicles, and multi-purpose vehicles. It is also involved in the facilitation of pre-owned car sales, fleet management, and car financing. In addition, the company offers driving school, accessories, insurance, auto card, pre-owned car, and financing products and services. As of May 28, 2020, it had a network of 3,086 showrooms across 1,964 towns and cities. The company was formerly known as Maruti Udyog Limited and changed its name to Maruti Suzuki India Limited in September 2007. The company was founded in 1981 and is headquartered in New Delhi, India. Maruti Suzuki India Limited is a subsidiary of Suzuki Motor Corporation.", "companyOfficers": [], "maxAge": 86400}, "netSharePurchaseActivity": {"maxAge": 1, "period": "6m", "buyInfoCount": 0, "buyInfoShares": 0, "sellInfoCount": 0, "netInfoCount": 0, "netInfoShares": 0, "netPercentInsiderShares": 0.0, "totalInsiderShares": 170277472}, "insiderTransactions": {"transactions": [{"maxAge": 1, "shares": 284322, "value": 27873478, "filerUrl": "", "transactionText": "Acquisition at price 98.03 per share.", "filerName": "Suzuki Motor Corporation", "filerRelation": "Promoter", "moneyText": "", "startDate": "2020-09-09", "ownership": "D"}, {"maxAge": 1, "shares": 211000, "filerUrl": "", "transactionText": "", "filerName": "Suzuki Motor Corporation", "filerRelation": "Promoter", "moneyText": "", "startDate": "2020-03-06", "ownership": "D"}, {"maxAge": 1, "shares": 6223598, "filerUrl": "", "transactionText": "", "filerName": "Life Insurance Corporation of India", "filerRelation": "Institution- Corporation", "moneyText": "", "startDate": "2013-05-17", "ownership": "D"}, {"maxAge": 1, "shares": 5829103, "filerUrl": "", "transactionText": "", "filerName": "Life Insurance Corporation of India", "filerRelation": "Institution- Corporation", "moneyText": "", "startDate": "2012-11-20", "ownership": "D"}, {"maxAge": 1, "shares": 5902644, "filerUrl": "", "transactionText": "", "filerName": "HSBC Global Investment Asset Management", "filerRelation": "Investment Management Company", "moneyText": "", "startDate": "2012-06-29", "ownership": "D"}, {"maxAge": 1, "shares": 5850580, "filerUrl": "", "transactionText": "", "filerName": "HSBC Global Investment Asset Management", "filerRelation": "UNREPORTED", "moneyText": "", "startDate": "2010-09-14", "ownership": "D"}, {"maxAge": 1, "shares": 188460, "filerUrl": "", "transactionText": "", "filerName": "HSBC Global Investment Asset Management", "filerRelation": "UNREPORTED", "moneyText": "", "startDate": "2009-10-30", "ownership": "D"}, {"maxAge": 1, "shares": 5845079, "filerUrl": "", "transactionText": "", "filerName": "LIC of India Market Plus", "filerRelation": "Investment Advisor", "moneyText": "", "startDate": "2009-09-24", "ownership": "D"}], "maxAge": 1}, "sectorTrend": {"maxAge": 1, "symbol": null, "estimates": []}, "incomeStatementHistoryQuarterly": {"incomeStatementHistory": [{"maxAge": 1, "endDate": "2021-03-31", "totalRevenue": 240345000000, "costOfRevenue": 177345000000, "grossProfit": 63000000000, "researchDevelopment": {}, "sellingGeneralAdministrative": 9060000000, "nonRecurring": {}, "otherOperatingExpenses": 33993000000, "totalOperatingExpenses": 227814000000, "operatingIncome": 12531000000, "totalOtherIncomeExpenseNet": 1305000000, "ebit": 12531000000, "interestExpense": -326000000, "incomeBeforeTax": 13836000000, "incomeTaxExpense": 1425000000, "minorityInterest": {}, "netIncomeFromContinuingOps": 12411000000, "discontinuedOperations": {}, "extraordinaryItems": {}, "effectOfAccountingCharges": {}, "otherItems": {}, "netIncome": 12411000000, "netIncomeApplicableToCommonShares": 12411000000}, {"maxAge": 1, "endDate": "2020-12-31", "totalRevenue": 234713000000, "costOfRevenue": 169977000000, "grossProfit": 64736000000, "researchDevelopment": {}, "sellingGeneralAdministrative": 9543000000, "nonRecurring": {}, "otherOperatingExpenses": 32915000000, "totalOperatingExpenses": 219855000000, "operatingIncome": 14858000000, "totalOtherIncomeExpenseNet": 10245000000, "ebit": 14858000000, "interestExpense": -290000000, "incomeBeforeTax": 25103000000, "incomeTaxExpense": 5136000000, "minorityInterest": {}, "netIncomeFromContinuingOps": 19967000000, "discontinuedOperations": {}, "extraordinaryItems": {}, "effectOfAccountingCharges": {}, "otherItems": {}, "netIncome": 19967000000, "netIncomeApplicableToCommonShares": 19967000000}, {"maxAge": 1, "endDate": "2020-09-30", "totalRevenue": 187556000000, "costOfRevenue": 130933000000, "grossProfit": 56623000000, "researchDevelopment": {}, "sellingGeneralAdministrative": 8333000000, "nonRecurring": {}, "otherOperatingExpenses": 28926000000, "totalOperatingExpenses": 175857000000, "operatingIncome": 11699000000, "totalOtherIncomeExpenseNet": 6269000000, "ebit": 11699000000, "interestExpense": -226000000, "incomeBeforeTax": 17968000000, "incomeTaxExpense": 3772000000, "minorityInterest": {}, "netIncomeFromContinuingOps": 14196000000, "discontinuedOperations": {}, "extraordinaryItems": {}, "effectOfAccountingCharges": {}, "otherItems": {}, "netIncome": 14196000000, "netIncomeApplicableToCommonShares": 14196000000}, {"maxAge": 1, "endDate": "2020-06-30", "totalRevenue": 41106000000, "costOfRevenue": 29258000000, "grossProfit": 11848000000, "researchDevelopment": {}, "sellingGeneralAdministrative": 7380000000, "nonRecurring": {}, "otherOperatingExpenses": 13120000000, "totalOperatingExpenses": 57598000000, "operatingIncome": -16492000000, "totalOtherIncomeExpenseNet": 12795000000, "ebit": -16492000000, "interestExpense": -176000000, "incomeBeforeTax": -3697000000, "incomeTaxExpense": -1014000000, "minorityInterest": {}, "netIncomeFromContinuingOps": -2683000000, "discontinuedOperations": {}, "extraordinaryItems": {}, "effectOfAccountingCharges": {}, "otherItems": {}, "netIncome": -2669000000, "netIncomeApplicableToCommonShares": -2669000000}], "maxAge": 86400}, "cashflowStatementHistoryQuarterly": {"cashflowStatements": [{"maxAge": 1, "endDate": "2021-03-31", "netIncome": 12411000000, "changeToLiabilities": 0}, {"maxAge": 1, "endDate": "2020-12-31", "netIncome": 19967000000, "changeToLiabilities": 0}, {"maxAge": 1, "endDate": "2020-09-30", "netIncome": 14196000000, "changeToLiabilities": 0}, {"maxAge": 1, "endDate": "2020-06-30", "netIncome": -2669000000, "changeToLiabilities": 0}], "maxAge": 86400}, "earnings": {"maxAge": 86400, "earningsChart": {"quarterly": [{"date": "4Q2017", "actual": 59.56, "estimate": 66.09}, {"date": "1Q2018", "actual": 62.3, "estimate": 69.01}, {"date": "2Q2018", "actual": 65.39, "estimate": 75.44}, {"date": "3Q2018", "actual": 74.17, "estimate": 67.63}], "currentQuarterEstimateDate": "4Q", "currentQuarterEstimateYear": 2018, "earningsDate": ["2021-07-27 05:30:S", "2021-07-31 05:30:S"]}, "financialsChart": {"yearly": [{"date": 2018, "revenue": 798094000000, "earnings": 78800000000}, {"date": 2019, "revenue": 860685000000, "earnings": 76491000000}, {"date": 2020, "revenue": 756600000000, "earnings": 56760000000}, {"date": 2021, "revenue": 703720000000, "earnings": 43891000000}], "quarterly": [{"date": "2Q2020", "revenue": 41106000000, "earnings": -2669000000}, {"date": "3Q2020", "revenue": 187556000000, "earnings": 14196000000}, {"date": "4Q2020", "revenue": 234713000000, "earnings": 19967000000}, {"date": "1Q2021", "revenue": 240345000000, "earnings": 12411000000}]}, "financialCurrency": "INR"}, "financialData": {"maxAge": 86400, "currentPrice": 6455.65, "targetHighPrice": 10400.0, "targetLowPrice": 5670.0, "targetMeanPrice": 8266.72, "targetMedianPrice": 8293.5, "recommendationKey": "none", "numberOfAnalystOpinions": 46, "totalCash": 121055002624, "totalCashPerShare": 400.786, "ebitda": 53516001280, "totalDebt": 5382000128, "quickRatio": 0.83, "currentRatio": 1.15, "totalRevenue": 703719997440, "debtToEquity": 1.025, "revenuePerShare": 2329.647, "returnOnAssets": 0.021470001, "returnOnEquity": 0.08612, "grossProfits": 196207000000, "freeCashflow": 72656125952, "operatingCashflow": 88561999872, "earningsGrowth": -0.061, "revenueGrowth": 0.32, "grossMargins": 0.27881, "ebitdaMargins": 0.07605, "operatingMargins": 0.03293, "profitMargins": 0.06237, "financialCurrency": "INR"}}}