{"MASFIN.BO": {"recommendationTrend": {"trend": [{"period": "0m", "strongBuy": 0, "buy": 0, "hold": 0, "sell": 0, "strongSell": 0}, {"period": "-1m", "strongBuy": 0, "buy": 0, "hold": 0, "sell": 0, "strongSell": 0}, {"period": "-2m", "strongBuy": 0, "buy": 0, "hold": 0, "sell": 0, "strongSell": 0}, {"period": "-3m", "strongBuy": 0, "buy": 0, "hold": 0, "sell": 0, "strongSell": 0}], "maxAge": 86400}, "cashflowStatementHistory": {"cashflowStatements": [{"maxAge": 1, "endDate": "2020-03-31", "netIncome": 1799576000, "depreciation": 28505000, "changeToNetincome": 99485000, "changeToLiabilities": 21268000, "changeToOperatingActivities": 14507000, "totalCashFromOperatingActivities": 1963341000, "capitalExpenditures": -46141000, "investments": -50000000, "otherCashflowsFromInvestingActivities": 138255000, "totalCashflowsFromInvestingActivities": 42167000, "dividendsPaid": -769287000, "netBorrowings": 5249210000, "totalCashFromFinancingActivities": 4479923000, "changeInCash": 6485431000}, {"maxAge": 1, "endDate": "2019-03-31", "netIncome": 1535369000, "depreciation": 15102000, "changeToNetincome": 543031000, "changeToLiabilities": 23935000, "changeToOperatingActivities": -6798407000, "totalCashFromOperatingActivities": -4680036000, "capitalExpenditures": -20045000, "investments": 996000, "otherCashflowsFromInvestingActivities": 157187000, "totalCashflowsFromInvestingActivities": 138517000, "dividendsPaid": -244929000, "netBorrowings": 8242620000, "otherCashflowsFromFinancingActivities": 20000000, "totalCashFromFinancingActivities": 8017691000, "changeInCash": 3476172000}, {"maxAge": 1, "endDate": "2018-03-31", "netIncome": 1043797000, "depreciation": 15582000, "changeToNetincome": 516955000, "changeToLiabilities": 8482000, "changeToOperatingActivities": -5445458000, "totalCashFromOperatingActivities": -3859821000, "capitalExpenditures": -485423000, "investments": -77000, "otherCashflowsFromInvestingActivities": -3133000, "totalCashflowsFromInvestingActivities": -488620000, "dividendsPaid": -103807000, "netBorrowings": 1914317000, "otherCashflowsFromFinancingActivities": -239991000, "totalCashFromFinancingActivities": 4376940000, "changeInCash": 28499000, "issuanceOfStock": 2806421000}, {"maxAge": 1, "endDate": "2017-03-31", "netIncome": 685328000, "depreciation": 13659000, "changeToNetincome": 350052000, "changeToLiabilities": -19318000, "changeToOperatingActivities": -2672542000, "totalCashFromOperatingActivities": -1642715000, "capitalExpenditures": -40599000, "investments": 2663000, "otherCashflowsFromInvestingActivities": -253000, "totalCashflowsFromInvestingActivities": -38047000, "dividendsPaid": -198851000, "netBorrowings": -462869000, "otherCashflowsFromFinancingActivities": -40266000, "totalCashFromFinancingActivities": 338014000, "changeInCash": -1342748000, "issuanceOfStock": 1000000000}], "maxAge": 86400}, "institutionOwnership": {"maxAge": 1, "ownershipList": []}, "balanceSheetHistoryQuarterly": {"balanceSheetStatements": [{"maxAge": 1, "endDate": "2020-06-30", "totalStockholderEquity": 10459784000, "netTangibleAssets": 10458604000}, {"maxAge": 1, "endDate": "2020-03-31", "cash": 10474686000, "netReceivables": 35944582000, "totalCurrentAssets": 46419268000, "longTermInvestments": 957240000, "propertyPlantEquipment": 627190000, "intangibleAssets": 1180000, "otherAssets": 37795000, "deferredLongTermAssetCharges": 6013000, "totalAssets": 48042673000, "accountsPayable": 81278000, "longTermDebt": 27958900000, "otherLiab": 9339074000, "minorityInterest": 198915000, "totalCurrentLiabilities": 86000000, "totalLiab": 37383974000, "commonStock": 546620000, "treasuryStock": 9913164000, "otherStockholderEquity": 9913164000, "totalStockholderEquity": 10459784000, "netTangibleAssets": 10458604000}, {"maxAge": 1, "endDate": "2019-12-31", "totalStockholderEquity": 9922081000, "netTangibleAssets": 9863291000}, {"maxAge": 1, "endDate": "2019-09-30", "cash": 4163562000, "netReceivables": 39636858000, "totalCurrentAssets": 43800420000, "longTermInvestments": 289251000, "propertyPlantEquipment": 619133000, "goodWill": 57336000, "intangibleAssets": 1454000, "otherAssets": 41911000, "deferredLongTermAssetCharges": 6339000, "totalAssets": 44809505000, "accountsPayable": 81300000, "otherCurrentLiab": 796000, "longTermDebt": 26631752000, "otherLiab": 8003627000, "minorityInterest": 165811000, "totalCurrentLiabilities": 86234000, "totalLiab": 34721613000, "commonStock": 546620000, "treasuryStock": 9375461000, "otherStockholderEquity": 9375461000, "totalStockholderEquity": 9922081000, "netTangibleAssets": 9863291000}], "maxAge": 86400}, "earningsHistory": {"history": [{"maxAge": 1, "epsActual": {}, "epsEstimate": {}, "epsDifference": {}, "surprisePercent": {}, "quarter": {}, "period": "-4q"}, {"maxAge": 1, "epsActual": {}, "epsEstimate": {}, "epsDifference": {}, "surprisePercent": {}, "quarter": {}, "period": "-3q"}, {"maxAge": 1, "epsActual": 5.73, "epsEstimate": 6.16, "epsDifference": -0.43, "surprisePercent": -0.07, "quarter": "2018-06-30", "period": "-2q"}, {"maxAge": 1, "epsActual": 6.43, "epsEstimate": 6.27, "epsDifference": 0.16, "surprisePercent": 0.025999999, "quarter": "2018-09-30", "period": "-1q"}], "maxAge": 86400}, "indexTrend": {"maxAge": 1, "symbol": "SP5", "peRatio": 19.7411, "pegRatio": 1.34172, "estimates": [{"period": "0q", "growth": 0.549}, {"period": "+1q", "growth": 0.431}, {"period": "0y", "growth": 0.305}, {"period": "+1y", "growth": 0.109}, {"period": "+5y", "growth": 0.120865}, {"period": "-5y"}]}, "industryTrend": {"maxAge": 1, "symbol": null, "estimates": []}, "insiderTransactions": {"transactions": [{"maxAge": 1, "shares": 4327, "filerUrl": "", "transactionText": "", "filerName": "AnAmaya Capital L.L.P.", "filerRelation": "Promoter", "moneyText": "", "startDate": "2020-03-31", "ownership": "D"}, {"maxAge": 1, "shares": 4250, "filerUrl": "", "transactionText": "", "filerName": "Gandhi (Kamlesh Chimanlal)", "filerRelation": "Promoter", "moneyText": "", "startDate": "2020-03-31", "ownership": "D"}, {"maxAge": 1, "shares": 574, "filerUrl": "", "transactionText": "", "filerName": "Pandya (Saumil D)", "filerRelation": "UNREPORTED", "moneyText": "", "startDate": "2020-03-31", "ownership": "D"}, {"maxAge": 1, "shares": 500, "filerUrl": "", "transactionText": "", "filerName": "Pandya (Saumil D)", "filerRelation": "UNREPORTED", "moneyText": "", "startDate": "2020-03-27", "ownership": "D"}, {"maxAge": 1, "shares": 7500, "filerUrl": "", "transactionText": "", "filerName": "AnAmaya Capital L.L.P.", "filerRelation": "Promoter", "moneyText": "", "startDate": "2020-03-26", "ownership": "D"}, {"maxAge": 1, "shares": 7500, "filerUrl": "", "transactionText": "", "filerName": "Gandhi (Kamlesh Chimanlal)", "filerRelation": "Chairman of the Board", "moneyText": "", "startDate": "2020-03-26", "ownership": "D"}, {"maxAge": 1, "shares": 3500, "filerUrl": "", "transactionText": "", "filerName": "AnAmaya Capital L.L.P.", "filerRelation": "Promoter", "moneyText": "", "startDate": "2020-03-24", "ownership": "D"}, {"maxAge": 1, "shares": 4000, "filerUrl": "", "transactionText": "", "filerName": "Gandhi (Kamlesh Chimanlal)", "filerRelation": "Chairman of the Board", "moneyText": "", "startDate": "2020-03-24", "ownership": "D"}, {"maxAge": 1, "shares": 7100, "filerUrl": "", "transactionText": "", "filerName": "AnAmaya Capital L.L.P.", "filerRelation": "Promoter", "moneyText": "", "startDate": "2020-03-19", "ownership": "D"}, {"maxAge": 1, "shares": 7054, "filerUrl": "", "transactionText": "", "filerName": "Gandhi (Kamlesh Dhriti)", "filerRelation": "Promoter", "moneyText": "", "startDate": "2020-03-19", "ownership": "D"}, {"maxAge": 1, "shares": 3542, "filerUrl": "", "transactionText": "", "filerName": "AnAmaya Capital L.L.P.", "filerRelation": "Promoter", "moneyText": "", "startDate": "2020-03-12", "ownership": "D"}, {"maxAge": 1, "shares": 4002, "filerUrl": "", "transactionText": "", "filerName": "Gandhi (Kamlesh Chimanlal)", "filerRelation": "Promoter", "moneyText": "", "startDate": "2020-03-12", "ownership": "D"}, {"maxAge": 1, "shares": 5000, "filerUrl": "", "transactionText": "", "filerName": "Gandhi (Kamlesh Dhriti)", "filerRelation": "UNREPORTED", "moneyText": "", "startDate": "2020-03-12", "ownership": "D"}, {"maxAge": 1, "shares": 1200, "filerUrl": "", "transactionText": "", "filerName": "Pandya (Saumil D)", "filerRelation": "UNREPORTED", "moneyText": "", "startDate": "2020-03-12", "ownership": "D"}, {"maxAge": 1, "shares": 1000, "filerUrl": "", "transactionText": "", "filerName": "AnAmaya Capital L.L.P.", "filerRelation": "Promoter", "moneyText": "", "startDate": "2020-03-09", "ownership": "D"}, {"maxAge": 1, "shares": 1000, "filerUrl": "", "transactionText": "", "filerName": "Gandhi (Kamlesh Chimanlal)", "filerRelation": "Chairman of the Board", "moneyText": "", "startDate": "2020-03-09", "ownership": "D"}, {"maxAge": 1, "shares": 1000, "filerUrl": "", "transactionText": "", "filerName": "AnAmaya Capital L.L.P.", "filerRelation": "Promoter", "moneyText": "", "startDate": "2020-03-06", "ownership": "D"}, {"maxAge": 1, "shares": 3000, "filerUrl": "", "transactionText": "", "filerName": "Gandhi (Kamlesh Chimanlal)", "filerRelation": "Founder", "moneyText": "", "startDate": "2020-03-06", "ownership": "D"}, {"maxAge": 1, "shares": 10000, "filerUrl": "", "transactionText": "", "filerName": "AnAmaya Capital L.L.P.", "filerRelation": "Promoter", "moneyText": "", "startDate": "2020-01-03", "ownership": "D"}, {"maxAge": 1, "shares": 500, "filerUrl": "", "transactionText": "", "filerName": "AnAmaya Capital L.L.P.", "filerRelation": "Promoter", "moneyText": "", "startDate": "2018-11-07", "ownership": "D"}, {"maxAge": 1, "shares": 319, "filerUrl": "", "transactionText": "", "filerName": "Gandhi (Dhvanil Kamlesh)", "filerRelation": "Promoter", "moneyText": "", "startDate": "2018-11-07", "ownership": "D"}, {"maxAge": 1, "shares": 2500, "filerUrl": "", "transactionText": "", "filerName": "Pandya (Saumil D)", "filerRelation": "UNREPORTED", "moneyText": "", "startDate": "2018-10-23", "ownership": "D"}, {"maxAge": 1, "shares": 5000, "filerUrl": "", "transactionText": "", "filerName": "AnAmaya Capital L.L.P.", "filerRelation": "Promoter", "moneyText": "", "startDate": "2018-10-22", "ownership": "D"}, {"maxAge": 1, "shares": 3750, "filerUrl": "", "transactionText": "", "filerName": "Gandhi (Dhvanil Kamlesh)", "filerRelation": "Promoter", "moneyText": "", "startDate": "2018-10-22", "ownership": "D"}, {"maxAge": 1, "shares": 2400, "filerUrl": "", "transactionText": "", "filerName": "Pandya (Saumil D)", "filerRelation": "UNREPORTED", "moneyText": "", "startDate": "2018-10-22", "ownership": "D"}], "maxAge": 1}, "quoteType": {"exchange": "BSE", "quoteType": "EQUITY", "symbol": "MASFIN.BO", "underlyingSymbol": "MASFIN.BO", "shortName": "MAS Financial Services Limited", "longName": "MAS Financial Services Limited", "firstTradeDateEpochUtc": "2017-10-18 09:15:00", "timeZoneFullName": "Asia/Kolkata", "timeZoneShortName": "IST", "uuid": "8d720fa5-2643-399d-be88-8287879c3c3f", "messageBoardId": null, "gmtOffSetMilliseconds": 19800000, "maxAge": 1}, "incomeStatementHistory": {"incomeStatementHistory": [{"maxAge": 1, "endDate": "2020-03-31", "totalRevenue": 4263060000, "costOfRevenue": 60188000, "grossProfit": 4202872000, "researchDevelopment": {}, "sellingGeneralAdministrative": 586900000, "nonRecurring": {}, "otherOperatingExpenses": 311995000, "totalOperatingExpenses": 987588000, "operatingIncome": 3275472000, "totalOtherIncomeExpenseNet": -889453000, "ebit": 0, "interestExpense": {}, "incomeBeforeTax": 2386019000, "incomeTaxExpense": 573405000, "minorityInterest": 198915000, "netIncomeFromContinuingOps": 1812614000, "discontinuedOperations": {}, "extraordinaryItems": {}, "effectOfAccountingCharges": {}, "otherItems": {}, "netIncome": 1799576000, "netIncomeApplicableToCommonShares": 1799576000}, {"maxAge": 1, "endDate": "2019-03-31", "totalRevenue": 3890943000, "costOfRevenue": 55195000, "grossProfit": 3835748000, "researchDevelopment": {}, "sellingGeneralAdministrative": 565506000, "nonRecurring": {}, "otherOperatingExpenses": 319937000, "totalOperatingExpenses": 956674000, "operatingIncome": 2934269000, "totalOtherIncomeExpenseNet": -554188000, "ebit": 0, "interestExpense": {}, "incomeBeforeTax": 2380081000, "incomeTaxExpense": 834016000, "minorityInterest": 159155000, "netIncomeFromContinuingOps": 1546065000, "discontinuedOperations": {}, "extraordinaryItems": {}, "effectOfAccountingCharges": {}, "otherItems": {}, "netIncome": 1535369000, "netIncomeApplicableToCommonShares": 1535369000}, {"maxAge": 1, "endDate": "2018-03-31", "totalRevenue": 2978528000, "costOfRevenue": 66688000, "grossProfit": 2911840000, "researchDevelopment": {}, "sellingGeneralAdministrative": 483864000, "nonRecurring": {}, "otherOperatingExpenses": 298648000, "totalOperatingExpenses": 865603000, "operatingIncome": 2112925000, "totalOtherIncomeExpenseNet": -435225000, "ebit": 0, "interestExpense": {}, "incomeBeforeTax": 1677700000, "incomeTaxExpense": 625797000, "minorityInterest": 123564000, "netIncomeFromContinuingOps": 1051903000, "discontinuedOperations": {}, "extraordinaryItems": {}, "effectOfAccountingCharges": {}, "otherItems": {}, "netIncome": 1043797000, "netIncomeApplicableToCommonShares": 1042427570}, {"maxAge": 1, "endDate": "2017-03-31", "totalRevenue": 1820913000, "costOfRevenue": 10743000, "grossProfit": 1810170000, "researchDevelopment": {}, "sellingGeneralAdministrative": 341874000, "nonRecurring": {}, "otherOperatingExpenses": 394515000, "totalOperatingExpenses": 760899000, "operatingIncome": 1060014000, "totalOtherIncomeExpenseNet": -124000, "ebit": 0, "interestExpense": {}, "incomeBeforeTax": 1059890000, "incomeTaxExpense": 366698000, "minorityInterest": 144983000, "netIncomeFromContinuingOps": 693192000, "discontinuedOperations": {}, "extraordinaryItems": {}, "effectOfAccountingCharges": {}, "otherItems": {}, "netIncome": 685328000, "netIncomeApplicableToCommonShares": 645787000}], "maxAge": 86400}, "fundOwnership": {"maxAge": 1, "ownershipList": [{"maxAge": 1, "reportDate": "2020-07-31", "organization": "DFA Emerging Markets Small Cap Series", "pctHeld": 0.0004, "position": 21563, "value": 13838055}, {"maxAge": 1, "reportDate": "2020-07-31", "organization": "DFA Emerging Markets Core Equity Portfolio", "pctHeld": 0.0001, "position": 7234, "value": 4642419}, {"maxAge": 1, "reportDate": "2020-07-31", "organization": "DFA Investment Dimensions-World Ex U.S. Core Equity Port", "pctHeld": 0.0001, "position": 4593, "value": 2947557}, {"maxAge": 1, "reportDate": "2020-07-31", "organization": "DFA Investment Dimensions-Emerging Markets Social Core Equity", "pctHeld": 0.0001, "position": 4473, "value": 2870547}]}, "summaryDetail": {"maxAge": 1, "priceHint": 2, "previousClose": 817.65, "open": 820.0, "dayLow": 788.6, "dayHigh": 821.95, "regularMarketPreviousClose": 817.65, "regularMarketOpen": 820.0, "regularMarketDayLow": 788.6, "regularMarketDayHigh": 821.95, "trailingPE": 25.087814, "forwardPE": 25.076803, "volume": 1529, "regularMarketVolume": 1529, "averageVolume": 2704, "averageVolume10days": 1354, "averageDailyVolume10Day": 1354, "bid": 798.5, "ask": 806.0, "bidSize": 0, "askSize": 0, "marketCap": 43726868480, "fiftyTwoWeekLow": 448.05, "fiftyTwoWeekHigh": 1176.95, "fiftyDayAverage": 899.65735, "twoHundredDayAverage": 862.03125, "trailingAnnualDividendRate": 8.048, "trailingAnnualDividendYield": 0.009842843, "currency": "INR", "fromCurrency": null, "toCurrency": null, "lastMarket": null, "algorithm": null, "tradeable": false}, "sectorTrend": {"maxAge": 1, "symbol": null, "estimates": []}, "incomeStatementHistoryQuarterly": {"incomeStatementHistory": [{"maxAge": 1, "endDate": "2020-06-30", "totalRevenue": 928101000, "costOfRevenue": 9895000, "grossProfit": 918206000, "researchDevelopment": {}, "sellingGeneralAdministrative": 95917000, "nonRecurring": {}, "otherOperatingExpenses": 27421000, "totalOperatingExpenses": 140186000, "operatingIncome": 787915000, "totalOtherIncomeExpenseNet": -298821000, "ebit": 0, "interestExpense": {}, "incomeBeforeTax": 489094000, "incomeTaxExpense": 123688000, "minorityInterest": {}, "netIncomeFromContinuingOps": 365406000, "discontinuedOperations": {}, "extraordinaryItems": {}, "effectOfAccountingCharges": {}, "otherItems": {}, "netIncome": 361571000, "netIncomeApplicableToCommonShares": 361571000}, {"maxAge": 1, "endDate": "2020-03-31", "totalRevenue": 1082140000, "costOfRevenue": 19725000, "grossProfit": 1062415000, "researchDevelopment": {}, "sellingGeneralAdministrative": 144396000, "nonRecurring": {}, "otherOperatingExpenses": 82898000, "totalOperatingExpenses": 254259000, "operatingIncome": 827881000, "totalOtherIncomeExpenseNet": -347687000, "ebit": 0, "interestExpense": {}, "incomeBeforeTax": 480194000, "incomeTaxExpense": 123056000, "minorityInterest": 198915000, "netIncomeFromContinuingOps": 357138000, "discontinuedOperations": {}, "extraordinaryItems": {}, "effectOfAccountingCharges": {}, "otherItems": {}, "netIncome": 356750000, "netIncomeApplicableToCommonShares": 356750000}, {"maxAge": 1, "endDate": "2019-12-31", "totalRevenue": 1191463000, "costOfRevenue": 16878000, "grossProfit": 1174585000, "researchDevelopment": {}, "sellingGeneralAdministrative": 160608000, "nonRecurring": {}, "otherOperatingExpenses": 65858000, "totalOperatingExpenses": 250516000, "operatingIncome": 940947000, "totalOtherIncomeExpenseNet": -188536000, "ebit": 0, "interestExpense": {}, "incomeBeforeTax": 752411000, "incomeTaxExpense": 192045000, "minorityInterest": 198915000, "netIncomeFromContinuingOps": 560366000, "discontinuedOperations": {}, "extraordinaryItems": {}, "effectOfAccountingCharges": {}, "otherItems": {}, "netIncome": 556601000, "netIncomeApplicableToCommonShares": 556601000}, {"maxAge": 1, "endDate": "2019-09-30", "totalRevenue": 982481000, "costOfRevenue": 12848000, "grossProfit": 969633000, "researchDevelopment": {}, "sellingGeneralAdministrative": 143236000, "nonRecurring": {}, "otherOperatingExpenses": 80862000, "totalOperatingExpenses": 244559000, "operatingIncome": 737922000, "totalOtherIncomeExpenseNet": -224655000, "ebit": 0, "interestExpense": {}, "incomeBeforeTax": 513267000, "incomeTaxExpense": 35832000, "minorityInterest": 165811000, "netIncomeFromContinuingOps": 477435000, "discontinuedOperations": {}, "extraordinaryItems": {}, "effectOfAccountingCharges": {}, "otherItems": {}, "netIncome": 473050000, "netIncomeApplicableToCommonShares": 473050000}], "maxAge": 86400}, "cashflowStatementHistoryQuarterly": {"cashflowStatements": [{"maxAge": 1, "endDate": "2020-06-30", "netIncome": 361571000, "changeToLiabilities": 0}, {"maxAge": 1, "endDate": "2020-03-31", "netIncome": 356750000, "changeToLiabilities": 0}, {"maxAge": 1, "endDate": "2019-12-31", "netIncome": 556601000, "changeToLiabilities": 0}, {"maxAge": 1, "endDate": "2019-09-30", "netIncome": 473050000, "changeToLiabilities": 0}], "maxAge": 86400}, "insiderHolders": {"holders": [{"maxAge": 1, "name": "AnAmaya Capital L.L.P.", "relation": "Promoter", "url": "", "transactionDescription": "Acquisition", "latestTransDate": "2020-03-31", "positionDirect": 94994, "positionDirectDate": "2020-03-31"}, {"maxAge": 1, "name": "Gandhi (Dhvanil Kamlesh)", "relation": "Promoter", "url": "", "transactionDescription": "Acquisition", "latestTransDate": "2018-11-07", "positionDirect": 34619, "positionDirectDate": "2018-11-07"}, {"maxAge": 1, "name": "Gandhi (Kamlesh Chimanlal)", "relation": "Promoter", "url": "", "transactionDescription": "Acquisition", "latestTransDate": "2020-03-31", "positionDirect": 6285833, "positionDirectDate": "2020-03-31"}, {"maxAge": 1, "name": "Gandhi (Kamlesh Dhriti)", "relation": "Promoter", "url": "", "transactionDescription": "Acquisition", "latestTransDate": "2020-03-19", "positionDirect": 12054, "positionDirectDate": "2020-03-19"}, {"maxAge": 1, "name": "Pandya (Saumil D)", "relation": "UNREPORTED", "url": "", "transactionDescription": "Acquisition", "latestTransDate": "2020-03-31", "positionDirect": 14257, "positionDirectDate": "2020-03-31"}], "maxAge": 1}, "earnings": {"maxAge": 86400, "earningsChart": {"quarterly": [{"date": "2Q2018", "actual": 5.73, "estimate": 6.16}, {"date": "3Q2018", "actual": 6.43, "estimate": 6.27}], "currentQuarterEstimateDate": "4Q", "currentQuarterEstimateYear": 2018, "earningsDate": ["2020-08-12 05:30:S"]}, "financialsChart": {"yearly": [{"date": 2017, "revenue": 1820913000, "earnings": 685328000}, {"date": 2018, "revenue": 2978528000, "earnings": 1043797000}, {"date": 2019, "revenue": 3890943000, "earnings": 1535369000}, {"date": 2020, "revenue": 4263060000, "earnings": 1799576000}], "quarterly": [{"date": "3Q2019", "revenue": 982481000, "earnings": 473050000}, {"date": "4Q2019", "revenue": 1191463000, "earnings": 556601000}, {"date": "1Q2020", "revenue": 1082140000, "earnings": 356750000}, {"date": "2Q2020", "revenue": 928101000, "earnings": 361571000}]}, "financialCurrency": "INR"}, "calendarEvents": {"maxAge": 1, "earnings": {"earningsDate": ["2020-08-12 05:30:S"], "revenueAverage": 877000000, "revenueLow": 877000000, "revenueHigh": 877000000}}, "price": {"maxAge": 1, "regularMarketChangePercent": -0.021647418, "regularMarketChange": -17.700012, "regularMarketTime": "2021-04-30 15:29:45", "priceHint": 2, "regularMarketPrice": 799.95, "regularMarketDayHigh": 821.95, "regularMarketDayLow": 788.6, "regularMarketVolume": 1529, "averageDailyVolume10Day": 1354, "averageDailyVolume3Month": 2704, "regularMarketPreviousClose": 817.65, "regularMarketSource": "FREE_REALTIME", "regularMarketOpen": 820.0, "exchange": "BSE", "exchangeName": "BSE", "exchangeDataDelayedBy": 0, "marketState": "CLOSED", "quoteType": "EQUITY", "symbol": "MASFIN.BO", "underlyingSymbol": null, "shortName": "MAS Financial Services Limited", "longName": "MAS Financial Services Limited", "currency": "INR", "quoteSourceName": "Delayed Quote", "currencySymbol": "\u20b9", "fromCurrency": null, "toCurrency": null, "lastMarket": null, "marketCap": 43726868480}, "balanceSheetHistory": {"balanceSheetStatements": [{"maxAge": 1, "endDate": "2020-03-31", "cash": 10474686000, "netReceivables": 35944582000, "totalCurrentAssets": 46419268000, "longTermInvestments": 957240000, "propertyPlantEquipment": 627190000, "intangibleAssets": 1180000, "otherAssets": 37795000, "deferredLongTermAssetCharges": 6013000, "totalAssets": 48042673000, "accountsPayable": 81278000, "longTermDebt": 27958900000, "otherLiab": 9339074000, "minorityInterest": 198915000, "totalCurrentLiabilities": 86000000, "totalLiab": 37383974000, "commonStock": 546620000, "treasuryStock": 9913164000, "otherStockholderEquity": 9913164000, "totalStockholderEquity": 10459784000, "netTangibleAssets": 10458604000}, {"maxAge": 1, "endDate": "2019-03-31", "cash": 4098063000, "netReceivables": 35187169000, "otherCurrentAssets": 15603000, "totalCurrentAssets": 39300835000, "propertyPlantEquipment": 580410000, "goodWill": 57336000, "intangibleAssets": 1201000, "otherAssets": 22743000, "deferredLongTermAssetCharges": 6941000, "totalAssets": 39962525000, "accountsPayable": 60010000, "shortLongTermDebt": 15888537000, "otherCurrentLiab": 1965868000, "longTermDebt": 6842351000, "otherLiab": 5414286000, "minorityInterest": 159155000, "totalCurrentLiabilities": 18305341000, "totalLiab": 30561978000, "commonStock": 546620000, "retainedEarnings": 3937927000, "treasuryStock": 458719000, "capitalSurplus": 4298126000, "otherStockholderEquity": 458719000, "totalStockholderEquity": 9241392000, "netTangibleAssets": 9182855000}, {"maxAge": 1, "endDate": "2018-03-31", "cash": 596312000, "netReceivables": 27744957000, "otherCurrentAssets": 49116000, "totalCurrentAssets": 28391334000, "propertyPlantEquipment": 575896000, "intangibleAssets": 1908000, "otherAssets": 26194000, "deferredLongTermAssetCharges": 11660000, "totalAssets": 28995332000, "accountsPayable": 36075000, "shortLongTermDebt": 11332083000, "otherCurrentLiab": 1395367000, "longTermDebt": 3214629000, "otherLiab": 4746814000, "minorityInterest": 123564000, "totalCurrentLiabilities": 13118437000, "totalLiab": 21079880000, "commonStock": 546620000, "retainedEarnings": 2587046000, "treasuryStock": 388281000, "capitalSurplus": 4269941000, "otherStockholderEquity": 388281000, "totalStockholderEquity": 7791888000, "netTangibleAssets": 7789980000}, {"maxAge": 1, "endDate": "2017-03-31", "cash": 473660000, "netReceivables": 20704969000, "otherCurrentAssets": 558453000, "totalCurrentAssets": 21737082000, "longTermInvestments": 70000, "propertyPlantEquipment": 86064000, "intangibleAssets": 1379000, "otherAssets": 181931000, "deferredLongTermAssetCharges": 42226000, "totalAssets": 22006526000, "accountsPayable": 27591000, "shortLongTermDebt": 1847429000, "otherCurrentLiab": 2619824000, "longTermDebt": 3608712000, "otherLiab": 2563144000, "deferredLongTermLiab": 9981000, "minorityInterest": 144983000, "totalCurrentLiabilities": 12372842000, "totalLiab": 18544698000, "commonStock": 429562000, "retainedEarnings": 1447022000, "capitalSurplus": 965551000, "totalStockholderEquity": 2842135000, "netTangibleAssets": 2840756000}], "maxAge": 86400}, "earningsTrend": {"trend": [{"maxAge": 1, "period": "0q", "endDate": "2018-12-31", "growth": {}, "earningsEstimate": {"avg": 0.0, "low": 0.0, "high": 0.0, "yearAgoEps": {}, "numberOfAnalysts": 0, "growth": {}}, "revenueEstimate": {"avg": 877000000, "low": 877000000, "high": 877000000, "numberOfAnalysts": 1, "yearAgoRevenue": {}, "growth": {}}, "epsTrend": {"current": 0.0, "7daysAgo": 0.0, "30daysAgo": 0.0, "60daysAgo": 0.0, "90daysAgo": 0.0}, "epsRevisions": {"upLast7days": 0, "upLast30days": 0, "downLast30days": 0, "downLast90days": {}}}, {"maxAge": 1, "period": "+1q", "endDate": "2019-03-31", "growth": {}, "earningsEstimate": {"avg": 0.0, "low": 0.0, "high": 0.0, "yearAgoEps": {}, "numberOfAnalysts": 0, "growth": {}}, "revenueEstimate": {"avg": 897000000, "low": 897000000, "high": 897000000, "numberOfAnalysts": 1, "yearAgoRevenue": {}, "growth": {}}, "epsTrend": {"current": 0.0, "7daysAgo": 0.0, "30daysAgo": 0.0, "60daysAgo": 0.0, "90daysAgo": 0.0}, "epsRevisions": {"upLast7days": 0, "upLast30days": 0, "downLast30days": 0, "downLast90days": {}}}, {"maxAge": 1, "period": "0y", "endDate": "2019-03-31", "growth": {}, "earningsEstimate": {"avg": 0.0, "low": 0.0, "high": 0.0, "yearAgoEps": {}, "numberOfAnalysts": 0, "growth": {}}, "revenueEstimate": {"avg": 4603610000, "low": 3752000000, "high": 5455220000, "numberOfAnalysts": 2, "yearAgoRevenue": 2857300000, "growth": 0.611}, "epsTrend": {"current": 0.0, "7daysAgo": 25.5, "30daysAgo": 25.5, "60daysAgo": 25.5, "90daysAgo": 25.5}, "epsRevisions": {"upLast7days": 0, "upLast30days": 1, "downLast30days": 0, "downLast90days": {}}}, {"maxAge": 1, "period": "+1y", "endDate": "2020-03-31", "growth": {}, "earningsEstimate": {"avg": 0.0, "low": 0.0, "high": 0.0, "yearAgoEps": {}, "numberOfAnalysts": 0, "growth": {}}, "revenueEstimate": {"avg": 5268340000, "low": 4322000000, "high": 6819030000, "numberOfAnalysts": 3, "yearAgoRevenue": 4603610000, "growth": 0.144}, "epsTrend": {"current": 0.0, "7daysAgo": 31.9, "30daysAgo": 31.9, "60daysAgo": 31.9, "90daysAgo": 31.9}, "epsRevisions": {"upLast7days": 0, "upLast30days": 1, "downLast30days": 0, "downLast90days": {}}}, {"maxAge": 1, "period": "+5y", "endDate": null, "growth": {}, "earningsEstimate": {"avg": {}, "low": {}, "high": {}, "yearAgoEps": {}, "numberOfAnalysts": {}, "growth": {}}, "revenueEstimate": {"avg": {}, "low": {}, "high": {}, "numberOfAnalysts": {}, "yearAgoRevenue": {}, "growth": {}}, "epsTrend": {"current": {}, "7daysAgo": {}, "30daysAgo": {}, "60daysAgo": {}, "90daysAgo": {}}, "epsRevisions": {"upLast7days": {}, "upLast30days": {}, "downLast30days": {}, "downLast90days": {}}}, {"maxAge": 1, "period": "-5y", "endDate": null, "growth": {}, "earningsEstimate": {"avg": {}, "low": {}, "high": {}, "yearAgoEps": {}, "numberOfAnalysts": {}, "growth": {}}, "revenueEstimate": {"avg": {}, "low": {}, "high": {}, "numberOfAnalysts": {}, "yearAgoRevenue": {}, "growth": {}}, "epsTrend": {"current": {}, "7daysAgo": {}, "30daysAgo": {}, "60daysAgo": {}, "90daysAgo": {}}, "epsRevisions": {"upLast7days": {}, "upLast30days": {}, "downLast30days": {}, "downLast90days": {}}}], "maxAge": 1}, "financialData": {"maxAge": 86400, "currentPrice": 799.95, "targetHighPrice": 650.0, "targetLowPrice": 650.0, "targetMeanPrice": 650.0, "targetMedianPrice": 650.0, "recommendationKey": "none", "numberOfAnalystOpinions": 2, "grossProfits": 4202872000, "financialCurrency": "INR"}}}