{"MASTEK.BO": {"recommendationTrend": {"trend": [{"period": "0m", "strongBuy": 0, "buy": 0, "hold": 0, "sell": 0, "strongSell": 0}, {"period": "-1m", "strongBuy": 0, "buy": 0, "hold": 0, "sell": 0, "strongSell": 0}, {"period": "-2m", "strongBuy": 0, "buy": 0, "hold": 0, "sell": 0, "strongSell": 0}, {"period": "-3m", "strongBuy": 0, "buy": 0, "hold": 0, "sell": 0, "strongSell": 0}], "maxAge": 86400}, "cashflowStatementHistory": {"cashflowStatements": [{"maxAge": 1, "endDate": "2020-03-31", "netIncome": 1088600000, "depreciation": 210300000, "changeToNetincome": 142400000, "changeToAccountReceivables": 1116100000, "changeToLiabilities": 251200000, "changeToOperatingActivities": -1002500000, "totalCashFromOperatingActivities": 1844700000, "capitalExpenditures": -156500000, "investments": 1679000000, "otherCashflowsFromInvestingActivities": 44900000, "totalCashflowsFromInvestingActivities": -2686500000, "dividendsPaid": -313800000, "netBorrowings": 2361100000, "otherCashflowsFromFinancingActivities": -19000000, "totalCashFromFinancingActivities": 2049600000, "effectOfExchangeRate": 66000000, "changeInCash": 1273800000, "issuanceOfStock": 21300000}, {"maxAge": 1, "endDate": "2019-03-31", "netIncome": 1014700000, "depreciation": 121300000, "changeToNetincome": 69300000, "changeToAccountReceivables": -376800000, "changeToLiabilities": 39600000, "changeToOperatingActivities": -169600000, "totalCashFromOperatingActivities": 750700000, "capitalExpenditures": -155100000, "investments": -237800000, "otherCashflowsFromInvestingActivities": 23500000, "totalCashflowsFromInvestingActivities": -533000000, "dividendsPaid": -177300000, "netBorrowings": 5600000, "otherCashflowsFromFinancingActivities": -18900000, "totalCashFromFinancingActivities": -161500000, "effectOfExchangeRate": -4000000, "changeInCash": 52200000, "issuanceOfStock": 29100000}, {"maxAge": 1, "endDate": "2018-03-31", "netIncome": 699600000, "depreciation": 146100000, "changeToNetincome": 209500000, "changeToAccountReceivables": -380000000, "changeToLiabilities": 133000000, "changeToOperatingActivities": -200900000, "totalCashFromOperatingActivities": 648800000, "capitalExpenditures": -154400000, "investments": -63700000, "otherCashflowsFromInvestingActivities": 28000000, "totalCashflowsFromInvestingActivities": -244700000, "dividendsPaid": -105600000, "netBorrowings": 41400000, "otherCashflowsFromFinancingActivities": -28400000, "totalCashFromFinancingActivities": -68300000, "effectOfExchangeRate": 64300000, "changeInCash": 400100000, "issuanceOfStock": 24300000}, {"maxAge": 1, "endDate": "2017-03-31", "netIncome": 324100000, "depreciation": 149300000, "changeToNetincome": 22900000, "changeToAccountReceivables": 356200000, "changeToLiabilities": -228500000, "changeToOperatingActivities": -195500000, "totalCashFromOperatingActivities": 428500000, "capitalExpenditures": -125800000, "investments": -463000000, "otherCashflowsFromInvestingActivities": 63800000, "totalCashflowsFromInvestingActivities": -1190100000, "dividendsPaid": -23300000, "netBorrowings": 673700000, "otherCashflowsFromFinancingActivities": -25800000, "totalCashFromFinancingActivities": 645900000, "effectOfExchangeRate": -79400000, "changeInCash": -195100000, "issuanceOfStock": 21300000}], "maxAge": 86400}, "institutionOwnership": {"maxAge": 1, "ownershipList": []}, "balanceSheetHistoryQuarterly": {"balanceSheetStatements": [{"maxAge": 1, "endDate": "2020-06-30", "totalStockholderEquity": 7904600000, "netTangibleAssets": 99000000}, {"maxAge": 1, "endDate": "2020-03-31", "cash": 2203300000, "shortTermInvestments": 505200000, "netReceivables": 4751900000, "otherCurrentAssets": 50000000, "totalCurrentAssets": 8645200000, "longTermInvestments": 1218200000, "propertyPlantEquipment": 730000000, "goodWill": 6766700000, "intangibleAssets": 1038900000, "otherAssets": 625000000, "deferredLongTermAssetCharges": 377600000, "totalAssets": 19024000000, "accountsPayable": 1053900000, "shortLongTermDebt": 180700000, "otherCurrentLiab": 622200000, "longTermDebt": 2408500000, "otherLiab": 2531200000, "minorityInterest": 1370500000, "totalCurrentLiabilities": 4684900000, "totalLiab": 9748900000, "commonStock": 121400000, "retainedEarnings": 6576600000, "treasuryStock": 935000000, "capitalSurplus": 271600000, "otherStockholderEquity": 935000000, "totalStockholderEquity": 7904600000, "netTangibleAssets": 99000000}, {"maxAge": 1, "endDate": "2019-12-31", "totalStockholderEquity": 8179900000, "netTangibleAssets": 6960400000}, {"maxAge": 1, "endDate": "2019-09-30", "cash": 1077100000, "shortTermInvestments": 1563100000, "netReceivables": 2174900000, "otherCurrentAssets": 348000000, "totalCurrentAssets": 5163100000, "longTermInvestments": 3323800000, "propertyPlantEquipment": 502900000, "goodWill": 998000000, "intangibleAssets": 221500000, "otherAssets": 568300000, "deferredLongTermAssetCharges": 367300000, "totalAssets": 10777600000, "accountsPayable": 121500000, "shortLongTermDebt": 81800000, "otherCurrentLiab": 1292900000, "longTermDebt": 585700000, "otherLiab": 420600000, "totalCurrentLiabilities": 1591400000, "totalLiab": 2597700000, "commonStock": 120100000, "treasuryStock": 8059800000, "otherStockholderEquity": 8059800000, "totalStockholderEquity": 8179900000, "netTangibleAssets": 6960400000}], "maxAge": 86400}, "earningsHistory": {"history": [{"maxAge": 1, "epsActual": 7.03, "epsEstimate": 5.7, "epsDifference": 1.33, "surprisePercent": 0.233, "quarter": "2017-09-30", "period": "-4q"}, {"maxAge": 1, "epsActual": 7.76, "epsEstimate": 8.79, "epsDifference": -1.03, "surprisePercent": -0.117, "quarter": "2018-03-31", "period": "-3q"}, {"maxAge": 1, "epsActual": 8.88, "epsEstimate": 7.44, "epsDifference": 1.44, "surprisePercent": 0.19399999, "quarter": "2018-06-30", "period": "-2q"}, {"maxAge": 1, "epsActual": 9.91, "epsEstimate": 7.81, "epsDifference": 2.1, "surprisePercent": 0.269, "quarter": "2018-09-30", "period": "-1q"}], "maxAge": 86400}, "indexTrend": {"maxAge": 1, "symbol": "SP5", "peRatio": 19.7411, "pegRatio": 1.34172, "estimates": [{"period": "0q", "growth": 0.549}, {"period": "+1q", "growth": 0.431}, {"period": "0y", "growth": 0.305}, {"period": "+1y", "growth": 0.109}, {"period": "+5y", "growth": 0.120865}, {"period": "-5y"}]}, "industryTrend": {"maxAge": 1, "symbol": null, "estimates": []}, "insiderTransactions": {"transactions": [{"maxAge": 1, "shares": 7500, "value": 13489, "filerUrl": "", "transactionText": "Other at price 1.80 per share.", "filerName": "Agarwal (Arun)", "filerRelation": "UNREPORTED", "moneyText": "", "startDate": "2020-09-03", "ownership": "D"}, {"maxAge": 1, "shares": 10000, "value": 680, "filerUrl": "", "transactionText": "Other at price 0.07 per share.", "filerName": "Owen (John)", "filerRelation": "UNREPORTED", "moneyText": "", "startDate": "2020-09-03", "ownership": "D"}, {"maxAge": 1, "shares": 40000, "value": 160783, "filerUrl": "", "transactionText": "Other at price 4.02 per share.", "filerName": "Singh (Abhishek)", "filerRelation": "UNREPORTED", "moneyText": "", "startDate": "2020-09-03", "ownership": "D"}, {"maxAge": 1, "shares": 2500, "value": 23803, "filerUrl": "", "transactionText": "Sale at price 9.52 per share.", "filerName": "Juttiyawar (Madhavi)", "filerRelation": "UNREPORTED", "moneyText": "", "startDate": "2020-08-18", "ownership": "D"}, {"maxAge": 1, "shares": 2476, "value": 23574, "filerUrl": "", "transactionText": "Sale at price 9.52 per share.", "filerName": "Juttiyawar (Mahesh)", "filerRelation": "UNREPORTED", "moneyText": "", "startDate": "2020-08-18", "ownership": "D"}, {"maxAge": 1, "shares": 4000, "value": 35498, "filerUrl": "", "transactionText": "Sale at price 8.87 per share.", "filerName": "Venkataraman (Rajagopalan)", "filerRelation": "UNREPORTED", "moneyText": "", "startDate": "2020-08-07", "ownership": "D"}, {"maxAge": 1, "shares": 10000, "value": 86767, "filerUrl": "", "transactionText": "Sale at price 8.68 per share.", "filerName": "Venkataraman (Rajagopalan)", "filerRelation": "UNREPORTED", "moneyText": "", "startDate": "2020-08-06", "ownership": "D"}, {"maxAge": 1, "shares": 5000, "value": 43621, "filerUrl": "", "transactionText": "Sale at price 8.72 per share.", "filerName": "Venkataraman (Rajagopalan)", "filerRelation": "UNREPORTED", "moneyText": "", "startDate": "2020-08-05", "ownership": "D"}, {"maxAge": 1, "shares": 4990, "value": 41531, "filerUrl": "", "transactionText": "Sale at price 8.32 per share.", "filerName": "Koti (Prahlad)", "filerRelation": "UNREPORTED", "moneyText": "", "startDate": "2020-08-04", "ownership": "D"}, {"maxAge": 1, "shares": 3000, "value": 25538, "filerUrl": "", "transactionText": "Sale at price 8.51 per share.", "filerName": "Agarwal (Arun)", "filerRelation": "UNREPORTED", "moneyText": "", "startDate": "2020-08-03", "ownership": "D"}, {"maxAge": 1, "shares": 800, "value": 6757, "filerUrl": "", "transactionText": "Sale at price 8.45 per share.", "filerName": "Iyer (Sowmya R)", "filerRelation": "UNREPORTED", "moneyText": "", "startDate": "2020-08-03", "ownership": "D"}, {"maxAge": 1, "shares": 2000, "value": 16928, "filerUrl": "", "transactionText": "Sale at price 8.46 per share.", "filerName": "Juttiyawar (Madhavi)", "filerRelation": "UNREPORTED", "moneyText": "", "startDate": "2020-08-03", "ownership": "D"}, {"maxAge": 1, "shares": 1500, "value": 12630, "filerUrl": "", "transactionText": "Sale at price 8.42 per share.", "filerName": "Juttiyawar (Mahesh)", "filerRelation": "UNREPORTED", "moneyText": "", "startDate": "2020-08-03", "ownership": "D"}, {"maxAge": 1, "shares": 600, "value": 5221, "filerUrl": "", "transactionText": "Sale at price 8.70 per share.", "filerName": "Kalani (Dinesh)", "filerRelation": "UNREPORTED", "moneyText": "", "startDate": "2020-08-03", "ownership": "D"}, {"maxAge": 1, "shares": 95, "value": 819, "filerUrl": "", "transactionText": "Sale at price 8.62 per share.", "filerName": "Kalani (Yash)", "filerRelation": "UNREPORTED", "moneyText": "", "startDate": "2020-08-03", "ownership": "D"}, {"maxAge": 1, "shares": 655, "value": 5615, "filerUrl": "", "transactionText": "Sale at price 8.57 per share.", "filerName": "Kedia (Rajat)", "filerRelation": "UNREPORTED", "moneyText": "", "startDate": "2020-08-03", "ownership": "D"}, {"maxAge": 1, "shares": 1070, "value": 9172, "filerUrl": "", "transactionText": "Sale at price 8.57 per share.", "filerName": "Kedia (Shewta)", "filerRelation": "UNREPORTED", "moneyText": "", "startDate": "2020-08-03", "ownership": "D"}, {"maxAge": 1, "shares": 11000, "value": 92999, "filerUrl": "", "transactionText": "Sale at price 8.45 per share.", "filerName": "Puri (Maninder Kapoor)", "filerRelation": "UNREPORTED", "moneyText": "", "startDate": "2020-08-03", "ownership": "D"}, {"maxAge": 1, "shares": 40000, "value": 331468, "filerUrl": "", "transactionText": "Sale at price 8.29 per share.", "filerName": "Singh (Abhishek)", "filerRelation": "UNREPORTED", "moneyText": "", "startDate": "2020-08-03", "ownership": "D"}, {"maxAge": 1, "shares": 26300, "value": 13933, "filerUrl": "", "transactionText": "Other at price 0.53 per share.", "filerName": "Singh (Abhishek)", "filerRelation": "Chief Financial Officer", "moneyText": "", "startDate": "2020-07-29", "ownership": "D"}, {"maxAge": 1, "shares": 12950, "filerUrl": "", "transactionText": "", "filerName": "Singh (Abhishek)", "filerRelation": "Chief Financial Officer", "moneyText": "", "startDate": "2020-01-27", "ownership": "D"}, {"maxAge": 1, "shares": 10000, "filerUrl": "", "transactionText": "", "filerName": "Kanagat (Atul)", "filerRelation": "Director (Non-Executive)", "moneyText": "", "startDate": "2019-04-23", "ownership": "D"}, {"maxAge": 1, "shares": 5000, "filerUrl": "", "transactionText": "", "filerName": "Kanagat (Atul)", "filerRelation": "Director (Non-Executive)", "moneyText": "", "startDate": "2019-03-28", "ownership": "D"}, {"maxAge": 1, "shares": 12575, "filerUrl": "", "transactionText": "", "filerName": "Hicketts (Andrew)", "filerRelation": "UNREPORTED", "moneyText": "", "startDate": "2019-03-26", "ownership": "D"}, {"maxAge": 1, "shares": 125000, "filerUrl": "", "transactionText": "", "filerName": "Mehta (Ketan)", "filerRelation": "Promoter", "moneyText": "", "startDate": "2018-12-13", "ownership": "D"}, {"maxAge": 1, "shares": 100000, "filerUrl": "", "transactionText": "", "filerName": "Radhakrishnan (Sundar)", "filerRelation": "Promoter", "moneyText": "", "startDate": "2018-12-12", "ownership": "D"}], "maxAge": 1}, "quoteType": {"exchange": "BSE", "quoteType": "EQUITY", "symbol": "MASTEK.BO", "underlyingSymbol": "MASTEK.BO", "shortName": "MASTEK LTD.", "longName": "Mastek Limited", "firstTradeDateEpochUtc": "2000-11-01 09:15:00", "timeZoneFullName": "Asia/Kolkata", "timeZoneShortName": "IST", "uuid": "18b20849-389d-32d2-b51d-f2da28fcb1b6", "messageBoardId": null, "gmtOffSetMilliseconds": 19800000, "maxAge": 1}, "incomeStatementHistory": {"incomeStatementHistory": [{"maxAge": 1, "endDate": "2020-03-31", "totalRevenue": 10714800000, "costOfRevenue": 5957400000, "grossProfit": 4757400000, "researchDevelopment": {}, "sellingGeneralAdministrative": 118000000, "nonRecurring": {}, "otherOperatingExpenses": 2928200000, "totalOperatingExpenses": 9252500000, "operatingIncome": 1462300000, "totalOtherIncomeExpenseNet": -21500000, "ebit": 1462300000, "interestExpense": -28900000, "incomeBeforeTax": 1440800000, "incomeTaxExpense": 302700000, "minorityInterest": 1370500000, "netIncomeFromContinuingOps": 1138100000, "discontinuedOperations": {}, "extraordinaryItems": {}, "effectOfAccountingCharges": {}, "otherItems": {}, "netIncome": 1088600000, "netIncomeApplicableToCommonShares": 1088600000}, {"maxAge": 1, "endDate": "2019-03-31", "totalRevenue": 10332100000, "costOfRevenue": 5977000000, "grossProfit": 4355100000, "researchDevelopment": {}, "sellingGeneralAdministrative": 167000000, "nonRecurring": {}, "otherOperatingExpenses": 2740900000, "totalOperatingExpenses": 9058100000, "operatingIncome": 1274000000, "totalOtherIncomeExpenseNet": 59900000, "ebit": 1274000000, "interestExpense": -26000000, "incomeBeforeTax": 1333900000, "incomeTaxExpense": 319200000, "minorityInterest": 1370500000, "netIncomeFromContinuingOps": 1014700000, "discontinuedOperations": {}, "extraordinaryItems": {}, "effectOfAccountingCharges": {}, "otherItems": {}, "netIncome": 1014700000, "netIncomeApplicableToCommonShares": 1014700000}, {"maxAge": 1, "endDate": "2018-03-31", "totalRevenue": 8172100000, "costOfRevenue": 4906700000, "grossProfit": 3265400000, "researchDevelopment": {}, "sellingGeneralAdministrative": 142600000, "nonRecurring": {}, "otherOperatingExpenses": 1990200000, "totalOperatingExpenses": 7226700000, "operatingIncome": 945400000, "totalOtherIncomeExpenseNet": 14900000, "ebit": 945400000, "interestExpense": -25700000, "incomeBeforeTax": 960300000, "incomeTaxExpense": 260700000, "minorityInterest": 1370500000, "netIncomeFromContinuingOps": 699600000, "discontinuedOperations": {}, "extraordinaryItems": {}, "effectOfAccountingCharges": {}, "otherItems": {}, "netIncome": 699600000, "netIncomeApplicableToCommonShares": 699600000}, {"maxAge": 1, "endDate": "2017-03-31", "totalRevenue": 5601600000, "costOfRevenue": 3335100000, "grossProfit": 2266500000, "researchDevelopment": {}, "sellingGeneralAdministrative": 90400000, "nonRecurring": {}, "otherOperatingExpenses": 1607800000, "totalOperatingExpenses": 5175800000, "operatingIncome": 425800000, "totalOtherIncomeExpenseNet": -35200000, "ebit": 425800000, "interestExpense": -7500000, "incomeBeforeTax": 390600000, "incomeTaxExpense": 66500000, "minorityInterest": 1370500000, "netIncomeFromContinuingOps": 324100000, "discontinuedOperations": {}, "extraordinaryItems": {}, "effectOfAccountingCharges": {}, "otherItems": {}, "netIncome": 324100000, "netIncomeApplicableToCommonShares": 324100000}], "maxAge": 86400}, "fundOwnership": {"maxAge": 1, "ownershipList": [{"maxAge": 1, "reportDate": "2020-07-31", "organization": "DFA Investment Dimensions-DFA Emerging Mkts Value", "pctHeld": 0.0033000002, "position": 81389, "value": 46595202}, {"maxAge": 1, "reportDate": "2020-07-31", "organization": "DFA Emerging Markets Core Equity Portfolio", "pctHeld": 0.0027, "position": 67207, "value": 38476007}, {"maxAge": 1, "reportDate": "2020-07-31", "organization": "DFA Emerging Markets Small Cap Series", "pctHeld": 0.002, "position": 49438, "value": 28303255}, {"maxAge": 1, "reportDate": "2020-07-31", "organization": "DFA Investment Dimensions-Emerging Markets Social Core Equity", "pctHeld": 0.0002, "position": 4770, "value": 2730825}, {"maxAge": 1, "reportDate": "2020-07-31", "organization": "DFA Investment Dimensions-World Ex U.S. Core Equity Port", "pctHeld": 0.0002, "position": 4519, "value": 2587127}, {"maxAge": 1, "reportDate": "2020-07-31", "organization": "DFA T.A. World Ex U.S. Core Equity Portfolio", "pctHeld": 0.0001, "position": 1872, "value": 1071720}, {"maxAge": 1, "reportDate": "2020-07-31", "organization": "DFA Emerging Markets Sustainability Core 1 Portfolio", "pctHeld": 0.0001, "position": 1601, "value": 916572}]}, "summaryDetail": {"maxAge": 1, "priceHint": 2, "previousClose": 1625.35, "open": 1605.0, "dayLow": 1605.0, "dayHigh": 1698.0, "regularMarketPreviousClose": 1625.35, "regularMarketOpen": 1605.0, "regularMarketDayLow": 1605.0, "regularMarketDayHigh": 1698.0, "trailingPE": 33.521233, "forwardPE": 35.987087, "volume": 39408, "regularMarketVolume": 39408, "averageVolume": 19299, "averageVolume10days": 29371, "averageDailyVolume10Day": 29371, "bid": 0.0, "ask": 1644.25, "bidSize": 0, "askSize": 0, "marketCap": 40356634624, "fiftyTwoWeekLow": 170.05, "fiftyTwoWeekHigh": 1698.0, "fiftyDayAverage": 1202.8677, "twoHundredDayAverage": 942.0552, "trailingAnnualDividendRate": 8.0, "trailingAnnualDividendYield": 0.004922017, "currency": "INR", "fromCurrency": null, "toCurrency": null, "lastMarket": null, "algorithm": null, "tradeable": false}, "sectorTrend": {"maxAge": 1, "symbol": null, "estimates": []}, "incomeStatementHistoryQuarterly": {"incomeStatementHistory": [{"maxAge": 1, "endDate": "2020-06-30", "totalRevenue": 3860600000, "costOfRevenue": 2036600000, "grossProfit": 1824000000, "researchDevelopment": {}, "sellingGeneralAdministrative": {}, "nonRecurring": {}, "otherOperatingExpenses": 974900000, "totalOperatingExpenses": 3125500000, "operatingIncome": 735100000, "totalOtherIncomeExpenseNet": -25900000, "ebit": 735100000, "interestExpense": -25000000, "incomeBeforeTax": 709200000, "incomeTaxExpense": 243400000, "minorityInterest": {}, "netIncomeFromContinuingOps": 465800000, "discontinuedOperations": {}, "extraordinaryItems": {}, "effectOfAccountingCharges": {}, "otherItems": {}, "netIncome": 404300000, "netIncomeApplicableToCommonShares": 404300000}, {"maxAge": 1, "endDate": "2020-03-31", "totalRevenue": 3366600000, "costOfRevenue": 1891100000, "grossProfit": 1475500000, "researchDevelopment": {}, "sellingGeneralAdministrative": 118000000, "nonRecurring": {}, "otherOperatingExpenses": 863500000, "totalOperatingExpenses": 2949700000, "operatingIncome": 416900000, "totalOtherIncomeExpenseNet": 76200000, "ebit": 416900000, "interestExpense": -4100000, "incomeBeforeTax": 493100000, "incomeTaxExpense": 103700000, "minorityInterest": 1370500000, "netIncomeFromContinuingOps": 389400000, "discontinuedOperations": {}, "extraordinaryItems": {}, "effectOfAccountingCharges": {}, "otherItems": {}, "netIncome": 339900000, "netIncomeApplicableToCommonShares": 339900000}, {"maxAge": 1, "endDate": "2019-12-31", "totalRevenue": 2436800000, "costOfRevenue": 1365700000, "grossProfit": 1071100000, "researchDevelopment": {}, "sellingGeneralAdministrative": 118000000, "nonRecurring": {}, "otherOperatingExpenses": 647400000, "totalOperatingExpenses": 2071300000, "operatingIncome": 365500000, "totalOtherIncomeExpenseNet": -45200000, "ebit": 365500000, "interestExpense": -8000000, "incomeBeforeTax": 320300000, "incomeTaxExpense": 60200000, "minorityInterest": 1370500000, "netIncomeFromContinuingOps": 260100000, "discontinuedOperations": {}, "extraordinaryItems": {}, "effectOfAccountingCharges": {}, "otherItems": {}, "netIncome": 260100000, "netIncomeApplicableToCommonShares": 260100000}, {"maxAge": 1, "endDate": "2019-09-30", "totalRevenue": 2436000000, "costOfRevenue": 1350400000, "grossProfit": 1085600000, "researchDevelopment": {}, "sellingGeneralAdministrative": 118000000, "nonRecurring": {}, "otherOperatingExpenses": 705500000, "totalOperatingExpenses": 2112200000, "operatingIncome": 323800000, "totalOtherIncomeExpenseNet": -11000000, "ebit": 323800000, "interestExpense": -8600000, "incomeBeforeTax": 312800000, "incomeTaxExpense": 66400000, "minorityInterest": 1370500000, "netIncomeFromContinuingOps": 246400000, "discontinuedOperations": {}, "extraordinaryItems": {}, "effectOfAccountingCharges": {}, "otherItems": {}, "netIncome": 246400000, "netIncomeApplicableToCommonShares": 246400000}], "maxAge": 86400}, "cashflowStatementHistoryQuarterly": {"cashflowStatements": [{"maxAge": 1, "endDate": "2020-06-30", "netIncome": 404300000, "changeToLiabilities": 0}, {"maxAge": 1, "endDate": "2020-03-31", "netIncome": 339900000, "changeToLiabilities": 0}, {"maxAge": 1, "endDate": "2019-12-31", "netIncome": 260100000, "changeToLiabilities": 0}, {"maxAge": 1, "endDate": "2019-09-30", "netIncome": 246400000, "changeToLiabilities": 0}], "maxAge": 86400}, "insiderHolders": {"holders": [{"maxAge": 1, "name": "Agarwal (Arun)", "relation": "UNREPORTED", "url": "", "transactionDescription": "Other", "latestTransDate": "2020-09-03", "positionDirect": 7500, "positionDirectDate": "2020-09-03"}, {"maxAge": 1, "name": "Iyer (Sowmya R)", "relation": "UNREPORTED", "url": "", "transactionDescription": "Sale", "latestTransDate": "2020-08-03", "positionDirect": 0, "positionDirectDate": "2020-08-03"}, {"maxAge": 1, "name": "Juttiyawar (Madhavi)", "relation": "UNREPORTED", "url": "", "transactionDescription": "Sale", "latestTransDate": "2020-08-18", "positionDirect": 0, "positionDirectDate": "2020-08-18"}, {"maxAge": 1, "name": "Juttiyawar (Mahesh)", "relation": "UNREPORTED", "url": "", "transactionDescription": "Sale", "latestTransDate": "2020-08-18", "positionDirect": 0, "positionDirectDate": "2020-08-18"}, {"maxAge": 1, "name": "Kalani (Dinesh)", "relation": "UNREPORTED", "url": "", "transactionDescription": "Sale", "latestTransDate": "2020-08-03", "positionDirect": 50, "positionDirectDate": "2020-08-03"}, {"maxAge": 1, "name": "Kalani (Yash)", "relation": "UNREPORTED", "url": "", "transactionDescription": "Sale", "latestTransDate": "2020-08-03", "positionDirect": 0, "positionDirectDate": "2020-08-03"}, {"maxAge": 1, "name": "Koti (Prahlad)", "relation": "UNREPORTED", "url": "", "transactionDescription": "Sale", "latestTransDate": "2020-08-04", "positionDirect": 11720, "positionDirectDate": "2020-08-04"}, {"maxAge": 1, "name": "Owen (John)", "relation": "UNREPORTED", "url": "", "transactionDescription": "Other", "latestTransDate": "2020-09-03", "positionDirect": 10000, "positionDirectDate": "2020-09-03"}, {"maxAge": 1, "name": "Singh (Abhishek)", "relation": "UNREPORTED", "url": "", "transactionDescription": "Other", "latestTransDate": "2020-09-03", "positionDirect": 81429, "positionDirectDate": "2020-09-03"}, {"maxAge": 1, "name": "Venkataraman (Rajagopalan)", "relation": "UNREPORTED", "url": "", "transactionDescription": "Sale", "latestTransDate": "2020-08-07", "positionDirect": 74036, "positionDirectDate": "2020-08-07"}], "maxAge": 1}, "earnings": {"maxAge": 86400, "earningsChart": {"quarterly": [{"date": "3Q2017", "actual": 7.03, "estimate": 5.7}, {"date": "1Q2018", "actual": 7.76, "estimate": 8.79}, {"date": "2Q2018", "actual": 8.88, "estimate": 7.44}, {"date": "3Q2018", "actual": 9.91, "estimate": 7.81}], "currentQuarterEstimateDate": "4Q", "currentQuarterEstimateYear": 2018, "earningsDate": ["2020-10-28 05:30:S"]}, "financialsChart": {"yearly": [{"date": 2017, "revenue": 5601600000, "earnings": 324100000}, {"date": 2018, "revenue": 8172100000, "earnings": 699600000}, {"date": 2019, "revenue": 10332100000, "earnings": 1014700000}, {"date": 2020, "revenue": 10714800000, "earnings": 1088600000}], "quarterly": [{"date": "3Q2019", "revenue": 2436000000, "earnings": 246400000}, {"date": "4Q2019", "revenue": 2436800000, "earnings": 260100000}, {"date": "1Q2020", "revenue": 3366600000, "earnings": 339900000}, {"date": "2Q2020", "revenue": 3860600000, "earnings": 404300000}]}, "financialCurrency": "INR"}, "calendarEvents": {"maxAge": 1, "earnings": {"earningsDate": ["2020-10-28 05:30:S"], "revenueAverage": 2236800000, "revenueLow": 2236800000, "revenueHigh": 2236800000}}, "price": {"maxAge": 1, "regularMarketChangePercent": 0.011628279, "regularMarketChange": 18.900024, "regularMarketTime": "2021-04-30 15:41:20", "priceHint": 2, "regularMarketPrice": 1644.25, "regularMarketDayHigh": 1698.0, "regularMarketDayLow": 1605.0, "regularMarketVolume": 39408, "averageDailyVolume10Day": 29371, "averageDailyVolume3Month": 19299, "regularMarketPreviousClose": 1625.35, "regularMarketSource": "FREE_REALTIME", "regularMarketOpen": 1605.0, "exchange": "BSE", "exchangeName": "BSE", "exchangeDataDelayedBy": 0, "marketState": "CLOSED", "quoteType": "EQUITY", "symbol": "MASTEK.BO", "underlyingSymbol": null, "shortName": "MASTEK LTD.", "longName": "Mastek Limited", "currency": "INR", "quoteSourceName": "Delayed Quote", "currencySymbol": "\u20b9", "fromCurrency": null, "toCurrency": null, "lastMarket": null, "marketCap": 40356634624}, "balanceSheetHistory": {"balanceSheetStatements": [{"maxAge": 1, "endDate": "2020-03-31", "cash": 2203300000, "shortTermInvestments": 505200000, "netReceivables": 4751900000, "otherCurrentAssets": 50000000, "totalCurrentAssets": 8645200000, "longTermInvestments": 1218200000, "propertyPlantEquipment": 730000000, "goodWill": 6766700000, "intangibleAssets": 1038900000, "otherAssets": 625000000, "deferredLongTermAssetCharges": 377600000, "totalAssets": 19024000000, "accountsPayable": 1053900000, "shortLongTermDebt": 180700000, "otherCurrentLiab": 622200000, "longTermDebt": 2408500000, "otherLiab": 2531200000, "minorityInterest": 1370500000, "totalCurrentLiabilities": 4684900000, "totalLiab": 9748900000, "commonStock": 121400000, "retainedEarnings": 6576600000, "treasuryStock": 935000000, "capitalSurplus": 271600000, "otherStockholderEquity": 935000000, "totalStockholderEquity": 7904600000, "netTangibleAssets": 99000000}, {"maxAge": 1, "endDate": "2019-03-31", "cash": 929500000, "shortTermInvestments": 197600000, "netReceivables": 2667600000, "otherCurrentAssets": 62400000, "totalCurrentAssets": 4844000000, "longTermInvestments": 2822000000, "propertyPlantEquipment": 469600000, "goodWill": 975200000, "intangibleAssets": 243200000, "otherAssets": 515100000, "deferredLongTermAssetCharges": 367200000, "totalAssets": 9869100000, "accountsPayable": 94800000, "shortLongTermDebt": 3900000, "otherCurrentLiab": 322300000, "longTermDebt": 692100000, "otherLiab": 324700000, "totalCurrentLiabilities": 1688300000, "totalLiab": 2705100000, "commonStock": 119900000, "retainedEarnings": 4235600000, "treasuryStock": 2583000000, "capitalSurplus": 225500000, "otherStockholderEquity": 2583000000, "totalStockholderEquity": 7164000000, "netTangibleAssets": 5945600000}, {"maxAge": 1, "endDate": "2018-03-31", "cash": 877300000, "shortTermInvestments": 60000000, "netReceivables": 2150500000, "otherCurrentAssets": 36700000, "totalCurrentAssets": 4283700000, "longTermInvestments": 1663700000, "propertyPlantEquipment": 479700000, "goodWill": 1080300000, "intangibleAssets": 249400000, "otherAssets": 643000000, "deferredLongTermAssetCharges": 530400000, "totalAssets": 8399800000, "accountsPayable": 188900000, "shortLongTermDebt": 164700000, "otherCurrentLiab": 583600000, "longTermDebt": 496100000, "otherLiab": 518200000, "totalCurrentLiabilities": 1892700000, "totalLiab": 2907000000, "commonStock": 118500000, "retainedEarnings": 3394300000, "treasuryStock": 1802800000, "capitalSurplus": 177200000, "otherStockholderEquity": 1802800000, "totalStockholderEquity": 5492800000, "netTangibleAssets": 4163100000}, {"maxAge": 1, "endDate": "2017-03-31", "cash": 477200000, "shortTermInvestments": 60000000, "netReceivables": 1437900000, "otherCurrentAssets": 188300000, "totalCurrentAssets": 3199700000, "longTermInvestments": 1688200000, "propertyPlantEquipment": 435300000, "goodWill": 1053600000, "intangibleAssets": 311100000, "otherAssets": 626600000, "deferredLongTermAssetCharges": 364800000, "totalAssets": 7314500000, "accountsPayable": 198900000, "shortLongTermDebt": 300000, "otherCurrentLiab": 362500000, "longTermDebt": 650000000, "otherLiab": 745900000, "totalCurrentLiabilities": 1225700000, "totalLiab": 2623900000, "commonStock": 116900000, "retainedEarnings": 2801100000, "treasuryStock": 1634500000, "capitalSurplus": 138100000, "otherStockholderEquity": 1634500000, "totalStockholderEquity": 4690600000, "netTangibleAssets": 3325900000}], "maxAge": 86400}, "earningsTrend": {"trend": [{"maxAge": 1, "period": "0q", "endDate": "2018-12-31", "growth": {}, "earningsEstimate": {"avg": 0.0, "low": 0.0, "high": 0.0, "yearAgoEps": 7.03, "numberOfAnalysts": 0, "growth": {}}, "revenueEstimate": {"avg": 2236800000, "low": 2236800000, "high": 2236800000, "numberOfAnalysts": 1, "yearAgoRevenue": 2153300000, "growth": 0.039}, "epsTrend": {"current": 0.0, "7daysAgo": 8.18, "30daysAgo": 8.18, "60daysAgo": 8.18, "90daysAgo": 8.18}, "epsRevisions": {"upLast7days": 0, "upLast30days": 0, "downLast30days": 0, "downLast90days": {}}}, {"maxAge": 1, "period": "+1q", "endDate": "2019-03-31", "growth": {}, "earningsEstimate": {"avg": 0.0, "low": 0.0, "high": 0.0, "yearAgoEps": 7.76, "numberOfAnalysts": 0, "growth": {}}, "revenueEstimate": {"avg": 2348640000, "low": 2348640000, "high": 2348640000, "numberOfAnalysts": 1, "yearAgoRevenue": 2236800000, "growth": 0.05}, "epsTrend": {"current": 0.0, "7daysAgo": 8.76, "30daysAgo": 8.76, "60daysAgo": 8.76, "90daysAgo": 8.76}, "epsRevisions": {"upLast7days": 0, "upLast30days": 0, "downLast30days": 0, "downLast90days": {}}}, {"maxAge": 1, "period": "0y", "endDate": "2019-03-31", "growth": {}, "earningsEstimate": {"avg": 0.0, "low": 0.0, "high": 0.0, "yearAgoEps": {}, "numberOfAnalysts": 0, "growth": {}}, "revenueEstimate": {"avg": 10426900000, "low": 10296800000, "high": 10557000000, "numberOfAnalysts": 2, "yearAgoRevenue": 8172100000, "growth": 0.276}, "epsTrend": {"current": 0.0, "7daysAgo": 39.1, "30daysAgo": 39.1, "60daysAgo": 39.1, "90daysAgo": 39.1}, "epsRevisions": {"upLast7days": 0, "upLast30days": 0, "downLast30days": 0, "downLast90days": {}}}, {"maxAge": 1, "period": "+1y", "endDate": "2020-03-31", "growth": {}, "earningsEstimate": {"avg": 0.0, "low": 0.0, "high": 0.0, "yearAgoEps": {}, "numberOfAnalysts": 0, "growth": {}}, "revenueEstimate": {"avg": 12287100000, "low": 12218000000, "high": 12356200000, "numberOfAnalysts": 2, "yearAgoRevenue": 10426900000, "growth": 0.17799999}, "epsTrend": {"current": 0.0, "7daysAgo": 45.69, "30daysAgo": 45.69, "60daysAgo": 45.69, "90daysAgo": 45.69}, "epsRevisions": {"upLast7days": 0, "upLast30days": 0, "downLast30days": 0, "downLast90days": {}}}, {"maxAge": 1, "period": "+5y", "endDate": null, "growth": 0.1, "earningsEstimate": {"avg": {}, "low": {}, "high": {}, "yearAgoEps": {}, "numberOfAnalysts": {}, "growth": {}}, "revenueEstimate": {"avg": {}, "low": {}, "high": {}, "numberOfAnalysts": {}, "yearAgoRevenue": {}, "growth": {}}, "epsTrend": {"current": {}, "7daysAgo": {}, "30daysAgo": {}, "60daysAgo": {}, "90daysAgo": {}}, "epsRevisions": {"upLast7days": {}, "upLast30days": {}, "downLast30days": {}, "downLast90days": {}}}, {"maxAge": 1, "period": "-5y", "endDate": null, "growth": {}, "earningsEstimate": {"avg": {}, "low": {}, "high": {}, "yearAgoEps": {}, "numberOfAnalysts": {}, "growth": {}}, "revenueEstimate": {"avg": {}, "low": {}, "high": {}, "numberOfAnalysts": {}, "yearAgoRevenue": {}, "growth": {}}, "epsTrend": {"current": {}, "7daysAgo": {}, "30daysAgo": {}, "60daysAgo": {}, "90daysAgo": {}}, "epsRevisions": {"upLast7days": {}, "upLast30days": {}, "downLast30days": {}, "downLast90days": {}}}], "maxAge": 1}, "financialData": {"maxAge": 86400, "currentPrice": 1644.25, "targetHighPrice": 670.0, "targetLowPrice": 670.0, "targetMeanPrice": 670.0, "targetMedianPrice": 670.0, "recommendationKey": "none", "numberOfAnalystOpinions": 1, "grossProfits": 4757400000, "financialCurrency": "INR"}}}