{"MATRIMONY.BO": {"recommendationTrend": {"trend": [{"period": "0m", "strongBuy": 0, "buy": 0, "hold": 0, "sell": 0, "strongSell": 0}, {"period": "-1m", "strongBuy": 0, "buy": 0, "hold": 0, "sell": 0, "strongSell": 0}, {"period": "-2m", "strongBuy": 0, "buy": 0, "hold": 0, "sell": 0, "strongSell": 0}, {"period": "-3m", "strongBuy": 0, "buy": 0, "hold": 0, "sell": 0, "strongSell": 0}], "maxAge": 86400}, "cashflowStatementHistory": {"cashflowStatements": [{"maxAge": 1, "endDate": "2020-03-31", "netIncome": 295348000, "depreciation": 257344000, "changeToNetincome": -52623000, "changeToLiabilities": 99548000, "changeToOperatingActivities": -51068000, "totalCashFromOperatingActivities": 570841000, "capitalExpenditures": -117015000, "investments": -278970000, "otherCashflowsFromInvestingActivities": 50003000, "totalCashflowsFromInvestingActivities": -344146000, "dividendsPaid": -34103000, "netBorrowings": -147258000, "otherCashflowsFromFinancingActivities": -58271000, "totalCashFromFinancingActivities": -235655000, "effectOfExchangeRate": 40000, "changeInCash": -8920000, "issuanceOfStock": 3977000}, {"maxAge": 1, "endDate": "2019-03-31", "netIncome": 424506000, "depreciation": 237823000, "changeToNetincome": -76425000, "changeToLiabilities": 31396000, "changeToOperatingActivities": 42605000, "totalCashFromOperatingActivities": 687183000, "capitalExpenditures": -192246000, "investments": -368309000, "otherCashflowsFromInvestingActivities": 49020000, "totalCashflowsFromInvestingActivities": -511019000, "dividendsPaid": -34086000, "netBorrowings": -201787000, "otherCashflowsFromFinancingActivities": -54982000, "totalCashFromFinancingActivities": -288138000, "effectOfExchangeRate": -148000, "changeInCash": -112122000, "issuanceOfStock": 2717000}, {"maxAge": 1, "endDate": "2018-03-31", "netIncome": 738626000, "depreciation": 65799000, "changeToNetincome": -231206000, "changeToLiabilities": 29279000, "changeToOperatingActivities": 130207000, "totalCashFromOperatingActivities": 762651000, "capitalExpenditures": -539420000, "investments": -1014797000, "otherCashflowsFromInvestingActivities": 54338000, "totalCashflowsFromInvestingActivities": -1499281000, "dividendsPaid": -34086000, "netBorrowings": -381174000, "otherCashflowsFromFinancingActivities": -90017000, "totalCashFromFinancingActivities": 843866000, "effectOfExchangeRate": -9000, "changeInCash": 107527000, "issuanceOfStock": 1315057000}, {"maxAge": 1, "endDate": "2017-03-31", "netIncome": 429643000, "depreciation": 70823000, "changeToNetincome": -296309000, "changeToLiabilities": -124024000, "changeToOperatingActivities": 181779000, "totalCashFromOperatingActivities": 294907000, "capitalExpenditures": -101245000, "investments": -586209000, "otherCashflowsFromInvestingActivities": 32496000, "totalCashflowsFromInvestingActivities": -653854000, "dividendsPaid": -34086000, "netBorrowings": -41657000, "otherCashflowsFromFinancingActivities": -43590000, "totalCashFromFinancingActivities": -77248000, "effectOfExchangeRate": -9000, "changeInCash": -436195000, "issuanceOfStock": 7999000}], "maxAge": 86400}, "institutionOwnership": {"maxAge": 1, "ownershipList": []}, "balanceSheetHistoryQuarterly": {"balanceSheetStatements": [{"maxAge": 1, "endDate": "2020-06-30", "totalStockholderEquity": 2282412000, "netTangibleAssets": 2250575000}, {"maxAge": 1, "endDate": "2020-03-31", "cash": 45322000, "shortTermInvestments": 1001403000, "netReceivables": 67417000, "inventory": 2690000, "otherCurrentAssets": 153915000, "totalCurrentAssets": 2500266000, "longTermInvestments": 60802000, "propertyPlantEquipment": 1298670000, "intangibleAssets": 31837000, "otherAssets": 158133000, "deferredLongTermAssetCharges": 18111000, "totalAssets": 4049708000, "accountsPayable": 266875000, "otherCurrentLiab": 796134000, "otherLiab": 1454000, "deferredLongTermLiab": 1619000, "totalCurrentLiabilities": 1302547000, "totalLiab": 1767296000, "commonStock": 113831000, "retainedEarnings": 887522000, "treasuryStock": 21569000, "capitalSurplus": 1259490000, "otherStockholderEquity": 21569000, "totalStockholderEquity": 2282412000, "netTangibleAssets": 2250575000}, {"maxAge": 1, "endDate": "2019-12-31", "totalStockholderEquity": 2154066000, "netTangibleAssets": 2114385000}, {"maxAge": 1, "endDate": "2019-09-30", "cash": 741142000, "shortTermInvestments": 1505874000, "netReceivables": 39334000, "otherCurrentAssets": 96687000, "totalCurrentAssets": 2383037000, "propertyPlantEquipment": 1242876000, "intangibleAssets": 39681000, "otherAssets": 162042000, "deferredLongTermAssetCharges": 23193000, "totalAssets": 3827636000, "accountsPayable": 301551000, "otherCurrentLiab": 789060000, "otherLiab": 2180000, "totalCurrentLiabilities": 1244883000, "totalLiab": 1673570000, "commonStock": 113672000, "treasuryStock": 2040394000, "otherStockholderEquity": 2040394000, "totalStockholderEquity": 2154066000, "netTangibleAssets": 2114385000}], "maxAge": 86400}, "earningsHistory": {"history": [{"maxAge": 1, "epsActual": {}, "epsEstimate": {}, "epsDifference": {}, "surprisePercent": {}, "quarter": {}, "period": "-4q"}, {"maxAge": 1, "epsActual": {}, "epsEstimate": {}, "epsDifference": {}, "surprisePercent": {}, "quarter": {}, "period": "-3q"}, {"maxAge": 1, "epsActual": {}, "epsEstimate": {}, "epsDifference": {}, "surprisePercent": {}, "quarter": {}, "period": "-2q"}, {"maxAge": 1, "epsActual": {}, "epsEstimate": {}, "epsDifference": {}, "surprisePercent": {}, "quarter": {}, "period": "-1q"}], "maxAge": 86400}, "indexTrend": {"maxAge": 1, "symbol": "SP5", "peRatio": 19.7411, "pegRatio": 1.34172, "estimates": [{"period": "0q", "growth": 0.549}, {"period": "+1q", "growth": 0.431}, {"period": "0y", "growth": 0.305}, {"period": "+1y", "growth": 0.109}, {"period": "+5y", "growth": 0.120865}, {"period": "-5y"}]}, "industryTrend": {"maxAge": 1, "symbol": null, "estimates": []}, "insiderTransactions": {"transactions": [{"maxAge": 1, "shares": 20372, "filerUrl": "", "transactionText": "", "filerName": "Swaminathan (Saichithra)", "filerRelation": "Officer", "moneyText": "", "startDate": "2020-03-24", "ownership": "D"}, {"maxAge": 1, "shares": 7674, "filerUrl": "", "transactionText": "", "filerName": "Murugavel (J)", "filerRelation": "Executive Chairman", "moneyText": "", "startDate": "2019-05-30", "ownership": "D"}, {"maxAge": 1, "shares": 5297, "filerUrl": "", "transactionText": "", "filerName": "Murugavel (J)", "filerRelation": "Executive Chairman", "moneyText": "", "startDate": "2019-05-29", "ownership": "D"}, {"maxAge": 1, "shares": 24067, "filerUrl": "", "transactionText": "", "filerName": "Murugavel (J)", "filerRelation": "Chief Executive Officer", "moneyText": "", "startDate": "2019-05-24", "ownership": "D"}, {"maxAge": 1, "shares": 3701, "filerUrl": "", "transactionText": "", "filerName": "Murugavel (J)", "filerRelation": "Chief Executive Officer", "moneyText": "", "startDate": "2019-05-17", "ownership": "D"}, {"maxAge": 1, "shares": 3206, "filerUrl": "", "transactionText": "", "filerName": "Chandrasekar (R)", "filerRelation": "Divisional Officer", "moneyText": "", "startDate": "2019-05-16", "ownership": "D"}, {"maxAge": 1, "shares": 9261, "filerUrl": "", "transactionText": "", "filerName": "Murugavel (J)", "filerRelation": "Chief Executive Officer", "moneyText": "", "startDate": "2019-05-16", "ownership": "D"}, {"maxAge": 1, "shares": 3100, "filerUrl": "", "transactionText": "", "filerName": "Chandrasekar (R)", "filerRelation": "Divisional Officer", "moneyText": "", "startDate": "2018-11-30", "ownership": "D"}, {"maxAge": 1, "shares": 14333, "filerUrl": "", "transactionText": "", "filerName": "Swaminathan (Saichithra)", "filerRelation": "Officer", "moneyText": "", "startDate": "2018-11-26", "ownership": "D"}, {"maxAge": 1, "shares": 4218, "filerUrl": "", "transactionText": "", "filerName": "Swaminathan (Saichithra)", "filerRelation": "Officer", "moneyText": "", "startDate": "2018-11-22", "ownership": "D"}, {"maxAge": 1, "shares": 4141, "filerUrl": "", "transactionText": "", "filerName": "Swaminathan (Saichithra)", "filerRelation": "Officer", "moneyText": "", "startDate": "2018-11-21", "ownership": "D"}, {"maxAge": 1, "shares": 3729, "filerUrl": "", "transactionText": "", "filerName": "Swaminathan (Saichithra)", "filerRelation": "Officer", "moneyText": "", "startDate": "2018-11-20", "ownership": "D"}, {"maxAge": 1, "shares": 5918, "filerUrl": "", "transactionText": "", "filerName": "Swaminathan (Saichithra)", "filerRelation": "Officer", "moneyText": "", "startDate": "2018-11-16", "ownership": "D"}, {"maxAge": 1, "shares": 7133, "filerUrl": "", "transactionText": "", "filerName": "Swaminathan (Saichithra)", "filerRelation": "Officer", "moneyText": "", "startDate": "2018-11-15", "ownership": "D"}, {"maxAge": 1, "shares": 3361, "filerUrl": "", "transactionText": "", "filerName": "Swaminathan (Saichithra)", "filerRelation": "Officer", "moneyText": "", "startDate": "2018-11-14", "ownership": "D"}], "maxAge": 1}, "quoteType": {"exchange": "BSE", "quoteType": "EQUITY", "symbol": "MATRIMONY.BO", "underlyingSymbol": "MATRIMONY.BO", "shortName": "Matrimony.com Limited", "longName": "Matrimony.com Limited", "firstTradeDateEpochUtc": "2017-09-21 09:15:00", "timeZoneFullName": "Asia/Kolkata", "timeZoneShortName": "IST", "uuid": "5966bc1f-3e0e-3c40-a495-38916a002ecb", "messageBoardId": null, "gmtOffSetMilliseconds": 19800000, "maxAge": 1}, "incomeStatementHistory": {"incomeStatementHistory": [{"maxAge": 1, "endDate": "2020-03-31", "totalRevenue": 3718353000, "costOfRevenue": 1594528000, "grossProfit": 2123825000, "researchDevelopment": {}, "sellingGeneralAdministrative": 1080274000, "nonRecurring": {}, "otherOperatingExpenses": 460023000, "totalOperatingExpenses": 3431254000, "operatingIncome": 287099000, "totalOtherIncomeExpenseNet": 103666000, "ebit": 287099000, "interestExpense": -51263000, "incomeBeforeTax": 390765000, "incomeTaxExpense": 95417000, "minorityInterest": {}, "netIncomeFromContinuingOps": 295348000, "discontinuedOperations": {}, "extraordinaryItems": {}, "effectOfAccountingCharges": {}, "otherItems": {}, "netIncome": 295348000, "netIncomeApplicableToCommonShares": 295348000}, {"maxAge": 1, "endDate": "2019-03-31", "totalRevenue": 3484275000, "costOfRevenue": 1477747000, "grossProfit": 2006528000, "researchDevelopment": {}, "sellingGeneralAdministrative": 1002490000, "nonRecurring": {}, "otherOperatingExpenses": 235188000, "totalOperatingExpenses": 2991307000, "operatingIncome": 492968000, "totalOtherIncomeExpenseNet": 91995000, "ebit": 492968000, "interestExpense": -47975000, "incomeBeforeTax": 584963000, "incomeTaxExpense": 160457000, "minorityInterest": {}, "netIncomeFromContinuingOps": 424506000, "discontinuedOperations": {}, "extraordinaryItems": {}, "effectOfAccountingCharges": {}, "otherItems": {}, "netIncome": 424506000, "netIncomeApplicableToCommonShares": 424506000}, {"maxAge": 1, "endDate": "2018-03-31", "totalRevenue": 3354449000, "costOfRevenue": 1386092000, "grossProfit": 1968357000, "researchDevelopment": {}, "sellingGeneralAdministrative": 738774000, "nonRecurring": {}, "otherOperatingExpenses": 440558000, "totalOperatingExpenses": 2670593000, "operatingIncome": 683856000, "totalOtherIncomeExpenseNet": 173669000, "ebit": 683856000, "interestExpense": -14956000, "incomeBeforeTax": 857525000, "incomeTaxExpense": 118899000, "minorityInterest": {}, "netIncomeFromContinuingOps": 738626000, "discontinuedOperations": {}, "extraordinaryItems": {}, "effectOfAccountingCharges": {}, "otherItems": {}, "netIncome": 738626000, "netIncomeApplicableToCommonShares": 738626000}, {"maxAge": 1, "endDate": "2017-03-31", "totalRevenue": 2928558000, "costOfRevenue": 1218522000, "grossProfit": 1710036000, "researchDevelopment": {}, "sellingGeneralAdministrative": 700777000, "nonRecurring": {}, "otherOperatingExpenses": 405593000, "totalOperatingExpenses": 2432440000, "operatingIncome": 496118000, "totalOtherIncomeExpenseNet": -66311000, "ebit": 496118000, "interestExpense": -55175000, "incomeBeforeTax": 429807000, "incomeTaxExpense": 141000, "minorityInterest": {}, "netIncomeFromContinuingOps": 429666000, "discontinuedOperations": {}, "extraordinaryItems": {}, "effectOfAccountingCharges": {}, "otherItems": {}, "netIncome": 429643000, "netIncomeApplicableToCommonShares": 429643000}], "maxAge": 86400}, "fundOwnership": {"maxAge": 1, "ownershipList": []}, "summaryDetail": {"maxAge": 1, "priceHint": 2, "previousClose": 925.7, "open": 964.0, "dayLow": 944.0, "dayHigh": 992.5, "regularMarketPreviousClose": 925.7, "regularMarketOpen": 964.0, "regularMarketDayLow": 944.0, "regularMarketDayHigh": 992.5, "trailingPE": 72.97995, "volume": 3443, "regularMarketVolume": 3443, "averageVolume": 13756, "averageVolume10days": 1773, "averageDailyVolume10Day": 1773, "bid": 940.0, "ask": 950.15, "bidSize": 0, "askSize": 0, "marketCap": 21553227776, "fiftyTwoWeekLow": 251.0, "fiftyTwoWeekHigh": 992.5, "fiftyDayAverage": 852.4162, "twoHundredDayAverage": 705.643, "trailingAnnualDividendRate": 1.5, "trailingAnnualDividendYield": 0.0016203953, "currency": "INR", "fromCurrency": null, "toCurrency": null, "lastMarket": null, "algorithm": null, "tradeable": false}, "sectorTrend": {"maxAge": 1, "symbol": null, "estimates": []}, "incomeStatementHistoryQuarterly": {"incomeStatementHistory": [{"maxAge": 1, "endDate": "2020-06-30", "totalRevenue": 867984000, "costOfRevenue": 331041000, "grossProfit": 536943000, "researchDevelopment": {}, "sellingGeneralAdministrative": 268846000, "nonRecurring": {}, "otherOperatingExpenses": 62995000, "totalOperatingExpenses": 730750000, "operatingIncome": 137234000, "totalOtherIncomeExpenseNet": -14625000, "ebit": 137234000, "interestExpense": -212000, "incomeBeforeTax": 122609000, "incomeTaxExpense": 28953000, "minorityInterest": {}, "netIncomeFromContinuingOps": 93656000, "discontinuedOperations": {}, "extraordinaryItems": {}, "effectOfAccountingCharges": {}, "otherItems": {}, "netIncome": 93656000, "netIncomeApplicableToCommonShares": 93656000}, {"maxAge": 1, "endDate": "2020-03-31", "totalRevenue": 941006000, "costOfRevenue": 439119000, "grossProfit": 501887000, "researchDevelopment": {}, "sellingGeneralAdministrative": 286170000, "nonRecurring": {}, "otherOperatingExpenses": 178967000, "totalOperatingExpenses": 993305000, "operatingIncome": -52299000, "totalOtherIncomeExpenseNet": 143623000, "ebit": -52299000, "interestExpense": -49140000, "incomeBeforeTax": 91324000, "incomeTaxExpense": 23534000, "minorityInterest": {}, "netIncomeFromContinuingOps": 67790000, "discontinuedOperations": {}, "extraordinaryItems": {}, "effectOfAccountingCharges": {}, "otherItems": {}, "netIncome": 67790000, "netIncomeApplicableToCommonShares": 67790000}, {"maxAge": 1, "endDate": "2019-12-31", "totalRevenue": 900134000, "costOfRevenue": 385804000, "grossProfit": 514330000, "researchDevelopment": {}, "sellingGeneralAdministrative": 271576000, "nonRecurring": {}, "otherOperatingExpenses": 93043000, "totalOperatingExpenses": 822444000, "operatingIncome": 77690000, "totalOtherIncomeExpenseNet": -13721000, "ebit": 77690000, "interestExpense": -793000, "incomeBeforeTax": 63969000, "incomeTaxExpense": 7889000, "minorityInterest": {}, "netIncomeFromContinuingOps": 56080000, "discontinuedOperations": {}, "extraordinaryItems": {}, "effectOfAccountingCharges": {}, "otherItems": {}, "netIncome": 56080000, "netIncomeApplicableToCommonShares": 56080000}, {"maxAge": 1, "endDate": "2019-09-30", "totalRevenue": 922311000, "costOfRevenue": 380468000, "grossProfit": 541843000, "researchDevelopment": {}, "sellingGeneralAdministrative": 259014000, "nonRecurring": {}, "otherOperatingExpenses": 96181000, "totalOperatingExpenses": 805293000, "operatingIncome": 117018000, "totalOtherIncomeExpenseNet": -13688000, "ebit": 117018000, "interestExpense": -698000, "incomeBeforeTax": 103330000, "incomeTaxExpense": 25097000, "minorityInterest": {}, "netIncomeFromContinuingOps": 78233000, "discontinuedOperations": {}, "extraordinaryItems": {}, "effectOfAccountingCharges": {}, "otherItems": {}, "netIncome": 78233000, "netIncomeApplicableToCommonShares": 78233000}], "maxAge": 86400}, "cashflowStatementHistoryQuarterly": {"cashflowStatements": [{"maxAge": 1, "endDate": "2020-06-30", "netIncome": 93656000, "changeToLiabilities": 0}, {"maxAge": 1, "endDate": "2020-03-31", "netIncome": 67790000, "changeToLiabilities": 0}, {"maxAge": 1, "endDate": "2019-12-31", "netIncome": 56080000, "changeToLiabilities": 0}, {"maxAge": 1, "endDate": "2019-09-30", "netIncome": 78233000, "changeToLiabilities": 0}], "maxAge": 86400}, "insiderHolders": {"holders": [{"maxAge": 1, "name": "Chandrasekar (R)", "relation": "Divisional Officer", "url": "", "transactionDescription": "Sale", "latestTransDate": "2019-05-16", "positionDirect": 8071, "positionDirectDate": "2019-05-16"}, {"maxAge": 1, "name": "Murugavel (J)", "relation": "Executive Chairman", "url": "", "transactionDescription": "Acquisition", "latestTransDate": "2019-05-30", "positionDirect": 11478766, "positionDirectDate": "2019-05-30"}, {"maxAge": 1, "name": "Swaminathan (Saichithra)", "relation": "Officer", "url": "", "transactionDescription": "Other", "latestTransDate": "2020-03-24", "positionDirect": 68972, "positionDirectDate": "2020-03-24"}], "maxAge": 1}, "earnings": {"maxAge": 86400, "earningsChart": {"quarterly": [], "earningsDate": []}, "financialsChart": {"yearly": [{"date": 2017, "revenue": 2928558000, "earnings": 429643000}, {"date": 2018, "revenue": 3354449000, "earnings": 738626000}, {"date": 2019, "revenue": 3484275000, "earnings": 424506000}, {"date": 2020, "revenue": 3718353000, "earnings": 295348000}], "quarterly": [{"date": "3Q2019", "revenue": 922311000, "earnings": 78233000}, {"date": "4Q2019", "revenue": 900134000, "earnings": 56080000}, {"date": "1Q2020", "revenue": 941006000, "earnings": 67790000}, {"date": "2Q2020", "revenue": 867984000, "earnings": 93656000}]}, "financialCurrency": "INR"}, "calendarEvents": {"maxAge": 1, "earnings": {"earningsDate": []}}, "price": {"maxAge": 1, "regularMarketChangePercent": 0.022523468, "regularMarketChange": 20.849976, "regularMarketTime": "2021-04-30 15:26:58", "priceHint": 2, "regularMarketPrice": 946.55, "regularMarketDayHigh": 992.5, "regularMarketDayLow": 944.0, "regularMarketVolume": 3443, "averageDailyVolume10Day": 1773, "averageDailyVolume3Month": 13756, "regularMarketPreviousClose": 925.7, "regularMarketSource": "FREE_REALTIME", "regularMarketOpen": 964.0, "exchange": "BSE", "exchangeName": "BSE", "exchangeDataDelayedBy": 0, "marketState": "CLOSED", "quoteType": "EQUITY", "symbol": "MATRIMONY.BO", "underlyingSymbol": null, "shortName": "Matrimony.com Limited", "longName": "Matrimony.com Limited", "currency": "INR", "quoteSourceName": "Delayed Quote", "currencySymbol": "\u20b9", "fromCurrency": null, "toCurrency": null, "lastMarket": null, "marketCap": 21553227776}, "balanceSheetHistory": {"balanceSheetStatements": [{"maxAge": 1, "endDate": "2020-03-31", "cash": 45322000, "shortTermInvestments": 1001403000, "netReceivables": 67417000, "inventory": 2690000, "otherCurrentAssets": 153915000, "totalCurrentAssets": 2500266000, "longTermInvestments": 60802000, "propertyPlantEquipment": 1298670000, "intangibleAssets": 31837000, "otherAssets": 158133000, "deferredLongTermAssetCharges": 18111000, "totalAssets": 4049708000, "accountsPayable": 266875000, "otherCurrentLiab": 796134000, "otherLiab": 1454000, "deferredLongTermLiab": 1619000, "totalCurrentLiabilities": 1302547000, "totalLiab": 1767296000, "commonStock": 113831000, "retainedEarnings": 887522000, "treasuryStock": 21569000, "capitalSurplus": 1259490000, "otherStockholderEquity": 21569000, "totalStockholderEquity": 2282412000, "netTangibleAssets": 2250575000}, {"maxAge": 1, "endDate": "2019-03-31", "cash": 54242000, "shortTermInvestments": 521737000, "netReceivables": 75810000, "inventory": 8874000, "otherCurrentAssets": 156983000, "totalCurrentAssets": 2218252000, "propertyPlantEquipment": 1206135000, "intangibleAssets": 30578000, "otherAssets": 163322000, "deferredLongTermAssetCharges": 37411000, "totalAssets": 3618287000, "accountsPayable": 162402000, "otherCurrentLiab": 816002000, "otherLiab": 3810000, "deferredLongTermLiab": 454000, "totalCurrentLiabilities": 1176629000, "totalLiab": 1593171000, "commonStock": 113647000, "retainedEarnings": 639337000, "treasuryStock": 18148000, "capitalSurplus": 1253984000, "otherStockholderEquity": 18148000, "totalStockholderEquity": 2025116000, "netTangibleAssets": 1994538000}, {"maxAge": 1, "endDate": "2018-03-31", "cash": 166364000, "shortTermInvestments": 711375000, "netReceivables": 66692000, "inventory": 18451000, "otherCurrentAssets": 133427000, "totalCurrentAssets": 1854715000, "propertyPlantEquipment": 624543000, "intangibleAssets": 51200000, "otherAssets": 202545000, "deferredLongTermAssetCharges": 28061000, "totalAssets": 2733003000, "accountsPayable": 117729000, "otherCurrentLiab": 778534000, "otherLiab": 6995000, "deferredLongTermLiab": 599000, "totalCurrentLiabilities": 1049516000, "totalLiab": 1056511000, "commonStock": 113555000, "retainedEarnings": 299137000, "treasuryStock": 13534000, "capitalSurplus": 1250266000, "otherStockholderEquity": 13534000, "totalStockholderEquity": 1676492000, "netTangibleAssets": 1625292000}, {"maxAge": 1, "endDate": "2017-03-31", "cash": 58837000, "shortTermInvestments": 556775000, "netReceivables": 21566000, "inventory": 10168000, "otherCurrentAssets": 116243000, "totalCurrentAssets": 776021000, "propertyPlantEquipment": 177665000, "intangibleAssets": 63508000, "otherAssets": 175620000, "deferredLongTermAssetCharges": 14996000, "totalAssets": 1192814000, "accountsPayable": 108767000, "shortLongTermDebt": 1561000, "otherCurrentLiab": 832426000, "otherLiab": 22025000, "deferredLongTermLiab": 1180000, "totalCurrentLiabilities": 1465977000, "totalLiab": 1488002000, "commonStock": 106208000, "retainedEarnings": -433862000, "treasuryStock": 15346000, "capitalSurplus": 17120000, "otherStockholderEquity": 15346000, "totalStockholderEquity": -295188000, "netTangibleAssets": -358696000}], "maxAge": 86400}, "earningsTrend": {"trend": [{"maxAge": 1, "period": "0q", "endDate": null, "growth": {}, "earningsEstimate": {"avg": 0.0, "low": 0.0, "high": 0.0, "yearAgoEps": {}, "numberOfAnalysts": 0, "growth": {}}, "revenueEstimate": {"avg": 0, "low": 0, "high": 0, "numberOfAnalysts": 0, "yearAgoRevenue": {}, "growth": {}}, "epsTrend": {"current": 0.0, "7daysAgo": 0.0, "30daysAgo": 0.0, "60daysAgo": 0.0, "90daysAgo": 0.0}, "epsRevisions": {"upLast7days": 0, "upLast30days": 0, "downLast30days": 0, "downLast90days": {}}}, {"maxAge": 1, "period": "+1q", "endDate": null, "growth": {}, "earningsEstimate": {"avg": 0.0, "low": 0.0, "high": 0.0, "yearAgoEps": {}, "numberOfAnalysts": 0, "growth": {}}, "revenueEstimate": {"avg": 0, "low": 0, "high": 0, "numberOfAnalysts": 0, "yearAgoRevenue": {}, "growth": {}}, "epsTrend": {"current": 0.0, "7daysAgo": 0.0, "30daysAgo": 0.0, "60daysAgo": 0.0, "90daysAgo": 0.0}, "epsRevisions": {"upLast7days": 0, "upLast30days": 0, "downLast30days": 0, "downLast90days": {}}}, {"maxAge": 1, "period": "0y", "endDate": null, "growth": {}, "earningsEstimate": {"avg": 0.0, "low": 0.0, "high": 0.0, "yearAgoEps": {}, "numberOfAnalysts": 0, "growth": {}}, "revenueEstimate": {"avg": 0, "low": 0, "high": 0, "numberOfAnalysts": 0, "yearAgoRevenue": {}, "growth": {}}, "epsTrend": {"current": 0.0, "7daysAgo": 0.0, "30daysAgo": 0.0, "60daysAgo": 0.0, "90daysAgo": 0.0}, "epsRevisions": {"upLast7days": 0, "upLast30days": 0, "downLast30days": 0, "downLast90days": {}}}, {"maxAge": 1, "period": "+1y", "endDate": null, "growth": {}, "earningsEstimate": {"avg": 0.0, "low": 0.0, "high": 0.0, "yearAgoEps": {}, "numberOfAnalysts": 0, "growth": {}}, "revenueEstimate": {"avg": 0, "low": 0, "high": 0, "numberOfAnalysts": 0, "yearAgoRevenue": {}, "growth": {}}, "epsTrend": {"current": 0.0, "7daysAgo": 0.0, "30daysAgo": 0.0, "60daysAgo": 0.0, "90daysAgo": 0.0}, "epsRevisions": {"upLast7days": 0, "upLast30days": 0, "downLast30days": 0, "downLast90days": {}}}, {"maxAge": 1, "period": "+5y", "endDate": null, "growth": {}, "earningsEstimate": {"avg": {}, "low": {}, "high": {}, "yearAgoEps": {}, "numberOfAnalysts": {}, "growth": {}}, "revenueEstimate": {"avg": {}, "low": {}, "high": {}, "numberOfAnalysts": {}, "yearAgoRevenue": {}, "growth": {}}, "epsTrend": {"current": {}, "7daysAgo": {}, "30daysAgo": {}, "60daysAgo": {}, "90daysAgo": {}}, "epsRevisions": {"upLast7days": {}, "upLast30days": {}, "downLast30days": {}, "downLast90days": {}}}, {"maxAge": 1, "period": "-5y", "endDate": null, "growth": {}, "earningsEstimate": {"avg": {}, "low": {}, "high": {}, "yearAgoEps": {}, "numberOfAnalysts": {}, "growth": {}}, "revenueEstimate": {"avg": {}, "low": {}, "high": {}, "numberOfAnalysts": {}, "yearAgoRevenue": {}, "growth": {}}, "epsTrend": {"current": {}, "7daysAgo": {}, "30daysAgo": {}, "60daysAgo": {}, "90daysAgo": {}}, "epsRevisions": {"upLast7days": {}, "upLast30days": {}, "downLast30days": {}, "downLast90days": {}}}], "maxAge": 1}, "financialData": {"maxAge": 86400, "currentPrice": 946.55, "targetHighPrice": 675.0, "targetLowPrice": 585.0, "targetMeanPrice": 636.67, "targetMedianPrice": 650.0, "recommendationKey": "none", "numberOfAnalystOpinions": 3, "grossProfits": 2123825000, "financialCurrency": "INR"}}}