{"MATRIMONY.NS": {"assetProfile": {"address1": "No: 94, TVH Beliciaa Towers", "address2": "Tower 2, 5th Floor MRC Nagar Mandaveli", "city": "Chennai", "zip": "600028", "country": "India", "phone": "91 44 3095 3095", "website": "http://www.matrimony.com", "industry": "Internet Content & Information", "sector": "Communication Services", "longBusinessSummary": "Matrimony.com Limited online matchmaking services on internet and mobile platforms in India and internationally. The company operates through Matchmaking Services and Marriage Services segments. The company operates matrimonial sites, including BharatMatrimony.com, BengaliMatrimony.com, GujaratiMatrimony.com, HindiMatrimony.com, KannadaMatrimony.com, KeralaMatrimony.com, MarathiMatrimony.com, MarwadiMatrimony.com, OriyaMatrimony.com, PunjabiMatrimony.com, TamilMatrimony.com, TeluguMatrimony.com, UrduMatrimony.com, AssameseMatrimony.com, ParsiMatrimony.com, and SindhiMatrimony.com. It also operates regional matrimonial sites through MuslimMatrimony.com, ChristianMatrimony.com, SikhMatrimony.com, JainMatrimony.com, and BuddhistMatrimony.com; and offers social services through BharatBloodBank.com, BharatEyeBank.org, AbilityMatrimony.com, and HappyMarriages.com. In addition, the company operates community based sites, such as CommunityMatrimony.com; and exclusive matrimonial sites comprising EliteMatrimony.com, DivorceeMatrimony.com, ManglikMatrimony.com, and DefenceMatrimony.com. Further, it operates Matrimonybazar.com and Matrimonymandap.com to provide related marriage services that include wedding planners, venues, cards, and caterers, as well as mandap services. It operates approximately 148 retail outlets. The company was founded in 1997 and is based in Chennai, India.", "fullTimeEmployees": 4316, "companyOfficers": [{"maxAge": 1, "name": "Mr. Murugavel  Janakiraman", "age": 50, "title": "Founder, Chairman, CEO & MD", "yearBorn": 1970, "fiscalYear": 2020, "totalPay": 17604000, "exercisedValue": 0, "unexercisedValue": 0}, {"maxAge": 1, "name": "Mr. Sushanth S. Pai", "age": 44, "title": "Chief Financial Officer", "yearBorn": 1976, "exercisedValue": 0, "unexercisedValue": 0}, {"maxAge": 1, "name": "Mr. R.  Chandrasekar", "age": 52, "title": "Chief Technology Operation & Infrastructure Officer", "yearBorn": 1968, "exercisedValue": 0, "unexercisedValue": 0}, {"maxAge": 1, "name": "Mr. Prasad  Nelliparthi", "age": 54, "title": "Chief Human Resource Officer", "yearBorn": 1966, "exercisedValue": 0, "unexercisedValue": 0}, {"maxAge": 1, "name": "Ms. S.  Saichitra", "age": 42, "title": "Chief Portal & Mobile Officer", "yearBorn": 1978, "exercisedValue": 0, "unexercisedValue": 0}, {"maxAge": 1, "name": "Mr. K. P. Jaikumar", "age": 49, "title": "Sr. VP of Photography", "yearBorn": 1971, "exercisedValue": 0, "unexercisedValue": 0}, {"maxAge": 1, "name": "Mr. Karthikeyan  Jagannathan", "age": 48, "title": "Sr. VP of Matrimony Bazaar", "yearBorn": 1972, "exercisedValue": 0, "unexercisedValue": 0}, {"maxAge": 1, "name": "Mr. V.  Suresh", "age": 48, "title": "Chief Bus. Officer", "yearBorn": 1972, "exercisedValue": 0, "unexercisedValue": 0}, {"maxAge": 1, "name": "Kiran  Vijayakumar", "age": 44, "title": "VP of Technology", "yearBorn": 1976, "exercisedValue": 0, "unexercisedValue": 0}, {"maxAge": 1, "name": "Srinath  Duggirala", "age": 36, "title": "VP of Products", "yearBorn": 1984, "exercisedValue": 0, "unexercisedValue": 0}], "compensationAsOfEpochDate": "2020-12-31 05:30:00", "maxAge": 86400}, "recommendationTrend": {"trend": [{"period": "0m", "strongBuy": 0, "buy": 0, "hold": 0, "sell": 0, "strongSell": 0}, {"period": "-1m", "strongBuy": 0, "buy": 0, "hold": 0, "sell": 0, "strongSell": 0}, {"period": "-2m", "strongBuy": 0, "buy": 0, "hold": 0, "sell": 0, "strongSell": 0}, {"period": "-3m", "strongBuy": 0, "buy": 0, "hold": 0, "sell": 0, "strongSell": 0}], "maxAge": 86400}, "cashflowStatementHistory": {"cashflowStatements": [{"maxAge": 1, "endDate": "2020-03-31", "netIncome": 295348000, "depreciation": 257344000, "changeToNetincome": -52623000, "changeToLiabilities": 99548000, "changeToOperatingActivities": -51068000, "totalCashFromOperatingActivities": 570841000, "capitalExpenditures": -117015000, "investments": -278970000, "otherCashflowsFromInvestingActivities": 50003000, "totalCashflowsFromInvestingActivities": -344146000, "dividendsPaid": -34103000, "netBorrowings": -147258000, "otherCashflowsFromFinancingActivities": -58271000, "totalCashFromFinancingActivities": -235655000, "effectOfExchangeRate": 40000, "changeInCash": -8920000, "issuanceOfStock": 3977000}, {"maxAge": 1, "endDate": "2019-03-31", "netIncome": 424506000, "depreciation": 237823000, "changeToNetincome": -76425000, "changeToLiabilities": 31396000, "changeToOperatingActivities": 42605000, "totalCashFromOperatingActivities": 687183000, "capitalExpenditures": -192246000, "investments": -368309000, "otherCashflowsFromInvestingActivities": 49020000, "totalCashflowsFromInvestingActivities": -511019000, "dividendsPaid": -34086000, "netBorrowings": -201787000, "otherCashflowsFromFinancingActivities": -54982000, "totalCashFromFinancingActivities": -288138000, "effectOfExchangeRate": -148000, "changeInCash": -112122000, "issuanceOfStock": 2717000}, {"maxAge": 1, "endDate": "2018-03-31", "netIncome": 738626000, "depreciation": 65799000, "changeToNetincome": -231206000, "changeToLiabilities": 29279000, "changeToOperatingActivities": 130207000, "totalCashFromOperatingActivities": 762651000, "capitalExpenditures": -539420000, "investments": -1014797000, "otherCashflowsFromInvestingActivities": 54338000, "totalCashflowsFromInvestingActivities": -1499281000, "dividendsPaid": -34086000, "netBorrowings": -381174000, "otherCashflowsFromFinancingActivities": -90017000, "totalCashFromFinancingActivities": 843866000, "effectOfExchangeRate": -9000, "changeInCash": 107527000, "issuanceOfStock": 1315057000}, {"maxAge": 1, "endDate": "2017-03-31", "netIncome": 429643000, "depreciation": 70823000, "changeToNetincome": -296309000, "changeToLiabilities": -124024000, "changeToOperatingActivities": 181779000, "totalCashFromOperatingActivities": 294907000, "capitalExpenditures": -101245000, "investments": -586209000, "otherCashflowsFromInvestingActivities": 32496000, "totalCashflowsFromInvestingActivities": -653854000, "dividendsPaid": -34086000, "netBorrowings": -41657000, "otherCashflowsFromFinancingActivities": -43590000, "totalCashFromFinancingActivities": -77248000, "effectOfExchangeRate": -9000, "changeInCash": -436195000, "issuanceOfStock": 7999000}], "maxAge": 86400}, "indexTrend": {"maxAge": 1, "symbol": "SP5", "peRatio": 19.7411, "pegRatio": 1.34172, "estimates": [{"period": "0q", "growth": 0.549}, {"period": "+1q", "growth": 0.431}, {"period": "0y", "growth": 0.305}, {"period": "+1y", "growth": 0.109}, {"period": "+5y", "growth": 0.120865}, {"period": "-5y"}]}, "defaultKeyStatistics": {"maxAge": 1, "priceHint": 2, "enterpriseValue": 19542145024, "profitMargins": 0.10092, "floatShares": 8453445, "sharesOutstanding": 22871600, "heldPercentInsiders": 0.67498, "heldPercentInstitutions": 0.23707001, "beta": 1.1975, "category": null, "bookValue": 105.344, "priceToBook": 8.981052, "fundFamily": null, "legalType": null, "lastFiscalYearEnd": "2020-03-31 05:30:00", "nextFiscalYearEnd": "2022-03-31 05:30:00", "mostRecentQuarter": "2020-12-31 05:30:00", "earningsQuarterlyGrowth": 0.965, "netIncomeToCommon": 374272992, "trailingEps": 16.405, "lastSplitFactor": null, "enterpriseToRevenue": 5.269, "enterpriseToEbitda": 39.428}, "industryTrend": {"maxAge": 1, "symbol": null, "estimates": []}, "quoteType": {"exchange": "NSI", "quoteType": "EQUITY", "symbol": "MATRIMONY.NS", "underlyingSymbol": "MATRIMONY.NS", "shortName": "MATRIMONY COM LTD", "longName": "Matrimony.com Limited", "firstTradeDateEpochUtc": "2017-09-21 09:15:00", "timeZoneFullName": "Asia/Kolkata", "timeZoneShortName": "IST", "uuid": "2d4b6c7a-b1a9-3aa9-a5a6-633450179f90", "gmtOffSetMilliseconds": 19800000, "maxAge": 1}, "incomeStatementHistory": {"incomeStatementHistory": [{"maxAge": 1, "endDate": "2020-03-31", "totalRevenue": 3718353000, "costOfRevenue": 1594528000, "grossProfit": 2123825000, "researchDevelopment": {}, "sellingGeneralAdministrative": 1080274000, "nonRecurring": {}, "otherOperatingExpenses": 460023000, "totalOperatingExpenses": 3431254000, "operatingIncome": 287099000, "totalOtherIncomeExpenseNet": 103666000, "ebit": 287099000, "interestExpense": -51263000, "incomeBeforeTax": 390765000, "incomeTaxExpense": 95417000, "minorityInterest": {}, "netIncomeFromContinuingOps": 295348000, "discontinuedOperations": {}, "extraordinaryItems": {}, "effectOfAccountingCharges": {}, "otherItems": {}, "netIncome": 295348000, "netIncomeApplicableToCommonShares": 295348000}, {"maxAge": 1, "endDate": "2019-03-31", "totalRevenue": 3484275000, "costOfRevenue": 1477747000, "grossProfit": 2006528000, "researchDevelopment": {}, "sellingGeneralAdministrative": 810383000, "nonRecurring": {}, "otherOperatingExpenses": 427295000, "totalOperatingExpenses": 2991307000, "operatingIncome": 492968000, "totalOtherIncomeExpenseNet": 91995000, "ebit": 492968000, "interestExpense": -47975000, "incomeBeforeTax": 584963000, "incomeTaxExpense": 160457000, "minorityInterest": {}, "netIncomeFromContinuingOps": 424506000, "discontinuedOperations": {}, "extraordinaryItems": {}, "effectOfAccountingCharges": {}, "otherItems": {}, "netIncome": 424506000, "netIncomeApplicableToCommonShares": 424506000}, {"maxAge": 1, "endDate": "2018-03-31", "totalRevenue": 3354449000, "costOfRevenue": 1386092000, "grossProfit": 1968357000, "researchDevelopment": {}, "sellingGeneralAdministrative": 738774000, "nonRecurring": {}, "otherOperatingExpenses": 440558000, "totalOperatingExpenses": 2670593000, "operatingIncome": 683856000, "totalOtherIncomeExpenseNet": 173669000, "ebit": 683856000, "interestExpense": -14956000, "incomeBeforeTax": 857525000, "incomeTaxExpense": 118899000, "minorityInterest": {}, "netIncomeFromContinuingOps": 738626000, "discontinuedOperations": {}, "extraordinaryItems": {}, "effectOfAccountingCharges": {}, "otherItems": {}, "netIncome": 738626000, "netIncomeApplicableToCommonShares": 738626000}, {"maxAge": 1, "endDate": "2017-03-31", "totalRevenue": 2928558000, "costOfRevenue": 1218522000, "grossProfit": 1710036000, "researchDevelopment": {}, "sellingGeneralAdministrative": 700777000, "nonRecurring": {}, "otherOperatingExpenses": 405593000, "totalOperatingExpenses": 2432440000, "operatingIncome": 496118000, "totalOtherIncomeExpenseNet": -66311000, "ebit": 496118000, "interestExpense": -55175000, "incomeBeforeTax": 429807000, "incomeTaxExpense": 141000, "minorityInterest": {}, "netIncomeFromContinuingOps": 429666000, "discontinuedOperations": {}, "extraordinaryItems": {}, "effectOfAccountingCharges": {}, "otherItems": {}, "netIncome": 429643000, "netIncomeApplicableToCommonShares": 429643000}], "maxAge": 86400}, "fundOwnership": {"ownershipList": [], "maxAge": 1}, "summaryDetail": {"maxAge": 1, "priceHint": 2, "previousClose": 942.9, "open": 954.0, "dayLow": 943.2, "dayHigh": 993.0, "regularMarketPreviousClose": 942.9, "regularMarketOpen": 954.0, "regularMarketDayLow": 943.2, "regularMarketDayHigh": 993.0, "dividendRate": 1.5, "dividendYield": 0.0017, "exDividendDate": "2020-07-30 05:30:00", "payoutRatio": 0.0915, "beta": 1.1975, "trailingPE": 57.671436, "volume": 47002, "regularMarketVolume": 47002, "averageVolume": 41004, "averageVolume10days": 23796, "averageDailyVolume10Day": 23796, "bid": 0.0, "ask": 0.0, "bidSize": 0, "askSize": 0, "marketCap": 21244012544, "fiftyTwoWeekLow": 255.05, "fiftyTwoWeekHigh": 1242.0, "priceToSalesTrailing12Months": 5.7283134, "fiftyDayAverage": 999.5794, "twoHundredDayAverage": 808.69434, "trailingAnnualDividendRate": 1.5, "trailingAnnualDividendYield": 0.0015908368, "currency": "INR", "fromCurrency": null, "lastMarket": null, "algorithm": null, "tradeable": false}, "insiderHolders": {"holders": [{"maxAge": 1, "name": "Chandrasekar (R)", "relation": "Divisional Officer", "url": "", "transactionDescription": "Sale", "latestTransDate": "2019-05-16", "positionDirect": 8071, "positionDirectDate": "2019-05-16"}, {"maxAge": 1, "name": "Misra (Sanjeev)", "relation": "UNREPORTED", "url": "", "transactionDescription": "Other", "latestTransDate": "2018-08-24", "positionDirect": 10287, "positionDirectDate": "2018-08-24"}, {"maxAge": 1, "name": "Murugavel (J)", "relation": "Executive Chairman", "url": "", "transactionDescription": "Acquisition", "latestTransDate": "2019-05-30", "positionDirect": 11478766, "positionDirectDate": "2019-05-30"}, {"maxAge": 1, "name": "Neelkantan (Pillutla Visvesvarryya)", "relation": "UNREPORTED", "url": "", "transactionDescription": "Other", "latestTransDate": "2020-11-05", "positionDirect": 3000, "positionDirectDate": "2020-11-05"}, {"maxAge": 1, "name": "Nelliparthi (Prasad)", "relation": "UNREPORTED", "url": "", "transactionDescription": "Other", "latestTransDate": "2020-11-05", "positionDirect": 4000, "positionDirectDate": "2020-11-05"}, {"maxAge": 1, "name": "Pai (Sushanth)", "relation": "UNREPORTED", "url": "", "transactionDescription": "Other", "latestTransDate": "2020-11-05", "positionDirect": 3000, "positionDirectDate": "2020-11-05"}, {"maxAge": 1, "name": "Suresh (V)", "relation": "UNREPORTED", "url": "", "transactionDescription": "Other", "latestTransDate": "2021-03-30", "positionDirect": 3000, "positionDirectDate": "2021-03-30"}, {"maxAge": 1, "name": "Swaminathan (Saichithra)", "relation": "UNREPORTED", "url": "", "transactionDescription": "Sale", "latestTransDate": "2021-03-31", "positionDirect": 92431, "positionDirectDate": "2021-03-31"}, {"maxAge": 1, "name": "Zacharias (George)", "relation": "Director", "url": "", "transactionDescription": "Sale", "latestTransDate": "2021-03-24", "positionDirect": 36987, "positionDirectDate": "2021-03-24"}], "maxAge": 1}, "calendarEvents": {"maxAge": 1, "earnings": {"earningsDate": []}, "exDividendDate": "2020-07-30 05:30:00"}, "upgradeDowngradeHistory": {"history": [], "maxAge": 86400}, "price": {"maxAge": 1, "regularMarketChangePercent": 0.0033937332, "regularMarketChange": 3.1999512, "regularMarketTime": "2021-04-30 15:29:59", "priceHint": 2, "regularMarketPrice": 946.1, "regularMarketDayHigh": 993.0, "regularMarketDayLow": 943.2, "regularMarketVolume": 47002, "averageDailyVolume10Day": 23796, "averageDailyVolume3Month": 41004, "regularMarketPreviousClose": 942.9, "regularMarketSource": "FREE_REALTIME", "regularMarketOpen": 954.0, "exchange": "NSI", "exchangeName": "NSE", "exchangeDataDelayedBy": 15, "marketState": "CLOSED", "quoteType": "EQUITY", "symbol": "MATRIMONY.NS", "underlyingSymbol": null, "shortName": "MATRIMONY COM LTD", "longName": "Matrimony.com Limited", "currency": "INR", "quoteSourceName": "Delayed Quote", "currencySymbol": "\u20b9", "fromCurrency": null, "lastMarket": null, "marketCap": 21244012544}, "balanceSheetHistory": {"balanceSheetStatements": [{"maxAge": 1, "endDate": "2020-03-31", "cash": 45322000, "shortTermInvestments": 1001403000, "netReceivables": 67417000, "inventory": 2690000, "otherCurrentAssets": 153915000, "totalCurrentAssets": 2500266000, "longTermInvestments": 60802000, "propertyPlantEquipment": 1298670000, "intangibleAssets": 31837000, "otherAssets": 158133000, "deferredLongTermAssetCharges": 18111000, "totalAssets": 4049708000, "accountsPayable": 266875000, "otherCurrentLiab": 796134000, "otherLiab": 1454000, "deferredLongTermLiab": 1619000, "totalCurrentLiabilities": 1302547000, "totalLiab": 1767296000, "commonStock": 113831000, "retainedEarnings": 887522000, "treasuryStock": 21569000, "capitalSurplus": 1259490000, "otherStockholderEquity": 21569000, "totalStockholderEquity": 2282412000, "netTangibleAssets": 2250575000}, {"maxAge": 1, "endDate": "2019-03-31", "cash": 54242000, "shortTermInvestments": 521737000, "netReceivables": 75810000, "inventory": 8874000, "otherCurrentAssets": 156983000, "totalCurrentAssets": 2218252000, "propertyPlantEquipment": 1206135000, "intangibleAssets": 30578000, "otherAssets": 163322000, "deferredLongTermAssetCharges": 37411000, "totalAssets": 3618287000, "accountsPayable": 162402000, "otherCurrentLiab": 816002000, "otherLiab": 3810000, "deferredLongTermLiab": 454000, "totalCurrentLiabilities": 1176629000, "totalLiab": 1593171000, "commonStock": 113647000, "retainedEarnings": 639337000, "treasuryStock": 18148000, "capitalSurplus": 1253984000, "otherStockholderEquity": 18148000, "totalStockholderEquity": 2025116000, "netTangibleAssets": 1994538000}, {"maxAge": 1, "endDate": "2018-03-31", "cash": 166364000, "shortTermInvestments": 711375000, "netReceivables": 66692000, "inventory": 18451000, "otherCurrentAssets": 133427000, "totalCurrentAssets": 1854715000, "propertyPlantEquipment": 624543000, "intangibleAssets": 51200000, "otherAssets": 202545000, "deferredLongTermAssetCharges": 28061000, "totalAssets": 2733003000, "accountsPayable": 117729000, "otherCurrentLiab": 778534000, "otherLiab": 6995000, "deferredLongTermLiab": 599000, "totalCurrentLiabilities": 1049516000, "totalLiab": 1056511000, "commonStock": 113555000, "retainedEarnings": 299137000, "treasuryStock": 13534000, "capitalSurplus": 1250266000, "otherStockholderEquity": 13534000, "totalStockholderEquity": 1676492000, "netTangibleAssets": 1625292000}, {"maxAge": 1, "endDate": "2017-03-31", "cash": 58837000, "shortTermInvestments": 556775000, "netReceivables": 21566000, "inventory": 10168000, "otherCurrentAssets": 116243000, "totalCurrentAssets": 776021000, "propertyPlantEquipment": 177665000, "intangibleAssets": 63508000, "otherAssets": 175620000, "deferredLongTermAssetCharges": 14996000, "totalAssets": 1192814000, "accountsPayable": 108767000, "shortLongTermDebt": 1561000, "otherCurrentLiab": 832426000, "otherLiab": 22025000, "deferredLongTermLiab": 1180000, "totalCurrentLiabilities": 1465977000, "totalLiab": 1488002000, "commonStock": 106208000, "retainedEarnings": -433862000, "treasuryStock": 15346000, "capitalSurplus": 17120000, "otherStockholderEquity": 15346000, "totalStockholderEquity": -295188000, "netTangibleAssets": -358696000}], "maxAge": 86400}, "earningsTrend": {"trend": [{"maxAge": 1, "period": "0q", "endDate": null, "growth": {}, "earningsEstimate": {"avg": 0.0, "low": 0.0, "high": 0.0, "yearAgoEps": {}, "numberOfAnalysts": 0, "growth": {}}, "revenueEstimate": {"avg": 0, "low": 0, "high": 0, "numberOfAnalysts": 0, "yearAgoRevenue": {}, "growth": {}}, "epsTrend": {"current": 0.0, "7daysAgo": 0.0, "30daysAgo": 0.0, "60daysAgo": 0.0, "90daysAgo": 0.0}, "epsRevisions": {"upLast7days": 0, "upLast30days": 0, "downLast30days": 0, "downLast90days": {}}}, {"maxAge": 1, "period": "+1q", "endDate": null, "growth": {}, "earningsEstimate": {"avg": 0.0, "low": 0.0, "high": 0.0, "yearAgoEps": {}, "numberOfAnalysts": 0, "growth": {}}, "revenueEstimate": {"avg": 0, "low": 0, "high": 0, "numberOfAnalysts": 0, "yearAgoRevenue": {}, "growth": {}}, "epsTrend": {"current": 0.0, "7daysAgo": 0.0, "30daysAgo": 0.0, "60daysAgo": 0.0, "90daysAgo": 0.0}, "epsRevisions": {"upLast7days": 0, "upLast30days": 0, "downLast30days": 0, "downLast90days": {}}}, {"maxAge": 1, "period": "0y", "endDate": null, "growth": {}, "earningsEstimate": {"avg": 0.0, "low": 0.0, "high": 0.0, "yearAgoEps": {}, "numberOfAnalysts": 0, "growth": {}}, "revenueEstimate": {"avg": 0, "low": 0, "high": 0, "numberOfAnalysts": 0, "yearAgoRevenue": {}, "growth": {}}, "epsTrend": {"current": 0.0, "7daysAgo": 0.0, "30daysAgo": 0.0, "60daysAgo": 0.0, "90daysAgo": 0.0}, "epsRevisions": {"upLast7days": 0, "upLast30days": 0, "downLast30days": 0, "downLast90days": {}}}, {"maxAge": 1, "period": "+1y", "endDate": null, "growth": {}, "earningsEstimate": {"avg": 0.0, "low": 0.0, "high": 0.0, "yearAgoEps": {}, "numberOfAnalysts": 0, "growth": {}}, "revenueEstimate": {"avg": 0, "low": 0, "high": 0, "numberOfAnalysts": 0, "yearAgoRevenue": {}, "growth": {}}, "epsTrend": {"current": 0.0, "7daysAgo": 0.0, "30daysAgo": 0.0, "60daysAgo": 0.0, "90daysAgo": 0.0}, "epsRevisions": {"upLast7days": 0, "upLast30days": 0, "downLast30days": 0, "downLast90days": {}}}, {"maxAge": 1, "period": "+5y", "endDate": null, "growth": {}, "earningsEstimate": {"avg": {}, "low": {}, "high": {}, "yearAgoEps": {}, "numberOfAnalysts": {}, "growth": {}}, "revenueEstimate": {"avg": {}, "low": {}, "high": {}, "numberOfAnalysts": {}, "yearAgoRevenue": {}, "growth": {}}, "epsTrend": {"current": {}, "7daysAgo": {}, "30daysAgo": {}, "60daysAgo": {}, "90daysAgo": {}}, "epsRevisions": {"upLast7days": {}, "upLast30days": {}, "downLast30days": {}, "downLast90days": {}}}, {"maxAge": 1, "period": "-5y", "endDate": null, "growth": {}, "earningsEstimate": {"avg": {}, "low": {}, "high": {}, "yearAgoEps": {}, "numberOfAnalysts": {}, "growth": {}}, "revenueEstimate": {"avg": {}, "low": {}, "high": {}, "numberOfAnalysts": {}, "yearAgoRevenue": {}, "growth": {}}, "epsTrend": {"current": {}, "7daysAgo": {}, "30daysAgo": {}, "60daysAgo": {}, "90daysAgo": {}}, "epsRevisions": {"upLast7days": {}, "upLast30days": {}, "downLast30days": {}, "downLast90days": {}}}], "maxAge": 1}, "institutionOwnership": {"ownershipList": [], "maxAge": 1}, "majorHoldersBreakdown": {"maxAge": 1, "insidersPercentHeld": 0.67498, "institutionsPercentHeld": 0.23707001, "institutionsFloatPercentHeld": 0.72940004, "institutionsCount": 8}, "balanceSheetHistoryQuarterly": {"balanceSheetStatements": [{"maxAge": 1, "endDate": "2020-12-31", "totalStockholderEquity": 2397273000, "netTangibleAssets": 2368247000}, {"maxAge": 1, "endDate": "2020-09-30", "cash": 1584945000, "shortTermInvestments": 981830000, "netReceivables": 30528000, "otherCurrentAssets": 132218000, "totalCurrentAssets": 2729521000, "longTermInvestments": 55900000, "propertyPlantEquipment": 1242148000, "intangibleAssets": 29026000, "otherAssets": 131261000, "deferredLongTermAssetCharges": 18429000, "totalAssets": 4187856000, "accountsPayable": 410724000, "otherCurrentLiab": 810543000, "otherLiab": 981000, "totalCurrentLiabilities": 1329236000, "totalLiab": 1790583000, "commonStock": 113851000, "treasuryStock": 2283422000, "otherStockholderEquity": 2283422000, "totalStockholderEquity": 2397273000, "netTangibleAssets": 2368247000}, {"maxAge": 1, "endDate": "2020-06-30", "totalStockholderEquity": 2282412000, "netTangibleAssets": 2250575000}, {"maxAge": 1, "endDate": "2020-03-31", "cash": 45322000, "shortTermInvestments": 1001403000, "netReceivables": 67417000, "inventory": 2690000, "otherCurrentAssets": 153915000, "totalCurrentAssets": 2500266000, "longTermInvestments": 60802000, "propertyPlantEquipment": 1298670000, "intangibleAssets": 31837000, "otherAssets": 158133000, "deferredLongTermAssetCharges": 18111000, "totalAssets": 4049708000, "accountsPayable": 266875000, "otherCurrentLiab": 796134000, "otherLiab": 1454000, "deferredLongTermLiab": 1619000, "totalCurrentLiabilities": 1302547000, "totalLiab": 1767296000, "commonStock": 113831000, "retainedEarnings": 887522000, "treasuryStock": 21569000, "capitalSurplus": 1259490000, "otherStockholderEquity": 21569000, "totalStockholderEquity": 2282412000, "netTangibleAssets": 2250575000}], "maxAge": 86400}, "earningsHistory": {"history": [{"maxAge": 1, "epsActual": {}, "epsEstimate": {}, "epsDifference": {}, "surprisePercent": {}, "quarter": {}, "period": "-4q"}, {"maxAge": 1, "epsActual": {}, "epsEstimate": {}, "epsDifference": {}, "surprisePercent": {}, "quarter": {}, "period": "-3q"}, {"maxAge": 1, "epsActual": {}, "epsEstimate": {}, "epsDifference": {}, "surprisePercent": {}, "quarter": {}, "period": "-2q"}, {"maxAge": 1, "epsActual": {}, "epsEstimate": {}, "epsDifference": {}, "surprisePercent": {}, "quarter": {}, "period": "-1q"}], "maxAge": 86400}, "summaryProfile": {"address1": "No: 94, TVH Beliciaa Towers", "address2": "Tower 2, 5th Floor MRC Nagar Mandaveli", "city": "Chennai", "zip": "600028", "country": "India", "phone": "91 44 3095 3095", "website": "http://www.matrimony.com", "industry": "Internet Content & Information", "sector": "Communication Services", "longBusinessSummary": "Matrimony.com Limited online matchmaking services on internet and mobile platforms in India and internationally. The company operates through Matchmaking Services and Marriage Services segments. The company operates matrimonial sites, including BharatMatrimony.com, BengaliMatrimony.com, GujaratiMatrimony.com, HindiMatrimony.com, KannadaMatrimony.com, KeralaMatrimony.com, MarathiMatrimony.com, MarwadiMatrimony.com, OriyaMatrimony.com, PunjabiMatrimony.com, TamilMatrimony.com, TeluguMatrimony.com, UrduMatrimony.com, AssameseMatrimony.com, ParsiMatrimony.com, and SindhiMatrimony.com. It also operates regional matrimonial sites through MuslimMatrimony.com, ChristianMatrimony.com, SikhMatrimony.com, JainMatrimony.com, and BuddhistMatrimony.com; and offers social services through BharatBloodBank.com, BharatEyeBank.org, AbilityMatrimony.com, and HappyMarriages.com. In addition, the company operates community based sites, such as CommunityMatrimony.com; and exclusive matrimonial sites comprising EliteMatrimony.com, DivorceeMatrimony.com, ManglikMatrimony.com, and DefenceMatrimony.com. Further, it operates Matrimonybazar.com and Matrimonymandap.com to provide related marriage services that include wedding planners, venues, cards, and caterers, as well as mandap services. It operates approximately 148 retail outlets. The company was founded in 1997 and is based in Chennai, India.", "fullTimeEmployees": 4316, "companyOfficers": [], "maxAge": 86400}, "netSharePurchaseActivity": {"maxAge": 1, "period": "6m", "buyInfoCount": 0, "buyInfoShares": 0, "sellInfoCount": 0, "netInfoCount": 0, "netInfoShares": 0, "netPercentInsiderShares": 0.0, "totalInsiderShares": 15367788}, "insiderTransactions": {"transactions": [{"maxAge": 1, "shares": 1794, "value": 23621, "filerUrl": "", "transactionText": "Sale at price 13.17 per share.", "filerName": "Swaminathan (Saichithra)", "filerRelation": "UNREPORTED", "moneyText": "", "startDate": "2021-03-31", "ownership": "D"}, {"maxAge": 1, "shares": 350, "value": 4601, "filerUrl": "", "transactionText": "Sale at price 13.15 per share.", "filerName": "Swaminathan (Saichithra)", "filerRelation": "UNREPORTED", "moneyText": "", "startDate": "2021-03-31", "ownership": "D"}, {"maxAge": 1, "shares": 3000, "value": 38615, "filerUrl": "", "transactionText": "Other at price 12.87 per share.", "filerName": "Suresh (V)", "filerRelation": "UNREPORTED", "moneyText": "", "startDate": "2021-03-30", "ownership": "D"}, {"maxAge": 1, "shares": 2500, "value": 33368, "filerUrl": "", "transactionText": "Sale at price 13.35 per share.", "filerName": "Zacharias (George)", "filerRelation": "Director", "moneyText": "", "startDate": "2021-03-24", "ownership": "D"}, {"maxAge": 1, "shares": 1200, "value": 16888, "filerUrl": "", "transactionText": "Sale at price 14.07 per share.", "filerName": "Zacharias (George)", "filerRelation": "Director", "moneyText": "", "startDate": "2021-03-22", "ownership": "D"}, {"maxAge": 1, "shares": 1, "value": 14, "filerUrl": "", "transactionText": "Acquisition at price 14.57 per share.", "filerName": "Zacharias (George)", "filerRelation": "Director", "moneyText": "", "startDate": "2021-03-19", "ownership": "D"}, {"maxAge": 1, "shares": 3000, "value": 43104, "filerUrl": "", "transactionText": "Sale at price 14.37 per share.", "filerName": "Zacharias (George)", "filerRelation": "Director", "moneyText": "", "startDate": "2021-03-19", "ownership": "D"}, {"maxAge": 1, "shares": 990, "value": 13743, "filerUrl": "", "transactionText": "Sale at price 13.88 per share.", "filerName": "Zacharias (George)", "filerRelation": "Director", "moneyText": "", "startDate": "2021-03-18", "ownership": "D"}, {"maxAge": 1, "shares": 54280, "value": 824051, "filerUrl": "", "transactionText": "Other at price 15.18 per share.", "filerName": "Swaminathan (Saichithra)", "filerRelation": "Divisional Officer", "moneyText": "", "startDate": "2021-03-02", "ownership": "D"}, {"maxAge": 1, "shares": 3100, "value": 39447, "filerUrl": "", "transactionText": "Sale at price 12.73 per share.", "filerName": "Swaminathan (Saichithra)", "filerRelation": "UNREPORTED", "moneyText": "", "startDate": "2020-12-30", "ownership": "D"}, {"maxAge": 1, "shares": 11300, "value": 136012, "filerUrl": "", "transactionText": "Sale at price 12.04 per share.", "filerName": "Swaminathan (Saichithra)", "filerRelation": "UNREPORTED", "moneyText": "", "startDate": "2020-12-29", "ownership": "D"}, {"maxAge": 1, "shares": 1410, "value": 15923, "filerUrl": "", "transactionText": "Sale at price 11.29 per share.", "filerName": "Swaminathan (Saichithra)", "filerRelation": "UNREPORTED", "moneyText": "", "startDate": "2020-12-28", "ownership": "D"}, {"maxAge": 1, "shares": 1903, "value": 22031, "filerUrl": "", "transactionText": "Sale at price 11.58 per share.", "filerName": "Swaminathan (Saichithra)", "filerRelation": "Officer", "moneyText": "", "startDate": "2020-12-15", "ownership": "D"}, {"maxAge": 1, "shares": 2000, "value": 23251, "filerUrl": "", "transactionText": "Sale at price 11.63 per share.", "filerName": "Swaminathan (Saichithra)", "filerRelation": "Officer", "moneyText": "", "startDate": "2020-12-14", "ownership": "D"}, {"maxAge": 1, "shares": 1218, "value": 14292, "filerUrl": "", "transactionText": "Sale at price 11.73 per share.", "filerName": "Swaminathan (Saichithra)", "filerRelation": "Officer", "moneyText": "", "startDate": "2020-12-11", "ownership": "D"}, {"maxAge": 1, "shares": 5012, "value": 57009, "filerUrl": "", "transactionText": "Sale at price 11.37 per share.", "filerName": "Swaminathan (Saichithra)", "filerRelation": "Officer", "moneyText": "", "startDate": "2020-12-10", "ownership": "D"}, {"maxAge": 1, "shares": 1312, "value": 14878, "filerUrl": "", "transactionText": "Sale at price 11.34 per share.", "filerName": "Swaminathan (Saichithra)", "filerRelation": "Officer", "moneyText": "", "startDate": "2020-12-08", "ownership": "D"}, {"maxAge": 1, "shares": 1772, "value": 21307, "filerUrl": "", "transactionText": "Sale at price 12.02 per share.", "filerName": "Swaminathan (Saichithra)", "filerRelation": "Officer", "moneyText": "", "startDate": "2020-12-07", "ownership": "D"}, {"maxAge": 1, "shares": 1500, "value": 13659, "filerUrl": "", "transactionText": "Other at price 9.11 per share.", "filerName": "Neelkantan (Pillutla Visvesvarryya)", "filerRelation": "UNREPORTED", "moneyText": "", "startDate": "2020-11-05", "ownership": "D"}, {"maxAge": 1, "shares": 4000, "value": 36425, "filerUrl": "", "transactionText": "Other at price 9.11 per share.", "filerName": "Nelliparthi (Prasad)", "filerRelation": "UNREPORTED", "moneyText": "", "startDate": "2020-11-05", "ownership": "D"}, {"maxAge": 1, "shares": 3000, "value": 27318, "filerUrl": "", "transactionText": "Other at price 9.11 per share.", "filerName": "Pai (Sushanth)", "filerRelation": "UNREPORTED", "moneyText": "", "startDate": "2020-11-05", "ownership": "D"}, {"maxAge": 1, "shares": 20372, "filerUrl": "", "transactionText": "", "filerName": "Swaminathan (Saichithra)", "filerRelation": "Officer", "moneyText": "", "startDate": "2020-03-24", "ownership": "D"}, {"maxAge": 1, "shares": 7674, "filerUrl": "", "transactionText": "", "filerName": "Murugavel (J)", "filerRelation": "Executive Chairman", "moneyText": "", "startDate": "2019-05-30", "ownership": "D"}, {"maxAge": 1, "shares": 5297, "filerUrl": "", "transactionText": "", "filerName": "Murugavel (J)", "filerRelation": "Executive Chairman", "moneyText": "", "startDate": "2019-05-29", "ownership": "D"}, {"maxAge": 1, "shares": 24067, "filerUrl": "", "transactionText": "", "filerName": "Murugavel (J)", "filerRelation": "Chief Executive Officer", "moneyText": "", "startDate": "2019-05-24", "ownership": "D"}, {"maxAge": 1, "shares": 3701, "filerUrl": "", "transactionText": "", "filerName": "Murugavel (J)", "filerRelation": "Chief Executive Officer", "moneyText": "", "startDate": "2019-05-17", "ownership": "D"}, {"maxAge": 1, "shares": 9261, "filerUrl": "", "transactionText": "", "filerName": "Murugavel (J)", "filerRelation": "Chief Executive Officer", "moneyText": "", "startDate": "2019-05-16", "ownership": "D"}, {"maxAge": 1, "shares": 3206, "filerUrl": "", "transactionText": "", "filerName": "Chandrasekar (R)", "filerRelation": "Divisional Officer", "moneyText": "", "startDate": "2019-05-16", "ownership": "D"}, {"maxAge": 1, "shares": 3100, "filerUrl": "", "transactionText": "", "filerName": "Chandrasekar (R)", "filerRelation": "Divisional Officer", "moneyText": "", "startDate": "2018-11-30", "ownership": "D"}, {"maxAge": 1, "shares": 14333, "filerUrl": "", "transactionText": "", "filerName": "Swaminathan (Saichithra)", "filerRelation": "Officer", "moneyText": "", "startDate": "2018-11-26", "ownership": "D"}, {"maxAge": 1, "shares": 4218, "filerUrl": "", "transactionText": "", "filerName": "Swaminathan (Saichithra)", "filerRelation": "Officer", "moneyText": "", "startDate": "2018-11-22", "ownership": "D"}, {"maxAge": 1, "shares": 4141, "filerUrl": "", "transactionText": "", "filerName": "Swaminathan (Saichithra)", "filerRelation": "Officer", "moneyText": "", "startDate": "2018-11-21", "ownership": "D"}, {"maxAge": 1, "shares": 3729, "filerUrl": "", "transactionText": "", "filerName": "Swaminathan (Saichithra)", "filerRelation": "Officer", "moneyText": "", "startDate": "2018-11-20", "ownership": "D"}, {"maxAge": 1, "shares": 5918, "filerUrl": "", "transactionText": "", "filerName": "Swaminathan (Saichithra)", "filerRelation": "Officer", "moneyText": "", "startDate": "2018-11-16", "ownership": "D"}, {"maxAge": 1, "shares": 7133, "filerUrl": "", "transactionText": "", "filerName": "Swaminathan (Saichithra)", "filerRelation": "Officer", "moneyText": "", "startDate": "2018-11-15", "ownership": "D"}, {"maxAge": 1, "shares": 3361, "filerUrl": "", "transactionText": "", "filerName": "Swaminathan (Saichithra)", "filerRelation": "Officer", "moneyText": "", "startDate": "2018-11-14", "ownership": "D"}, {"maxAge": 1, "shares": 606, "filerUrl": "", "transactionText": "", "filerName": "Misra (Sanjeev)", "filerRelation": "UNREPORTED", "moneyText": "", "startDate": "2018-08-24", "ownership": "D"}, {"maxAge": 1, "shares": 1539, "filerUrl": "", "transactionText": "", "filerName": "Misra (Sanjeev)", "filerRelation": "UNREPORTED", "moneyText": "", "startDate": "2018-08-24", "ownership": "D"}, {"maxAge": 1, "shares": 2751, "filerUrl": "", "transactionText": "", "filerName": "Chandrasekar (R)", "filerRelation": "UNREPORTED", "moneyText": "", "startDate": "2018-08-24", "ownership": "D"}, {"maxAge": 1, "shares": 1055, "filerUrl": "", "transactionText": "", "filerName": "Misra (Sanjeev)", "filerRelation": "UNREPORTED", "moneyText": "", "startDate": "2018-05-11", "ownership": "D"}, {"maxAge": 1, "shares": 1055, "filerUrl": "", "transactionText": "", "filerName": "Misra (Sanjeev)", "filerRelation": "UNREPORTED", "moneyText": "", "startDate": "2018-05-11", "ownership": "D"}], "maxAge": 1}, "sectorTrend": {"maxAge": 1, "symbol": null, "estimates": []}, "incomeStatementHistoryQuarterly": {"incomeStatementHistory": [{"maxAge": 1, "endDate": "2020-12-31", "totalRevenue": 966944000, "costOfRevenue": 301183000, "grossProfit": 665761000, "researchDevelopment": {}, "sellingGeneralAdministrative": 376684000, "nonRecurring": {}, "otherOperatingExpenses": 69166000, "totalOperatingExpenses": 809785000, "operatingIncome": 157159000, "totalOtherIncomeExpenseNet": -12924000, "ebit": 157159000, "interestExpense": -359000, "incomeBeforeTax": 144235000, "incomeTaxExpense": 34039000, "minorityInterest": {}, "netIncomeFromContinuingOps": 110196000, "discontinuedOperations": {}, "extraordinaryItems": {}, "effectOfAccountingCharges": {}, "otherItems": {}, "netIncome": 110196000, "netIncomeApplicableToCommonShares": 110196000}, {"maxAge": 1, "endDate": "2020-09-30", "totalRevenue": 932664000, "costOfRevenue": 320050000, "grossProfit": 612614000, "researchDevelopment": {}, "sellingGeneralAdministrative": 339584000, "nonRecurring": {}, "otherOperatingExpenses": 60691000, "totalOperatingExpenses": 784138000, "operatingIncome": 148526000, "totalOtherIncomeExpenseNet": -14119000, "ebit": 148526000, "interestExpense": -415000, "incomeBeforeTax": 134407000, "incomeTaxExpense": 31775000, "minorityInterest": {}, "netIncomeFromContinuingOps": 102632000, "discontinuedOperations": {}, "extraordinaryItems": {}, "effectOfAccountingCharges": {}, "otherItems": {}, "netIncome": 102632000, "netIncomeApplicableToCommonShares": 102632000}, {"maxAge": 1, "endDate": "2020-06-30", "totalRevenue": 867984000, "costOfRevenue": 331041000, "grossProfit": 536943000, "researchDevelopment": {}, "sellingGeneralAdministrative": 268846000, "nonRecurring": {}, "otherOperatingExpenses": 62995000, "totalOperatingExpenses": 730750000, "operatingIncome": 137234000, "totalOtherIncomeExpenseNet": -14625000, "ebit": 137234000, "interestExpense": -212000, "incomeBeforeTax": 122609000, "incomeTaxExpense": 28953000, "minorityInterest": {}, "netIncomeFromContinuingOps": 93656000, "discontinuedOperations": {}, "extraordinaryItems": {}, "effectOfAccountingCharges": {}, "otherItems": {}, "netIncome": 93656000, "netIncomeApplicableToCommonShares": 93656000}, {"maxAge": 1, "endDate": "2020-03-31", "totalRevenue": 941006000, "costOfRevenue": 439119000, "grossProfit": 501887000, "researchDevelopment": {}, "sellingGeneralAdministrative": 286170000, "nonRecurring": {}, "otherOperatingExpenses": 178967000, "totalOperatingExpenses": 993305000, "operatingIncome": -52299000, "totalOtherIncomeExpenseNet": 143623000, "ebit": -52299000, "interestExpense": -49140000, "incomeBeforeTax": 91324000, "incomeTaxExpense": 23534000, "minorityInterest": {}, "netIncomeFromContinuingOps": 67790000, "discontinuedOperations": {}, "extraordinaryItems": {}, "effectOfAccountingCharges": {}, "otherItems": {}, "netIncome": 67790000, "netIncomeApplicableToCommonShares": 67790000}], "maxAge": 86400}, "cashflowStatementHistoryQuarterly": {"cashflowStatements": [{"maxAge": 1, "endDate": "2020-12-31", "netIncome": 110196000, "changeToLiabilities": 0}, {"maxAge": 1, "endDate": "2020-09-30", "netIncome": 102632000, "changeToLiabilities": 0}, {"maxAge": 1, "endDate": "2020-06-30", "netIncome": 93656000, "changeToLiabilities": 0}, {"maxAge": 1, "endDate": "2020-03-31", "netIncome": 67790000, "changeToLiabilities": 0}], "maxAge": 86400}, "earnings": {"maxAge": 86400, "earningsChart": {"quarterly": [], "earningsDate": []}, "financialsChart": {"yearly": [{"date": 2017, "revenue": 2928558000, "earnings": 429643000}, {"date": 2018, "revenue": 3354449000, "earnings": 738626000}, {"date": 2019, "revenue": 3484275000, "earnings": 424506000}, {"date": 2020, "revenue": 3718353000, "earnings": 295348000}], "quarterly": [{"date": "1Q2020", "revenue": 941006000, "earnings": 67790000}, {"date": "2Q2020", "revenue": 867984000, "earnings": 93656000}, {"date": "3Q2020", "revenue": 932664000, "earnings": 102632000}, {"date": "4Q2020", "revenue": 966944000, "earnings": 110196000}]}, "financialCurrency": "INR"}, "financialData": {"maxAge": 86400, "currentPrice": 946.1, "targetHighPrice": 1060.0, "targetLowPrice": 1005.0, "targetMeanPrice": 1032.5, "targetMedianPrice": 1032.5, "recommendationMean": 1.5, "recommendationKey": "strong_buy", "numberOfAnalystOpinions": 2, "totalCash": 2566775040, "totalCashPerShare": 112.737, "ebitda": 495636992, "totalDebt": 568334976, "totalRevenue": 3708598016, "debtToEquity": 23.707, "revenuePerShare": 162.928, "grossProfits": 2123825000, "earningsGrowth": 0.959, "revenueGrowth": 0.074, "grossMargins": 0.62482, "ebitdaMargins": 0.13364, "operatingMargins": 0.10533, "profitMargins": 0.10092, "financialCurrency": "INR"}}}