{"MAWANASUG.BO": {"recommendationTrend": {"trend": [{"period": "0m", "strongBuy": 0, "buy": 0, "hold": 0, "sell": 0, "strongSell": 0}, {"period": "-1m", "strongBuy": 0, "buy": 0, "hold": 0, "sell": 0, "strongSell": 0}, {"period": "-2m", "strongBuy": 0, "buy": 0, "hold": 0, "sell": 0, "strongSell": 0}, {"period": "-3m", "strongBuy": 0, "buy": 0, "hold": 0, "sell": 0, "strongSell": 0}], "maxAge": 86400}, "cashflowStatementHistory": {"cashflowStatements": [{"maxAge": 1, "endDate": "2020-03-31", "netIncome": -829020000, "depreciation": 659210000, "changeToNetincome": 777620000, "changeToAccountReceivables": -114550000, "changeToLiabilities": -818220000, "changeToInventory": -614130000, "changeToOperatingActivities": -448930000, "totalCashFromOperatingActivities": -1386410000, "capitalExpenditures": -434640000, "investments": -12820000, "otherCashflowsFromInvestingActivities": 24770000, "totalCashflowsFromInvestingActivities": -419510000, "netBorrowings": 2293360000, "otherCashflowsFromFinancingActivities": -343240000, "totalCashFromFinancingActivities": 1950120000, "changeInCash": 144200000}, {"maxAge": 1, "endDate": "2019-03-31", "netIncome": 403450000, "depreciation": 333740000, "changeToNetincome": 374290000, "changeToAccountReceivables": -4570000, "changeToLiabilities": 1306240000, "changeToInventory": -3226780000, "changeToOperatingActivities": -189300000, "totalCashFromOperatingActivities": -1002930000, "capitalExpenditures": -257680000, "investments": 39020000, "otherCashflowsFromInvestingActivities": 43200000, "totalCashflowsFromInvestingActivities": -168630000, "netBorrowings": 1041110000, "otherCashflowsFromFinancingActivities": -99730000, "totalCashFromFinancingActivities": 941380000, "changeInCash": -230180000}, {"maxAge": 1, "endDate": "2018-03-31", "netIncome": 97510000, "depreciation": 239230000, "changeToNetincome": 17100000, "changeToAccountReceivables": -99780000, "changeToLiabilities": 1207780000, "changeToInventory": 25800000, "changeToOperatingActivities": -856360000, "totalCashFromOperatingActivities": 631280000, "capitalExpenditures": -210980000, "investments": 65590000, "otherCashflowsFromInvestingActivities": 34580000, "totalCashflowsFromInvestingActivities": 831870000, "netBorrowings": -1075570000, "otherCashflowsFromFinancingActivities": -195220000, "totalCashFromFinancingActivities": -1270790000, "changeInCash": 192360000}, {"maxAge": 1, "endDate": "2017-03-31", "netIncome": 3590040000, "depreciation": 303400000, "changeToNetincome": -2214420000, "changeToAccountReceivables": 251930000, "changeToLiabilities": -1317410000, "changeToInventory": -601100000, "changeToOperatingActivities": 477100000, "totalCashFromOperatingActivities": 489540000, "capitalExpenditures": -191480000, "investments": -19620000, "otherCashflowsFromInvestingActivities": 41420000, "totalCashflowsFromInvestingActivities": 1215140000, "netBorrowings": -1313680000, "otherCashflowsFromFinancingActivities": -259040000, "totalCashFromFinancingActivities": -1572720000, "changeInCash": 125560000}], "maxAge": 86400}, "institutionOwnership": {"maxAge": 1, "ownershipList": []}, "balanceSheetHistoryQuarterly": {"balanceSheetStatements": [{"maxAge": 1, "endDate": "2020-06-30", "totalStockholderEquity": 2962780000, "netTangibleAssets": 2961930000}, {"maxAge": 1, "endDate": "2020-03-31", "cash": 466910000, "shortTermInvestments": 4810000, "netReceivables": 1479180000, "inventory": 8535780000, "otherCurrentAssets": 176580000, "totalCurrentAssets": 10685200000, "longTermInvestments": 131570000, "propertyPlantEquipment": 2990220000, "intangibleAssets": 850000, "otherAssets": 928190000, "deferredLongTermAssetCharges": 710980000, "totalAssets": 14736030000, "accountsPayable": 5905070000, "shortLongTermDebt": 1253170000, "otherCurrentLiab": 377250000, "longTermDebt": 1943980000, "otherLiab": 216650000, "minorityInterest": 1150000, "totalCurrentLiabilities": 9603350000, "totalLiab": 11772100000, "commonStock": 391160000, "retainedEarnings": -47230000, "treasuryStock": 1123810000, "capitalSurplus": 1495040000, "otherStockholderEquity": 1123810000, "totalStockholderEquity": 2962780000, "netTangibleAssets": 2961930000}, {"maxAge": 1, "endDate": "2019-12-31", "totalStockholderEquity": 3623600000, "netTangibleAssets": 3621790000}, {"maxAge": 1, "endDate": "2019-09-30", "cash": 480170000, "shortTermInvestments": 202840000, "netReceivables": 360790000, "inventory": 6494320000, "otherCurrentAssets": 103780000, "totalCurrentAssets": 7641900000, "longTermInvestments": 269670000, "propertyPlantEquipment": 3009020000, "intangibleAssets": 1810000, "otherAssets": 1641440000, "deferredLongTermAssetCharges": 1493090000, "totalAssets": 12563840000, "accountsPayable": 3041910000, "otherCurrentLiab": 1519430000, "longTermDebt": 2566320000, "otherLiab": 225180000, "minorityInterest": 1200000, "totalCurrentLiabilities": 6137430000, "totalLiab": 8939040000, "commonStock": 391160000, "treasuryStock": 3232440000, "otherStockholderEquity": 3232440000, "totalStockholderEquity": 3623600000, "netTangibleAssets": 3621790000}], "maxAge": 86400}, "earningsHistory": {"history": [{"maxAge": 1, "epsActual": {}, "epsEstimate": {}, "epsDifference": {}, "surprisePercent": {}, "quarter": {}, "period": "-4q"}, {"maxAge": 1, "epsActual": {}, "epsEstimate": {}, "epsDifference": {}, "surprisePercent": {}, "quarter": {}, "period": "-3q"}, {"maxAge": 1, "epsActual": {}, "epsEstimate": {}, "epsDifference": {}, "surprisePercent": {}, "quarter": {}, "period": "-2q"}, {"maxAge": 1, "epsActual": {}, "epsEstimate": {}, "epsDifference": {}, "surprisePercent": {}, "quarter": {}, "period": "-1q"}], "maxAge": 86400}, "indexTrend": {"maxAge": 1, "symbol": "SP5", "peRatio": 19.7411, "pegRatio": 1.34172, "estimates": [{"period": "0q", "growth": 0.549}, {"period": "+1q", "growth": 0.431}, {"period": "0y", "growth": 0.305}, {"period": "+1y", "growth": 0.109}, {"period": "+5y", "growth": 0.120865}, {"period": "-5y"}]}, "industryTrend": {"maxAge": 1, "symbol": null, "estimates": []}, "insiderTransactions": {"transactions": [{"maxAge": 1, "shares": 100000, "filerUrl": "", "transactionText": "", "filerName": "Shriram (Siddharth)", "filerRelation": "Promoter", "moneyText": "", "startDate": "2017-11-24", "ownership": "D"}, {"maxAge": 1, "shares": 191435, "filerUrl": "", "transactionText": "", "filerName": "Shriram (Siddharth)", "filerRelation": "Promoter", "moneyText": "", "startDate": "2017-11-23", "ownership": "D"}, {"maxAge": 1, "shares": 97000, "filerUrl": "", "transactionText": "", "filerName": "Shriram (Siddharth)", "filerRelation": "Promoter", "moneyText": "", "startDate": "2017-11-22", "ownership": "D"}, {"maxAge": 1, "shares": 176000, "filerUrl": "", "transactionText": "", "filerName": "Shriram (Siddharth)", "filerRelation": "Promoter", "moneyText": "", "startDate": "2017-11-21", "ownership": "D"}, {"maxAge": 1, "shares": 235000, "filerUrl": "", "transactionText": "", "filerName": "Shriram (Siddharth)", "filerRelation": "Promoter", "moneyText": "", "startDate": "2017-11-17", "ownership": "D"}, {"maxAge": 1, "shares": 22000, "filerUrl": "", "transactionText": "", "filerName": "Shriram (Siddharth)", "filerRelation": "Promoter", "moneyText": "", "startDate": "2017-11-16", "ownership": "D"}, {"maxAge": 1, "shares": 116000, "filerUrl": "", "transactionText": "", "filerName": "Shriram (Siddharth)", "filerRelation": "Promoter", "moneyText": "", "startDate": "2017-11-15", "ownership": "D"}, {"maxAge": 1, "shares": 70000, "filerUrl": "", "transactionText": "", "filerName": "Shriram (Siddharth)", "filerRelation": "Promoter", "moneyText": "", "startDate": "2017-11-13", "ownership": "D"}, {"maxAge": 1, "shares": 11500, "filerUrl": "", "transactionText": "", "filerName": "Shriram (Siddharth)", "filerRelation": "Promoter", "moneyText": "", "startDate": "2017-11-10", "ownership": "D"}, {"maxAge": 1, "shares": 35000, "filerUrl": "", "transactionText": "", "filerName": "Shriram (Siddharth)", "filerRelation": "Promoter", "moneyText": "", "startDate": "2017-11-09", "ownership": "D"}, {"maxAge": 1, "shares": 90000, "filerUrl": "", "transactionText": "", "filerName": "Shriram (Siddharth)", "filerRelation": "Promoter", "moneyText": "", "startDate": "2017-11-08", "ownership": "D"}, {"maxAge": 1, "shares": 95000, "filerUrl": "", "transactionText": "", "filerName": "Shriram (Siddharth)", "filerRelation": "Promoter", "moneyText": "", "startDate": "2017-11-06", "ownership": "D"}, {"maxAge": 1, "shares": 1065, "filerUrl": "", "transactionText": "", "filerName": "Shriram (Siddharth)", "filerRelation": "Promoter", "moneyText": "", "startDate": "2017-11-03", "ownership": "D"}, {"maxAge": 1, "shares": 40000, "filerUrl": "", "transactionText": "", "filerName": "Shriram (Siddharth)", "filerRelation": "Promoter", "moneyText": "", "startDate": "2017-11-02", "ownership": "D"}, {"maxAge": 1, "shares": 240000, "filerUrl": "", "transactionText": "", "filerName": "Shriram (Siddharth)", "filerRelation": "Promoter", "moneyText": "", "startDate": "2017-11-01", "ownership": "D"}, {"maxAge": 1, "shares": 180000, "filerUrl": "", "transactionText": "", "filerName": "Shriram (Siddharth)", "filerRelation": "Promoter", "moneyText": "", "startDate": "2017-10-31", "ownership": "D"}, {"maxAge": 1, "shares": 105150, "filerUrl": "", "transactionText": "", "filerName": "Shriram (Siddharth)", "filerRelation": "Promoter", "moneyText": "", "startDate": "2017-10-30", "ownership": "D"}, {"maxAge": 1, "shares": 100000, "filerUrl": "", "transactionText": "", "filerName": "Shriram (Siddharth)", "filerRelation": "Promoter", "moneyText": "", "startDate": "2017-10-27", "ownership": "D"}, {"maxAge": 1, "shares": 244000, "filerUrl": "", "transactionText": "", "filerName": "Shriram (Siddharth)", "filerRelation": "Promoter", "moneyText": "", "startDate": "2017-10-26", "ownership": "D"}, {"maxAge": 1, "shares": 110100, "filerUrl": "", "transactionText": "", "filerName": "Shriram (Siddharth)", "filerRelation": "Promoter", "moneyText": "", "startDate": "2017-10-23", "ownership": "D"}, {"maxAge": 1, "shares": 240750, "filerUrl": "", "transactionText": "", "filerName": "Shriram (Siddharth)", "filerRelation": "Promoter", "moneyText": "", "startDate": "2017-10-19", "ownership": "D"}, {"maxAge": 1, "shares": 1000000, "filerUrl": "", "transactionText": "", "filerName": "Shriram (Siddharth)", "filerRelation": "Promoter", "moneyText": "", "startDate": "2014-12-17", "ownership": "D"}, {"maxAge": 1, "shares": 21616, "filerUrl": "", "transactionText": "", "filerName": "Khanna (Rajendra)", "filerRelation": "Wholetime Director", "moneyText": "", "startDate": "2014-02-13", "ownership": "D"}, {"maxAge": 1, "shares": 115000, "filerUrl": "", "transactionText": "", "filerName": "Shriram (Siddharth)", "filerRelation": "Executive Chairman", "moneyText": "", "startDate": "2013-08-05", "ownership": "D"}, {"maxAge": 1, "shares": 25977735, "filerUrl": "", "transactionText": "", "filerName": "Usha International Ltd", "filerRelation": "Promoter", "moneyText": "", "startDate": "2013-06-20", "ownership": "D"}, {"maxAge": 1, "shares": 25977735, "filerUrl": "", "transactionText": "", "filerName": "Shriram (Siddharth)", "filerRelation": "Executive Chairman", "moneyText": "", "startDate": "2013-06-20", "ownership": "D"}, {"maxAge": 1, "shares": 910941, "filerUrl": "", "transactionText": "", "filerName": "Usha International Ltd", "filerRelation": "Promoter", "moneyText": "", "startDate": "2013-05-24", "ownership": "D"}, {"maxAge": 1, "shares": 910941, "filerUrl": "", "transactionText": "", "filerName": "Shriram (Krishna)", "filerRelation": "Promoter", "moneyText": "", "startDate": "2013-05-24", "ownership": "D"}], "maxAge": 1}, "quoteType": {"exchange": "BSE", "quoteType": "EQUITY", "symbol": "MAWANASUG.BO", "underlyingSymbol": "MAWANASUG.BO", "shortName": "MAWANA SUGARS LTD.", "longName": "Mawana Sugars Limited", "firstTradeDateEpochUtc": "2002-07-01 09:15:00", "timeZoneFullName": "Asia/Kolkata", "timeZoneShortName": "IST", "uuid": "42854050-0d0c-3923-baf9-e3a5e34957ad", "messageBoardId": null, "gmtOffSetMilliseconds": 19800000, "maxAge": 1}, "incomeStatementHistory": {"incomeStatementHistory": [{"maxAge": 1, "endDate": "2020-03-31", "totalRevenue": 13959270000, "costOfRevenue": 9941270000, "grossProfit": 4018000000, "researchDevelopment": {}, "sellingGeneralAdministrative": 819680000, "nonRecurring": {}, "otherOperatingExpenses": 2450330000, "totalOperatingExpenses": 13872150000, "operatingIncome": 87120000, "totalOtherIncomeExpenseNet": -188900000, "ebit": 87120000, "interestExpense": -250560000, "incomeBeforeTax": -101780000, "incomeTaxExpense": 727340000, "minorityInterest": 1150000, "netIncomeFromContinuingOps": -829120000, "discontinuedOperations": {}, "extraordinaryItems": {}, "effectOfAccountingCharges": {}, "otherItems": {}, "netIncome": -829020000, "netIncomeApplicableToCommonShares": -829020000}, {"maxAge": 1, "endDate": "2019-03-31", "totalRevenue": 11648480000, "costOfRevenue": 7120520000, "grossProfit": 4527960000, "researchDevelopment": {}, "sellingGeneralAdministrative": 793160000, "nonRecurring": {}, "otherOperatingExpenses": 2557540000, "totalOperatingExpenses": 10811370000, "operatingIncome": 837110000, "totalOtherIncomeExpenseNet": -151260000, "ebit": 837110000, "interestExpense": -241360000, "incomeBeforeTax": 685850000, "incomeTaxExpense": 282440000, "minorityInterest": 1250000, "netIncomeFromContinuingOps": 403410000, "discontinuedOperations": {}, "extraordinaryItems": {}, "effectOfAccountingCharges": {}, "otherItems": {}, "netIncome": 403450000, "netIncomeApplicableToCommonShares": 403450000}, {"maxAge": 1, "endDate": "2018-03-31", "totalRevenue": 13442130000, "costOfRevenue": 9876960000, "grossProfit": 3565170000, "researchDevelopment": {}, "sellingGeneralAdministrative": 708410000, "nonRecurring": {}, "otherOperatingExpenses": 2418810000, "totalOperatingExpenses": 13252240000, "operatingIncome": 189890000, "totalOtherIncomeExpenseNet": -116380000, "ebit": 189890000, "interestExpense": -383200000, "incomeBeforeTax": 73510000, "incomeTaxExpense": -24080000, "minorityInterest": 1290000, "netIncomeFromContinuingOps": 97590000, "discontinuedOperations": {}, "extraordinaryItems": {}, "effectOfAccountingCharges": {}, "otherItems": {}, "netIncome": 97510000, "netIncomeApplicableToCommonShares": 97510000}, {"maxAge": 1, "endDate": "2017-03-31", "totalRevenue": 11906520000, "costOfRevenue": 7240100000, "grossProfit": 4666420000, "researchDevelopment": {}, "sellingGeneralAdministrative": 719940000, "nonRecurring": {}, "otherOperatingExpenses": 2271260000, "totalOperatingExpenses": 10534700000, "operatingIncome": 1371820000, "totalOtherIncomeExpenseNet": 3062940000, "ebit": 1371820000, "interestExpense": -506880000, "incomeBeforeTax": 4434760000, "incomeTaxExpense": 843510000, "minorityInterest": 1210000, "netIncomeFromContinuingOps": 3591250000, "discontinuedOperations": {}, "extraordinaryItems": {}, "effectOfAccountingCharges": {}, "otherItems": {}, "netIncome": 3590040000, "netIncomeApplicableToCommonShares": 3590040000}], "maxAge": 86400}, "fundOwnership": {"maxAge": 1, "ownershipList": []}, "summaryDetail": {"maxAge": 1, "priceHint": 2, "previousClose": 41.7, "open": 41.4, "dayLow": 41.3, "dayHigh": 43.75, "regularMarketPreviousClose": 41.7, "regularMarketOpen": 41.4, "regularMarketDayLow": 41.3, "regularMarketDayHigh": 43.75, "volume": 12469, "regularMarketVolume": 12469, "averageVolume": 25861, "averageVolume10days": 40735, "averageDailyVolume10Day": 40735, "bid": 43.75, "ask": 0.0, "bidSize": 0, "askSize": 0, "marketCap": 1711364352, "fiftyTwoWeekLow": 15.1, "fiftyTwoWeekHigh": 43.8, "fiftyDayAverage": 33.142647, "twoHundredDayAverage": 28.979044, "currency": "INR", "fromCurrency": null, "toCurrency": null, "lastMarket": null, "algorithm": null, "tradeable": false}, "sectorTrend": {"maxAge": 1, "symbol": null, "estimates": []}, "incomeStatementHistoryQuarterly": {"incomeStatementHistory": [{"maxAge": 1, "endDate": "2020-06-30", "totalRevenue": 4303690000, "costOfRevenue": 3487090000, "grossProfit": 816600000, "researchDevelopment": {}, "sellingGeneralAdministrative": 214110000, "nonRecurring": {}, "otherOperatingExpenses": 460990000, "totalOperatingExpenses": 4297260000, "operatingIncome": 6430000, "totalOtherIncomeExpenseNet": -56450000, "ebit": 6430000, "interestExpense": -67230000, "incomeBeforeTax": -50020000, "incomeTaxExpense": -8090000, "minorityInterest": {}, "netIncomeFromContinuingOps": -41930000, "discontinuedOperations": {}, "extraordinaryItems": {}, "effectOfAccountingCharges": {}, "otherItems": {}, "netIncome": -41920000, "netIncomeApplicableToCommonShares": -41920000}, {"maxAge": 1, "endDate": "2020-03-31", "totalRevenue": 4486700000, "costOfRevenue": 3316520000, "grossProfit": 1170180000, "researchDevelopment": {}, "sellingGeneralAdministrative": 243640000, "nonRecurring": {}, "otherOperatingExpenses": 412060000, "totalOperatingExpenses": 4139840000, "operatingIncome": 346860000, "totalOtherIncomeExpenseNet": -65640000, "ebit": 346860000, "interestExpense": -57400000, "incomeBeforeTax": 281220000, "incomeTaxExpense": 849300000, "minorityInterest": 1150000, "netIncomeFromContinuingOps": -568080000, "discontinuedOperations": {}, "extraordinaryItems": {}, "effectOfAccountingCharges": {}, "otherItems": {}, "netIncome": -568040000, "netIncomeApplicableToCommonShares": -568040000}, {"maxAge": 1, "endDate": "2019-12-31", "totalRevenue": 4003680000, "costOfRevenue": 3010880000, "grossProfit": 992800000, "researchDevelopment": {}, "sellingGeneralAdministrative": 210130000, "nonRecurring": {}, "otherOperatingExpenses": 689940000, "totalOperatingExpenses": 4073410000, "operatingIncome": -69730000, "totalOtherIncomeExpenseNet": -39520000, "ebit": -69730000, "interestExpense": -50620000, "incomeBeforeTax": -109250000, "incomeTaxExpense": -34460000, "minorityInterest": 1150000, "netIncomeFromContinuingOps": -74790000, "discontinuedOperations": {}, "extraordinaryItems": {}, "effectOfAccountingCharges": {}, "otherItems": {}, "netIncome": -74780000, "netIncomeApplicableToCommonShares": -74780000}, {"maxAge": 1, "endDate": "2019-09-30", "totalRevenue": 2333900000, "costOfRevenue": 1640030000, "grossProfit": 693870000, "researchDevelopment": {}, "sellingGeneralAdministrative": 177900000, "nonRecurring": {}, "otherOperatingExpenses": 721850000, "totalOperatingExpenses": 2698840000, "operatingIncome": -364940000, "totalOtherIncomeExpenseNet": -11710000, "ebit": -364940000, "interestExpense": -48830000, "incomeBeforeTax": -376650000, "incomeTaxExpense": -127800000, "minorityInterest": 1200000, "netIncomeFromContinuingOps": -248850000, "discontinuedOperations": {}, "extraordinaryItems": {}, "effectOfAccountingCharges": {}, "otherItems": {}, "netIncome": -248810000, "netIncomeApplicableToCommonShares": -248810000}], "maxAge": 86400}, "cashflowStatementHistoryQuarterly": {"cashflowStatements": [{"maxAge": 1, "endDate": "2020-06-30", "netIncome": -41920000, "changeToLiabilities": 0}, {"maxAge": 1, "endDate": "2020-03-31", "netIncome": -568040000, "changeToLiabilities": 0}, {"maxAge": 1, "endDate": "2019-12-31", "netIncome": -74780000, "changeToLiabilities": 0}, {"maxAge": 1, "endDate": "2019-09-30", "netIncome": -248810000, "changeToLiabilities": 0}], "maxAge": 86400}, "insiderHolders": {"holders": [{"maxAge": 1, "name": "Khanna (Rajendra)", "relation": "Wholetime Director", "url": "", "transactionDescription": "Other", "latestTransDate": "2014-02-13", "positionDirect": 21616, "positionDirectDate": "2014-02-13"}, {"maxAge": 1, "name": "Shriram (Krishna)", "relation": "Promoter", "url": "", "transactionDescription": "Sale", "latestTransDate": "2013-05-24", "positionDirect": 0, "positionDirectDate": "2013-05-24"}, {"maxAge": 1, "name": "Shriram (Siddharth)", "relation": "Promoter", "url": "", "transactionDescription": "Sale", "latestTransDate": "2017-11-24", "positionDirect": 24617959, "positionDirectDate": "2017-11-24"}, {"maxAge": 1, "name": "Usha International Ltd", "relation": "Promoter", "url": "", "transactionDescription": "Sale", "latestTransDate": "2013-06-20", "positionDirect": 1000000, "positionDirectDate": "2013-06-20"}], "maxAge": 1}, "earnings": {"maxAge": 86400, "earningsChart": {"quarterly": [], "earningsDate": []}, "financialsChart": {"yearly": [{"date": 2017, "revenue": 11906520000, "earnings": 3590040000}, {"date": 2018, "revenue": 13442130000, "earnings": 97510000}, {"date": 2019, "revenue": 11648480000, "earnings": 403450000}, {"date": 2020, "revenue": 13959270000, "earnings": -829020000}], "quarterly": [{"date": "3Q2019", "revenue": 2333900000, "earnings": -248810000}, {"date": "4Q2019", "revenue": 4003680000, "earnings": -74780000}, {"date": "1Q2020", "revenue": 4486700000, "earnings": -568040000}, {"date": "2Q2020", "revenue": 4303690000, "earnings": -41920000}]}, "financialCurrency": "INR"}, "calendarEvents": {"maxAge": 1, "earnings": {"earningsDate": []}}, "price": {"maxAge": 1, "regularMarketChangePercent": 0.04916065, "regularMarketChange": 2.0499992, "regularMarketTime": "2021-04-30 15:19:56", "priceHint": 2, "regularMarketPrice": 43.75, "regularMarketDayHigh": 43.75, "regularMarketDayLow": 41.3, "regularMarketVolume": 12469, "averageDailyVolume10Day": 40735, "averageDailyVolume3Month": 25861, "regularMarketPreviousClose": 41.7, "regularMarketSource": "FREE_REALTIME", "regularMarketOpen": 41.4, "exchange": "BSE", "exchangeName": "BSE", "exchangeDataDelayedBy": 0, "marketState": "CLOSED", "quoteType": "EQUITY", "symbol": "MAWANASUG.BO", "underlyingSymbol": null, "shortName": "MAWANA SUGARS LTD.", "longName": "Mawana Sugars Limited", "currency": "INR", "quoteSourceName": "Delayed Quote", "currencySymbol": "\u20b9", "fromCurrency": null, "toCurrency": null, "lastMarket": null, "marketCap": 1711364352}, "balanceSheetHistory": {"balanceSheetStatements": [{"maxAge": 1, "endDate": "2020-03-31", "cash": 466910000, "shortTermInvestments": 4810000, "netReceivables": 1479180000, "inventory": 8535780000, "otherCurrentAssets": 176580000, "totalCurrentAssets": 10685200000, "longTermInvestments": 131570000, "propertyPlantEquipment": 2990220000, "intangibleAssets": 850000, "otherAssets": 928190000, "deferredLongTermAssetCharges": 710980000, "totalAssets": 14736030000, "accountsPayable": 5905070000, "shortLongTermDebt": 1253170000, "otherCurrentLiab": 377250000, "longTermDebt": 1943980000, "otherLiab": 216650000, "minorityInterest": 1150000, "totalCurrentLiabilities": 9603350000, "totalLiab": 11772100000, "commonStock": 391160000, "retainedEarnings": -47230000, "treasuryStock": 1123810000, "capitalSurplus": 1495040000, "otherStockholderEquity": 1123810000, "totalStockholderEquity": 2962780000, "netTangibleAssets": 2961930000}, {"maxAge": 1, "endDate": "2019-03-31", "cash": 322710000, "shortTermInvestments": 52810000, "netReceivables": 524200000, "inventory": 7921650000, "otherCurrentAssets": 184760000, "totalCurrentAssets": 8968650000, "longTermInvestments": 147240000, "propertyPlantEquipment": 3040420000, "intangibleAssets": 1980000, "otherAssets": 1920950000, "deferredLongTermAssetCharges": 1405590000, "totalAssets": 14079240000, "accountsPayable": 6703120000, "shortLongTermDebt": 619390000, "otherCurrentLiab": 411450000, "longTermDebt": 1758590000, "otherLiab": 297900000, "minorityInterest": 1250000, "totalCurrentLiabilities": 8211700000, "totalLiab": 10268190000, "commonStock": 391160000, "retainedEarnings": 801060000, "treasuryStock": 1122540000, "capitalSurplus": 1495040000, "otherStockholderEquity": 1122540000, "totalStockholderEquity": 3809800000, "netTangibleAssets": 3807820000}, {"maxAge": 1, "endDate": "2018-03-31", "cash": 552890000, "shortTermInvestments": 2000000, "netReceivables": 696580000, "inventory": 4694870000, "otherCurrentAssets": 182420000, "totalCurrentAssets": 6143600000, "propertyPlantEquipment": 3211600000, "intangibleAssets": 1980000, "otherAssets": 1693760000, "deferredLongTermAssetCharges": 1473210000, "totalAssets": 11050940000, "accountsPayable": 5441500000, "shortLongTermDebt": 437480000, "otherCurrentLiab": 244490000, "longTermDebt": 970440000, "otherLiab": 115510000, "minorityInterest": 1290000, "totalCurrentLiabilities": 6556040000, "totalLiab": 7641990000, "commonStock": 391160000, "retainedEarnings": 399510000, "treasuryStock": 1121950000, "capitalSurplus": 1495040000, "otherStockholderEquity": 1121950000, "totalStockholderEquity": 3407660000, "netTangibleAssets": 3405680000}, {"maxAge": 1, "endDate": "2017-03-31", "cash": 360520000, "shortTermInvestments": 2000000, "netReceivables": 1463480000, "inventory": 4720670000, "otherCurrentAssets": 287370000, "totalCurrentAssets": 6850360000, "propertyPlantEquipment": 3249920000, "otherAssets": 1526740000, "deferredLongTermAssetCharges": 1377370000, "totalAssets": 11627020000, "accountsPayable": 4300470000, "shortLongTermDebt": 1001500000, "otherCurrentLiab": 792140000, "longTermDebt": 1407920000, "otherLiab": 71470000, "minorityInterest": 1210000, "totalCurrentLiabilities": 6832280000, "totalLiab": 8316250000, "commonStock": 391160000, "retainedEarnings": 301830000, "treasuryStock": 1121530000, "capitalSurplus": 1495040000, "otherStockholderEquity": 1121530000, "totalStockholderEquity": 3309560000, "netTangibleAssets": 3309560000}], "maxAge": 86400}, "earningsTrend": {"trend": [{"maxAge": 1, "period": "0q", "endDate": null, "growth": {}, "earningsEstimate": {"avg": 0.0, "low": 0.0, "high": 0.0, "yearAgoEps": {}, "numberOfAnalysts": 0, "growth": {}}, "revenueEstimate": {"avg": 0, "low": 0, "high": 0, "numberOfAnalysts": 0, "yearAgoRevenue": {}, "growth": {}}, "epsTrend": {"current": 0.0, "7daysAgo": 0.0, "30daysAgo": 0.0, "60daysAgo": 0.0, "90daysAgo": 0.0}, "epsRevisions": {"upLast7days": 0, "upLast30days": 0, "downLast30days": 0, "downLast90days": {}}}, {"maxAge": 1, "period": "+1q", "endDate": null, "growth": {}, "earningsEstimate": {"avg": 0.0, "low": 0.0, "high": 0.0, "yearAgoEps": {}, "numberOfAnalysts": 0, "growth": {}}, "revenueEstimate": {"avg": 0, "low": 0, "high": 0, "numberOfAnalysts": 0, "yearAgoRevenue": {}, "growth": {}}, "epsTrend": {"current": 0.0, "7daysAgo": 0.0, "30daysAgo": 0.0, "60daysAgo": 0.0, "90daysAgo": 0.0}, "epsRevisions": {"upLast7days": 0, "upLast30days": 0, "downLast30days": 0, "downLast90days": {}}}, {"maxAge": 1, "period": "0y", "endDate": null, "growth": {}, "earningsEstimate": {"avg": 0.0, "low": 0.0, "high": 0.0, "yearAgoEps": {}, "numberOfAnalysts": 0, "growth": {}}, "revenueEstimate": {"avg": 0, "low": 0, "high": 0, "numberOfAnalysts": 0, "yearAgoRevenue": {}, "growth": {}}, "epsTrend": {"current": 0.0, "7daysAgo": 0.0, "30daysAgo": 0.0, "60daysAgo": 0.0, "90daysAgo": 0.0}, "epsRevisions": {"upLast7days": 0, "upLast30days": 0, "downLast30days": 0, "downLast90days": {}}}, {"maxAge": 1, "period": "+1y", "endDate": null, "growth": {}, "earningsEstimate": {"avg": 0.0, "low": 0.0, "high": 0.0, "yearAgoEps": {}, "numberOfAnalysts": 0, "growth": {}}, "revenueEstimate": {"avg": 0, "low": 0, "high": 0, "numberOfAnalysts": 0, "yearAgoRevenue": {}, "growth": {}}, "epsTrend": {"current": 0.0, "7daysAgo": 0.0, "30daysAgo": 0.0, "60daysAgo": 0.0, "90daysAgo": 0.0}, "epsRevisions": {"upLast7days": 0, "upLast30days": 0, "downLast30days": 0, "downLast90days": {}}}, {"maxAge": 1, "period": "+5y", "endDate": null, "growth": {}, "earningsEstimate": {"avg": {}, "low": {}, "high": {}, "yearAgoEps": {}, "numberOfAnalysts": {}, "growth": {}}, "revenueEstimate": {"avg": {}, "low": {}, "high": {}, "numberOfAnalysts": {}, "yearAgoRevenue": {}, "growth": {}}, "epsTrend": {"current": {}, "7daysAgo": {}, "30daysAgo": {}, "60daysAgo": {}, "90daysAgo": {}}, "epsRevisions": {"upLast7days": {}, "upLast30days": {}, "downLast30days": {}, "downLast90days": {}}}, {"maxAge": 1, "period": "-5y", "endDate": null, "growth": {}, "earningsEstimate": {"avg": {}, "low": {}, "high": {}, "yearAgoEps": {}, "numberOfAnalysts": {}, "growth": {}}, "revenueEstimate": {"avg": {}, "low": {}, "high": {}, "numberOfAnalysts": {}, "yearAgoRevenue": {}, "growth": {}}, "epsTrend": {"current": {}, "7daysAgo": {}, "30daysAgo": {}, "60daysAgo": {}, "90daysAgo": {}}, "epsRevisions": {"upLast7days": {}, "upLast30days": {}, "downLast30days": {}, "downLast90days": {}}}], "maxAge": 1}, "financialData": {"maxAge": 86400, "currentPrice": 43.75, "targetHighPrice": 42.0, "targetLowPrice": 42.0, "targetMeanPrice": 42.0, "targetMedianPrice": 42.0, "recommendationKey": "none", "numberOfAnalystOpinions": 1, "grossProfits": 4018000000, "financialCurrency": "INR"}}}