{"MAXHEALTH.NS": {"assetProfile": {"address1": "Tower-A, DLF Centre Court", "address2": "5th, 6th &7th Floor DLF City Phase-V Sector-42, Golf Course Road", "city": "Gurugram", "zip": "122002", "country": "India", "phone": "91 12 4620 7777", "website": "http://www.maxhealthcare.in", "industry": "Medical Care Facilities", "sector": "Healthcare", "longBusinessSummary": "Max Healthcare Institute Limited provides healthcare services in India. It offers services in various specialties, including cancer care/oncology, liver transplant and biliary sciences, cardiac sciences, neuro sciences, orthopaedics, bariatric/weight loss surgery, minimal access/laparoscopic surgery, bone marrow transplant, kidney transplant, nephrology, and aesthetic and reconstructive surgery. As of August 31, 2020, the company operated a network of 17 healthcare facilities, including 11 state-of-the-art tertiary and quaternary care hospitals, one secondary care hospital, and five OPD and day care centers. The company is based in Gurugram, India.", "fullTimeEmployees": 15000, "companyOfficers": [{"maxAge": 1, "name": "Mr. Yogesh Kumar Sareen", "age": 55, "title": "Sr. Director & CFO", "yearBorn": 1965, "fiscalYear": 2020, "totalPay": 33607095, "exercisedValue": 0, "unexercisedValue": 0}, {"maxAge": 1, "name": "Dr. Mradul  Kaushik", "age": 48, "title": "Sr. Director of Operations & Planning", "yearBorn": 1972, "fiscalYear": 2020, "totalPay": 16456977, "exercisedValue": 0, "unexercisedValue": 0}, {"maxAge": 1, "name": "Ms. Ruchi  Mahajan", "title": "VP of Company Sec. & Compliance Officer", "fiscalYear": 2020, "totalPay": 7359073, "exercisedValue": 0, "unexercisedValue": 0}, {"maxAge": 1, "name": "Dr. Pradeep Kumar Chowbey", "title": "Chairman of MAMBS", "fiscalYear": 2020, "totalPay": 4420989, "exercisedValue": 0, "unexercisedValue": 0}, {"maxAge": 1, "name": "Mr. Gautam  Wadhwa", "title": "Exec. VP of Bus. Intelligence & Bus. Devel.", "exercisedValue": 0, "unexercisedValue": 0}, {"maxAge": 1, "name": "Yogesh Kumar Gupta", "age": 46, "title": "Sr. VP", "yearBorn": 1974, "exercisedValue": 0, "unexercisedValue": 0}, {"maxAge": 1, "name": "D.N. Suresh Kumar", "age": 56, "title": "Sr. VP", "yearBorn": 1964, "exercisedValue": 0, "unexercisedValue": 0}, {"maxAge": 1, "name": "Dr. Amardeep Singh Kohli", "age": 52, "title": "Sr. VP", "yearBorn": 1968, "exercisedValue": 0, "unexercisedValue": 0}, {"maxAge": 1, "name": "Mr. Abhay  Soi", "age": 47, "title": "Chairman & MD", "yearBorn": 1973, "exercisedValue": 0, "unexercisedValue": 0}, {"maxAge": 1, "name": "Mr. Prashant  Singh", "title": "Director of Information Technology & Chief Information Officer", "exercisedValue": 0, "unexercisedValue": 0}], "compensationAsOfEpochDate": "2020-12-31 05:30:00", "maxAge": 86400}, "cashflowStatementHistory": {"cashflowStatements": [{"maxAge": 1, "endDate": "2020-03-31", "netIncome": 953400000, "depreciation": 1124200000, "changeToNetincome": 816800000, "changeToAccountReceivables": 140300000, "changeToLiabilities": -493900000, "changeToInventory": -173100000, "changeToOperatingActivities": 57300000, "totalCashFromOperatingActivities": 2498200000, "capitalExpenditures": -887400000, "investments": -21500000, "otherCashflowsFromInvestingActivities": 501400000, "totalCashflowsFromInvestingActivities": -1266800000, "netBorrowings": 2911700000, "otherCashflowsFromFinancingActivities": -1471200000, "totalCashFromFinancingActivities": 1440500000, "changeInCash": 2671900000}, {"maxAge": 1, "endDate": "2019-03-31", "netIncome": -30100000, "depreciation": 953700000, "changeToNetincome": 374500000, "changeToAccountReceivables": -778000000, "changeToLiabilities": 281200000, "changeToInventory": 22600000, "changeToOperatingActivities": -7100000, "totalCashFromOperatingActivities": 889500000, "capitalExpenditures": -1157300000, "investments": 757600000, "otherCashflowsFromInvestingActivities": 453500000, "totalCashflowsFromInvestingActivities": -165300000, "netBorrowings": 222300000, "otherCashflowsFromFinancingActivities": -961800000, "totalCashFromFinancingActivities": -739500000, "changeInCash": -15300000}, {"maxAge": 1, "endDate": "2018-03-31", "netIncome": -207800000, "depreciation": 944200000, "changeToNetincome": 340800000, "changeToAccountReceivables": -883900000, "changeToLiabilities": 603700000, "changeToInventory": -51500000, "changeToOperatingActivities": 76800000, "totalCashFromOperatingActivities": 822300000, "capitalExpenditures": -655400000, "investments": -733200000, "otherCashflowsFromInvestingActivities": 454900000, "totalCashflowsFromInvestingActivities": -1003600000, "netBorrowings": 1064300000, "otherCashflowsFromFinancingActivities": -944200000, "totalCashFromFinancingActivities": 120100000, "changeInCash": -61200000}, {"maxAge": 1, "endDate": "2017-03-31", "netIncome": 157900000, "depreciation": 955100000, "changeToNetincome": 358900000, "changeToAccountReceivables": -580100000, "changeToLiabilities": 644300000, "changeToInventory": 1000000, "changeToOperatingActivities": 23500000, "totalCashFromOperatingActivities": 1560600000, "capitalExpenditures": -1150200000, "investments": -55400000, "otherCashflowsFromInvestingActivities": 356500000, "totalCashflowsFromInvestingActivities": -1037900000, "netBorrowings": 714200000, "otherCashflowsFromFinancingActivities": -1196100000, "totalCashFromFinancingActivities": -481900000, "changeInCash": 40800000}], "maxAge": 86400}, "institutionOwnership": {"ownershipList": [], "maxAge": 1}, "majorHoldersBreakdown": {"maxAge": 1, "insidersPercentHeld": 0.24684, "institutionsPercentHeld": 0.64655995, "institutionsFloatPercentHeld": 0.85846, "institutionsCount": 22}, "balanceSheetHistoryQuarterly": {"balanceSheetStatements": [{"maxAge": 1, "endDate": "2020-12-31", "totalStockholderEquity": 42764800000, "netTangibleAssets": -5131700000}, {"maxAge": 1, "endDate": "2020-09-30", "cash": 4017200000, "netReceivables": 4126700000, "inventory": 596000000, "otherCurrentAssets": 725900000, "totalCurrentAssets": 9465800000, "longTermInvestments": 5100000, "propertyPlantEquipment": 17727700000, "goodWill": 24369100000, "intangibleAssets": 23527400000, "otherAssets": 8497600000, "deferredLongTermAssetCharges": 194700000, "totalAssets": 83592700000, "accountsPayable": 4842900000, "otherCurrentLiab": 6969400000, "longTermDebt": 8821800000, "otherLiab": 10862700000, "totalCurrentLiabilities": 19389000000, "totalLiab": 40827900000, "commonStock": 9045300000, "treasuryStock": 33719500000, "otherStockholderEquity": 33719500000, "totalStockholderEquity": 42764800000, "netTangibleAssets": -5131700000}, {"maxAge": 1, "endDate": "2020-06-30"}, {"maxAge": 1, "endDate": "2019-12-31"}], "maxAge": 86400}, "indexTrend": {"maxAge": 1, "symbol": "SP5", "peRatio": 19.7411, "pegRatio": 1.34172, "estimates": [{"period": "0q", "growth": 0.549}, {"period": "+1q", "growth": 0.431}, {"period": "0y", "growth": 0.305}, {"period": "+1y", "growth": 0.109}, {"period": "+5y", "growth": 0.120865}, {"period": "-5y"}]}, "defaultKeyStatistics": {"maxAge": 1, "priceHint": 2, "enterpriseValue": 218857521152, "profitMargins": -0.04239, "floatShares": 241035300, "sharesOutstanding": 965945024, "heldPercentInsiders": 0.24684, "heldPercentInstitutions": 0.64655995, "category": null, "bookValue": 52.192, "priceToBook": 4.348367, "fundFamily": null, "legalType": null, "lastFiscalYearEnd": "2020-03-31 05:30:00", "nextFiscalYearEnd": "2022-03-31 05:30:00", "mostRecentQuarter": "2020-12-31 05:30:00", "netIncomeToCommon": -1177400064, "trailingEps": -1.637, "lastSplitFactor": null, "enterpriseToRevenue": 7.881, "enterpriseToEbitda": 65.317}, "summaryProfile": {"address1": "Tower-A, DLF Centre Court", "address2": "5th, 6th &7th Floor DLF City Phase-V Sector-42, Golf Course Road", "city": "Gurugram", "zip": "122002", "country": "India", "phone": "91 12 4620 7777", "website": "http://www.maxhealthcare.in", "industry": "Medical Care Facilities", "sector": "Healthcare", "longBusinessSummary": "Max Healthcare Institute Limited provides healthcare services in India. It offers services in various specialties, including cancer care/oncology, liver transplant and biliary sciences, cardiac sciences, neuro sciences, orthopaedics, bariatric/weight loss surgery, minimal access/laparoscopic surgery, bone marrow transplant, kidney transplant, nephrology, and aesthetic and reconstructive surgery. As of August 31, 2020, the company operated a network of 17 healthcare facilities, including 11 state-of-the-art tertiary and quaternary care hospitals, one secondary care hospital, and five OPD and day care centers. The company is based in Gurugram, India.", "fullTimeEmployees": 15000, "companyOfficers": [], "maxAge": 86400}, "netSharePurchaseActivity": {"maxAge": 1, "period": "6m", "buyInfoCount": 0, "buyInfoShares": 0, "sellInfoCount": 0, "netInfoCount": 0, "netInfoShares": 0, "netPercentInsiderShares": 0.0, "totalInsiderShares": 223044624}, "insiderTransactions": {"transactions": [{"maxAge": 1, "shares": 99000, "filerUrl": "", "transactionText": "Gift at price 0.00 per share.", "filerName": "Singh (Analjit)", "filerRelation": "UNREPORTED", "moneyText": "", "startDate": "2021-03-02", "ownership": "D"}, {"maxAge": 1, "shares": 99000, "filerUrl": "", "transactionText": "Gift at price 0.00 per share.", "filerName": "Singh (Veera)", "filerRelation": "UNREPORTED", "moneyText": "", "startDate": "2021-03-02", "ownership": "D"}, {"maxAge": 1, "shares": 14100, "value": 27389, "filerUrl": "", "transactionText": "Acquisition at price 1.94 per share.", "filerName": "Sohal (Manpreet Singh)", "filerRelation": "UNREPORTED", "moneyText": "", "startDate": "2020-12-31", "ownership": "D"}, {"maxAge": 1, "shares": 9215, "value": 16407, "filerUrl": "", "transactionText": "Acquisition at price 1.78 per share.", "filerName": "Jha (Sujeet)", "filerRelation": "UNREPORTED", "moneyText": "", "startDate": "2020-12-24", "ownership": "D"}, {"maxAge": 1, "shares": 16900, "value": 26122, "filerUrl": "", "transactionText": "Acquisition at price 1.55 per share.", "filerName": "Tanwar (Sandeep Singh)", "filerRelation": "UNREPORTED", "moneyText": "", "startDate": "2020-09-29", "ownership": "D"}, {"maxAge": 1, "shares": 16712104, "value": 24667065, "filerUrl": "", "transactionText": "Sale at price 1.48 per share.", "filerName": "Max Ventures Investment Holdings Pvt. Ltd.", "filerRelation": "Promoter", "moneyText": "", "startDate": "2020-09-28", "ownership": "D"}, {"maxAge": 1, "shares": 40750158, "value": 61113011, "filerUrl": "", "transactionText": "Sale at price 1.50 per share.", "filerName": "Max Ventures Investment Holdings Pvt. Ltd.", "filerRelation": "Promoter", "moneyText": "", "startDate": "2020-09-11", "ownership": "D"}, {"maxAge": 1, "shares": 5818021, "value": 8725286, "filerUrl": "", "transactionText": "Sale at price 1.50 per share.", "filerName": "Singh (Analjit)", "filerRelation": "Promoter", "moneyText": "", "startDate": "2020-09-11", "ownership": "D"}, {"maxAge": 1, "shares": 2500025, "value": 2739527, "filerUrl": "", "transactionText": "Sale at price 1.10 per share.", "filerName": "Max Ventures Investment Holdings Pvt. Ltd.", "filerRelation": "Promoter", "moneyText": "", "startDate": "2020-09-01", "ownership": "D"}, {"maxAge": 1, "shares": 0, "filerUrl": "", "transactionText": "", "filerName": "Kayak Investment Partners LLC", "filerRelation": "Promoter", "moneyText": "", "startDate": "2020-09-01", "ownership": "I"}, {"maxAge": 1, "shares": 41421144, "value": 45231889, "filerUrl": "", "transactionText": "Sale at price 1.09 per share.", "filerName": "Max Ventures Investment Holdings Pvt. Ltd.", "filerRelation": "Promoter", "moneyText": "", "startDate": "2020-08-31", "ownership": "D"}, {"maxAge": 1, "shares": 45169025, "filerUrl": "", "transactionText": "", "filerName": "Kayak Investment Partners LLC", "filerRelation": "Promoter", "moneyText": "", "startDate": "2020-08-31", "ownership": "D"}, {"maxAge": 1, "shares": 424676811, "filerUrl": "", "transactionText": "", "filerName": "Kayak Investment Partners LLC", "filerRelation": "Promoter", "moneyText": "", "startDate": "2020-08-21", "ownership": "D"}, {"maxAge": 1, "shares": 99000, "filerUrl": "", "transactionText": "", "filerName": "Singh (Veera)", "filerRelation": "Promoter", "moneyText": "", "startDate": "2020-06-19", "ownership": "D"}, {"maxAge": 1, "shares": 99000, "filerUrl": "", "transactionText": "", "filerName": "Vachani (Tara Singh)", "filerRelation": "Promoter", "moneyText": "", "startDate": "2020-06-19", "ownership": "D"}, {"maxAge": 1, "shares": 102631287, "filerUrl": "", "transactionText": "", "filerName": "Max Ventures Investment Holdings Pvt. Ltd.", "filerRelation": "Promoter", "moneyText": "", "startDate": "2020-06-19", "ownership": "D"}, {"maxAge": 1, "shares": 109229, "filerUrl": "", "transactionText": "", "filerName": "Singh (Piya)", "filerRelation": "Promoter", "moneyText": "", "startDate": "2020-06-19", "ownership": "D"}, {"maxAge": 1, "shares": 5818021, "filerUrl": "", "transactionText": "", "filerName": "Singh (Analjit)", "filerRelation": "Promoter", "moneyText": "", "startDate": "2020-06-19", "ownership": "D"}], "maxAge": 1}, "quoteType": {"exchange": "NSI", "quoteType": "EQUITY", "symbol": "MAXHEALTH.NS", "underlyingSymbol": "MAXHEALTH.NS", "shortName": "Max Healthcare Ins Ltd", "longName": "Max Healthcare Institute Limited", "firstTradeDateEpochUtc": "2020-08-21 09:15:00", "timeZoneFullName": "Asia/Kolkata", "timeZoneShortName": "IST", "uuid": "86be1f77-621b-3cff-bd61-526a09546331", "gmtOffSetMilliseconds": 19800000, "maxAge": 1}, "incomeStatementHistory": {"incomeStatementHistory": [{"maxAge": 1, "endDate": "2020-03-31", "totalRevenue": 18855500000, "costOfRevenue": 8832900000, "grossProfit": 10022600000, "researchDevelopment": {}, "sellingGeneralAdministrative": 336700000, "nonRecurring": {}, "otherOperatingExpenses": 6725700000, "totalOperatingExpenses": 17145800000, "operatingIncome": 1709700000, "totalOtherIncomeExpenseNet": -818900000, "ebit": 1709700000, "interestExpense": -1471200000, "incomeBeforeTax": 890800000, "incomeTaxExpense": -62600000, "minorityInterest": {}, "netIncomeFromContinuingOps": 953400000, "discontinuedOperations": {}, "extraordinaryItems": {}, "effectOfAccountingCharges": {}, "otherItems": {}, "netIncome": 953400000, "netIncomeApplicableToCommonShares": 953400000}, {"maxAge": 1, "endDate": "2019-03-31", "totalRevenue": 16938700000, "costOfRevenue": 8428900000, "grossProfit": 8509800000, "researchDevelopment": {}, "sellingGeneralAdministrative": 623300000, "nonRecurring": {}, "otherOperatingExpenses": 6155100000, "totalOperatingExpenses": 16369600000, "operatingIncome": 569100000, "totalOtherIncomeExpenseNet": -485900000, "ebit": 569100000, "interestExpense": -961800000, "incomeBeforeTax": 83200000, "incomeTaxExpense": 85100000, "minorityInterest": {}, "netIncomeFromContinuingOps": -1900000, "discontinuedOperations": {}, "extraordinaryItems": {}, "effectOfAccountingCharges": {}, "otherItems": {}, "netIncome": -30100000, "netIncomeApplicableToCommonShares": -30100000}, {"maxAge": 1, "endDate": "2018-03-31", "totalRevenue": 17302800000, "costOfRevenue": 9086300000, "grossProfit": 8216500000, "researchDevelopment": {}, "sellingGeneralAdministrative": 765300000, "nonRecurring": {}, "otherOperatingExpenses": 6219200000, "totalOperatingExpenses": 17087400000, "operatingIncome": 215400000, "totalOtherIncomeExpenseNet": -480300000, "ebit": 215400000, "interestExpense": -913600000, "incomeBeforeTax": -264900000, "incomeTaxExpense": 22400000, "minorityInterest": {}, "netIncomeFromContinuingOps": -287300000, "discontinuedOperations": 93800000, "extraordinaryItems": {}, "effectOfAccountingCharges": {}, "otherItems": {}, "netIncome": -207800000, "netIncomeApplicableToCommonShares": -207800000}, {"maxAge": 1, "endDate": "2017-03-31", "totalRevenue": 16084500000, "costOfRevenue": 8115800000, "grossProfit": 7968700000, "researchDevelopment": {}, "sellingGeneralAdministrative": 650000000, "nonRecurring": {}, "otherOperatingExpenses": 5836200000, "totalOperatingExpenses": 15628500000, "operatingIncome": 456000000, "totalOtherIncomeExpenseNet": -580900000, "ebit": 456000000, "interestExpense": -953800000, "incomeBeforeTax": -124900000, "incomeTaxExpense": -110900000, "minorityInterest": {}, "netIncomeFromContinuingOps": -14000000, "discontinuedOperations": 171900000, "extraordinaryItems": {}, "effectOfAccountingCharges": {}, "otherItems": {}, "netIncome": 157900000, "netIncomeApplicableToCommonShares": 157900000}], "maxAge": 86400}, "fundOwnership": {"ownershipList": [], "maxAge": 1}, "summaryDetail": {"maxAge": 1, "priceHint": 2, "previousClose": 224.5, "open": 222.5, "dayLow": 222.2, "dayHigh": 235.0, "regularMarketPreviousClose": 224.5, "regularMarketOpen": 222.5, "regularMarketDayLow": 222.2, "regularMarketDayHigh": 235.0, "payoutRatio": 0.0, "volume": 713869, "regularMarketVolume": 713869, "averageVolume": 951964, "averageVolume10days": 647312, "averageDailyVolume10Day": 647312, "bid": 0.0, "ask": 0.0, "marketCap": 219221213184, "fiftyTwoWeekLow": 97.15, "fiftyTwoWeekHigh": 235.0, "priceToSalesTrailing12Months": 7.893634, "fiftyDayAverage": 197.89853, "twoHundredDayAverage": 149.58511, "currency": "INR", "fromCurrency": null, "lastMarket": null, "algorithm": null, "tradeable": false}, "incomeStatementHistoryQuarterly": {"incomeStatementHistory": [{"maxAge": 1, "endDate": "2020-12-31", "totalRevenue": 7956000000, "costOfRevenue": 3648100000, "grossProfit": 4307900000, "researchDevelopment": {}, "sellingGeneralAdministrative": 1679500000, "nonRecurring": {}, "otherOperatingExpenses": 1027100000, "totalOperatingExpenses": 6838900000, "operatingIncome": 1117100000, "totalOtherIncomeExpenseNet": -68200000, "ebit": 1117100000, "interestExpense": -463400000, "incomeBeforeTax": 1048900000, "incomeTaxExpense": 145300000, "minorityInterest": {}, "netIncomeFromContinuingOps": 903600000, "discontinuedOperations": {}, "extraordinaryItems": {}, "effectOfAccountingCharges": {}, "otherItems": {}, "netIncome": 903600000, "netIncomeApplicableToCommonShares": 903600000}, {"maxAge": 1, "endDate": "2020-09-30", "totalRevenue": 6509400000, "costOfRevenue": 3077900000, "grossProfit": 3431500000, "researchDevelopment": {}, "sellingGeneralAdministrative": 1392600000, "nonRecurring": {}, "otherOperatingExpenses": 1168700000, "totalOperatingExpenses": 6205900000, "operatingIncome": 303500000, "totalOtherIncomeExpenseNet": -129200000, "ebit": 303500000, "interestExpense": -532400000, "incomeBeforeTax": 174300000, "incomeTaxExpense": 43200000, "minorityInterest": {}, "netIncomeFromContinuingOps": 131100000, "discontinuedOperations": {}, "extraordinaryItems": {}, "effectOfAccountingCharges": {}, "otherItems": {}, "netIncome": 131100000, "netIncomeApplicableToCommonShares": 131100000}, {"maxAge": 1, "endDate": "2020-06-30", "totalRevenue": 5726000000, "costOfRevenue": 2619000000, "grossProfit": 3107000000, "researchDevelopment": {}, "sellingGeneralAdministrative": 3329000000, "nonRecurring": {}, "otherOperatingExpenses": 1168700000, "totalOperatingExpenses": 6482000000, "operatingIncome": -756000000, "totalOtherIncomeExpenseNet": -2809000000, "ebit": -756000000, "interestExpense": -542000000, "incomeBeforeTax": -3565000000, "incomeTaxExpense": -18000000, "minorityInterest": {}, "netIncomeFromContinuingOps": -3547000000, "discontinuedOperations": {}, "extraordinaryItems": {}, "effectOfAccountingCharges": {}, "otherItems": {}, "netIncome": -3547000000, "netIncomeApplicableToCommonShares": -3547000000}, {"maxAge": 1, "endDate": "2019-12-31", "totalRevenue": 2671000000, "costOfRevenue": 1152000000, "grossProfit": 1519000000, "researchDevelopment": {}, "sellingGeneralAdministrative": 601200000, "nonRecurring": {}, "otherOperatingExpenses": 700300000, "totalOperatingExpenses": 2561500000, "operatingIncome": 109500000, "totalOtherIncomeExpenseNet": -127700000, "ebit": 109500000, "interestExpense": -271700000, "incomeBeforeTax": -18200000, "incomeTaxExpense": -200000, "minorityInterest": {}, "netIncomeFromContinuingOps": -18000000, "discontinuedOperations": {}, "extraordinaryItems": {}, "effectOfAccountingCharges": {}, "otherItems": {}, "netIncome": -18000000, "netIncomeApplicableToCommonShares": -18000000}], "maxAge": 86400}, "cashflowStatementHistoryQuarterly": {"cashflowStatements": [{"maxAge": 1, "endDate": "2020-12-31", "netIncome": 903600000, "changeToLiabilities": 0}, {"maxAge": 1, "endDate": "2020-09-30", "netIncome": 131100000, "changeToLiabilities": 0}, {"maxAge": 1, "endDate": "2020-06-30", "netIncome": -3547000000, "changeToLiabilities": 0}, {"maxAge": 1, "endDate": "2019-12-31", "netIncome": -18000000, "changeToLiabilities": 0}], "maxAge": 86400}, "insiderHolders": {"holders": [{"maxAge": 1, "name": "Jha (Sujeet)", "relation": "UNREPORTED", "url": "", "transactionDescription": "Acquisition", "latestTransDate": "2020-12-24", "positionDirect": 9215, "positionDirectDate": "2020-12-24"}, {"maxAge": 1, "name": "Kayak Investment Partners LLC", "relation": "Promoter", "url": "", "transactionDescription": "Other", "latestTransDate": "2020-09-01", "positionIndirect": 469845836, "positionIndirectDate": 1598918400}, {"maxAge": 1, "name": "Max Ventures Investment Holdings Pvt. Ltd.", "relation": "Promoter", "url": "", "transactionDescription": "Sale", "latestTransDate": "2020-09-28", "positionDirect": 0, "positionDirectDate": "2020-09-28"}, {"maxAge": 1, "name": "Singh (Analjit)", "relation": "UNREPORTED", "url": "", "transactionDescription": "Gift", "latestTransDate": "2021-03-02", "positionDirect": 99000, "positionDirectDate": "2021-03-02"}, {"maxAge": 1, "name": "Singh (Piya)", "relation": "Promoter", "url": "", "transactionDescription": "Acquisition", "latestTransDate": "2020-06-19", "positionDirect": 109229, "positionDirectDate": "2020-06-19"}, {"maxAge": 1, "name": "Singh (Veera)", "relation": "UNREPORTED", "url": "", "transactionDescription": "Gift", "latestTransDate": "2021-03-02", "positionDirect": 0, "positionDirectDate": "2021-03-02"}, {"maxAge": 1, "name": "Sohal (Manpreet Singh)", "relation": "UNREPORTED", "url": "", "transactionDescription": "Acquisition", "latestTransDate": "2020-12-31", "positionDirect": 14100, "positionDirectDate": "2020-12-31"}, {"maxAge": 1, "name": "Tanwar (Sandeep Singh)", "relation": "UNREPORTED", "url": "", "transactionDescription": "Acquisition", "latestTransDate": "2020-09-29", "positionDirect": 16900, "positionDirectDate": "2020-09-29"}, {"maxAge": 1, "name": "Vachani (Tara Singh)", "relation": "Promoter", "url": "", "transactionDescription": "Acquisition", "latestTransDate": "2020-06-19", "positionDirect": 99000, "positionDirectDate": "2020-06-19"}], "maxAge": 1}, "calendarEvents": {"maxAge": 1, "earnings": {"earningsDate": []}}, "upgradeDowngradeHistory": {"history": [], "maxAge": 86400}, "price": {"maxAge": 1, "regularMarketChangePercent": 0.010913128, "regularMarketChange": 2.449997, "regularMarketTime": "2021-04-30 15:29:59", "priceHint": 2, "regularMarketPrice": 226.95, "regularMarketDayHigh": 235.0, "regularMarketDayLow": 222.2, "regularMarketVolume": 713869, "averageDailyVolume10Day": 647312, "averageDailyVolume3Month": 951964, "regularMarketPreviousClose": 224.5, "regularMarketSource": "FREE_REALTIME", "regularMarketOpen": 222.5, "exchange": "NSI", "exchangeName": "NSE", "exchangeDataDelayedBy": 15, "marketState": "CLOSED", "quoteType": "EQUITY", "symbol": "MAXHEALTH.NS", "underlyingSymbol": null, "shortName": "Max Healthcare Ins Ltd", "longName": "Max Healthcare Institute Limited", "currency": "INR", "quoteSourceName": "Delayed Quote", "currencySymbol": "\u20b9", "fromCurrency": null, "lastMarket": null, "marketCap": 219221213184}, "balanceSheetHistory": {"balanceSheetStatements": [{"maxAge": 1, "endDate": "2020-03-31", "cash": 2747900000, "netReceivables": 4206600000, "inventory": 433700000, "otherCurrentAssets": 208900000, "totalCurrentAssets": 7683200000, "longTermInvestments": 5100000, "propertyPlantEquipment": 11482900000, "goodWill": 2853900000, "intangibleAssets": 9517000000, "otherAssets": 6701700000, "deferredLongTermAssetCharges": 204700000, "totalAssets": 38243800000, "accountsPayable": 2935200000, "shortLongTermDebt": 68400000, "otherCurrentLiab": 6137300000, "longTermDebt": 7898800000, "otherLiab": 3694400000, "totalCurrentLiabilities": 14744200000, "totalLiab": 28369700000, "commonStock": 5372400000, "retainedEarnings": -4240100000, "treasuryStock": -2026000000, "capitalSurplus": 10767800000, "otherStockholderEquity": -2026000000, "totalStockholderEquity": 9874100000, "netTangibleAssets": -2496800000}, {"maxAge": 1, "endDate": "2019-03-31", "cash": 76000000, "netReceivables": 3895000000, "inventory": 260100000, "otherCurrentAssets": 133800000, "totalCurrentAssets": 4473000000, "longTermInvestments": 5100000, "propertyPlantEquipment": 10241600000, "goodWill": 2853900000, "intangibleAssets": 9698400000, "otherAssets": 6384200000, "deferredLongTermAssetCharges": 110800000, "totalAssets": 33656200000, "accountsPayable": 2915900000, "shortLongTermDebt": 379100000, "otherCurrentLiab": 6963500000, "longTermDebt": 8886300000, "otherLiab": 3723400000, "totalCurrentLiabilities": 11400300000, "totalLiab": 24024300000, "commonStock": 5372400000, "retainedEarnings": -4440800000, "treasuryStock": -2067500000, "capitalSurplus": 10767800000, "otherStockholderEquity": -2067500000, "totalStockholderEquity": 9631900000, "netTangibleAssets": -2920400000}, {"maxAge": 1, "endDate": "2018-03-31", "cash": 91300000, "netReceivables": 2853200000, "inventory": 282700000, "otherCurrentAssets": 958800000, "totalCurrentAssets": 4321900000, "propertyPlantEquipment": 9959100000, "goodWill": 2853900000, "intangibleAssets": 9841800000, "otherAssets": 6237600000, "deferredLongTermAssetCharges": 172100000, "totalAssets": 33214300000, "accountsPayable": 2665100000, "shortLongTermDebt": 265800000, "otherCurrentLiab": 404200000, "longTermDebt": 8460600000, "otherLiab": 9607700000, "totalCurrentLiabilities": 4780900000, "totalLiab": 22874300000, "commonStock": 5372400000, "retainedEarnings": -4406900000, "treasuryStock": -1393300000, "capitalSurplus": 10767800000, "otherStockholderEquity": -1393300000, "totalStockholderEquity": 10340000000, "netTangibleAssets": -2355700000}, {"maxAge": 1, "endDate": "2017-03-31", "cash": 152500000, "netReceivables": 2616500000, "inventory": 231200000, "otherCurrentAssets": 320600000, "totalCurrentAssets": 3494200000, "propertyPlantEquipment": 10066500000, "goodWill": 2853900000, "intangibleAssets": 9859400000, "otherAssets": 5326800000, "deferredLongTermAssetCharges": 139800000, "totalAssets": 31600800000, "accountsPayable": 2137200000, "shortLongTermDebt": 142500000, "otherCurrentLiab": 327700000, "longTermDebt": 7683600000, "otherLiab": 8880700000, "deferredLongTermLiab": 124000000, "totalCurrentLiabilities": 3811000000, "totalLiab": 20410400000, "commonStock": 5372400000, "retainedEarnings": -4150500000, "treasuryStock": -799300000, "capitalSurplus": 10767800000, "otherStockholderEquity": -799300000, "totalStockholderEquity": 11190400000, "netTangibleAssets": -1522900000}], "maxAge": 86400}, "financialData": {"maxAge": 86400, "currentPrice": 226.95, "recommendationKey": "none", "totalCash": 4017200128, "totalCashPerShare": 4.446, "ebitda": 3350674944, "totalDebt": 17802700800, "totalRevenue": 27771899904, "debtToEquity": 41.629, "revenuePerShare": 38.484, "grossProfits": 10022600000, "revenueGrowth": 1.979, "grossMargins": 0.50999, "ebitdaMargins": 0.12064999, "operatingMargins": 0.086330004, "profitMargins": -0.04239, "financialCurrency": "INR"}}}