{"MAXIMUS.BO": {"cashflowStatementHistory": {"cashflowStatements": [{"maxAge": 1, "endDate": "2020-03-31", "netIncome": 24984000, "depreciation": 4793000, "changeToNetincome": 2959000, "changeToAccountReceivables": -75049000, "changeToLiabilities": 33769000, "changeToInventory": -58684000, "changeToOperatingActivities": -14358000, "totalCashFromOperatingActivities": -81586000, "capitalExpenditures": -73377000, "investments": 5800000, "otherCashflowsFromInvestingActivities": 5786000, "totalCashflowsFromInvestingActivities": -26963000, "netBorrowings": 38113000, "otherCashflowsFromFinancingActivities": 69587000, "totalCashFromFinancingActivities": 107700000, "changeInCash": -850000}, {"maxAge": 1, "endDate": "2019-03-31", "netIncome": 18667000, "depreciation": 1570000, "changeToNetincome": 13913000, "changeToAccountReceivables": -26249000, "changeToLiabilities": 13044000, "changeToInventory": -2000, "changeToOperatingActivities": -5591000, "totalCashFromOperatingActivities": 15352000, "capitalExpenditures": -27000, "investments": -7737000, "otherCashflowsFromInvestingActivities": 5025000, "totalCashflowsFromInvestingActivities": -8688000, "netBorrowings": -836000, "otherCashflowsFromFinancingActivities": -4828000, "totalCashFromFinancingActivities": -5664000, "changeInCash": 1001000}, {"maxAge": 1, "endDate": "2018-03-31", "netIncome": 14719044, "depreciation": 1030268, "changeToNetincome": 1568284, "changeToAccountReceivables": -2621252, "changeToLiabilities": 11375117, "changeToInventory": 4007000, "changeToOperatingActivities": 4567670, "totalCashFromOperatingActivities": 34646131, "capitalExpenditures": -11682871, "investments": -24596818, "otherCashflowsFromInvestingActivities": -72769579, "totalCashflowsFromInvestingActivities": -109049268, "netBorrowings": 15638796, "otherCashflowsFromFinancingActivities": -547926, "totalCashFromFinancingActivities": 44790870, "changeInCash": -29612265, "issuanceOfStock": 29700000}, {"maxAge": 1, "endDate": "2017-03-31", "netIncome": 4012871, "depreciation": 284185, "changeToNetincome": 2522509, "changeToAccountReceivables": -18913313, "changeToLiabilities": 8457826, "changeToInventory": -4007000, "changeToOperatingActivities": -18194627, "totalCashFromOperatingActivities": -25837549, "capitalExpenditures": -17817218, "investments": -24596818, "otherCashflowsFromInvestingActivities": -62477, "totalCashflowsFromInvestingActivities": -17879695, "netBorrowings": 947895, "otherCashflowsFromFinancingActivities": -5909048, "totalCashFromFinancingActivities": 82688847, "changeInCash": 38971604, "issuanceOfStock": 87650000}], "maxAge": 86400}, "institutionOwnership": {"ownershipList": [], "maxAge": 1}, "balanceSheetHistoryQuarterly": {"balanceSheetStatements": [{"maxAge": 1, "endDate": "2020-06-30", "totalStockholderEquity": 192952000, "netTangibleAssets": 165537000}, {"maxAge": 1, "endDate": "2020-03-31", "cash": 9943000, "netReceivables": 165908000, "inventory": 58686000, "otherCurrentAssets": 26403000, "totalCurrentAssets": 260940000, "longTermInvestments": 21139000, "propertyPlantEquipment": 79207000, "goodWill": 27415000, "otherAssets": 36470000, "totalAssets": 425171000, "accountsPayable": 67556000, "shortLongTermDebt": 1736000, "otherCurrentLiab": 31275000, "longTermDebt": 41232000, "otherLiab": 3201000, "minorityInterest": 76291000, "totalCurrentLiabilities": 109583000, "totalLiab": 155928000, "commonStock": 125720000, "retainedEarnings": 56743000, "treasuryStock": 10489000, "otherStockholderEquity": 10489000, "totalStockholderEquity": 192952000, "netTangibleAssets": 165537000}, {"maxAge": 1, "endDate": "2019-12-31", "totalStockholderEquity": 171480000, "netTangibleAssets": 171480000}, {"maxAge": 1, "endDate": "2019-09-30", "cash": 5500000, "shortTermInvestments": 2008000, "netReceivables": 59268000, "inventory": 1000, "otherCurrentAssets": 33078000, "totalCurrentAssets": 99855000, "longTermInvestments": 19758000, "propertyPlantEquipment": 17807000, "otherAssets": 91916000, "totalAssets": 229336000, "accountsPayable": 18943000, "otherCurrentLiab": 19519000, "longTermDebt": 13525000, "otherLiab": 812000, "totalCurrentLiabilities": 43519000, "totalLiab": 57856000, "commonStock": 125720000, "treasuryStock": 45760000, "otherStockholderEquity": 45760000, "totalStockholderEquity": 171480000, "netTangibleAssets": 171480000}], "maxAge": 86400}, "indexTrend": {"maxAge": 1, "symbol": "SP5", "peRatio": 19.7411, "pegRatio": 1.34172, "estimates": [{"period": "0q", "growth": 0.549}, {"period": "+1q", "growth": 0.431}, {"period": "0y", "growth": 0.305}, {"period": "+1y", "growth": 0.109}, {"period": "+5y", "growth": 0.120859005}, {"period": "-5y"}]}, "insiderTransactions": {"transactions": [{"maxAge": 1, "shares": 36000, "filerUrl": "", "transactionText": "", "filerName": "Optimus Finance, Ltd.", "filerRelation": "Promoter", "moneyText": "", "startDate": "2018-04-21", "ownership": "D"}, {"maxAge": 1, "shares": 72000, "filerUrl": "", "transactionText": "", "filerName": "Optimus Finance, Ltd.", "filerRelation": "Promoter", "moneyText": "", "startDate": "2018-04-19", "ownership": "D"}, {"maxAge": 1, "shares": 108000, "filerUrl": "", "transactionText": "", "filerName": "Optimus Finance, Ltd.", "filerRelation": "Promoter", "moneyText": "", "startDate": "2018-04-17", "ownership": "D"}, {"maxAge": 1, "shares": 84000, "filerUrl": "", "transactionText": "", "filerName": "Optimus Finance, Ltd.", "filerRelation": "Promoter", "moneyText": "", "startDate": "2018-04-16", "ownership": "D"}], "maxAge": 1}, "quoteType": {"exchange": "BSE", "quoteType": "EQUITY", "symbol": "MAXIMUS.BO", "underlyingSymbol": "MAXIMUS.BO", "shortName": "Maximus International Limited", "longName": "Maximus International Limited", "firstTradeDateEpochUtc": "2017-03-30 09:15:00", "timeZoneFullName": "Asia/Kolkata", "timeZoneShortName": "IST", "uuid": "f37ade7c-2b3a-3aa5-981a-1887968478ac", "gmtOffSetMilliseconds": 19800000, "maxAge": 1}, "incomeStatementHistory": {"incomeStatementHistory": [{"maxAge": 1, "endDate": "2020-03-31", "totalRevenue": 307443000, "costOfRevenue": 241574000, "grossProfit": 65869000, "researchDevelopment": {}, "sellingGeneralAdministrative": 19698000, "nonRecurring": {}, "otherOperatingExpenses": 13322000, "totalOperatingExpenses": 279387000, "operatingIncome": 28056000, "totalOtherIncomeExpenseNet": 2625000, "ebit": 28056000, "interestExpense": -7006000, "incomeBeforeTax": 30681000, "incomeTaxExpense": 3615000, "minorityInterest": 76291000, "netIncomeFromContinuingOps": 27066000, "discontinuedOperations": {}, "extraordinaryItems": {}, "effectOfAccountingCharges": {}, "otherItems": {}, "netIncome": 24984000, "netIncomeApplicableToCommonShares": 24984000}, {"maxAge": 1, "endDate": "2019-03-31", "totalRevenue": 572521000, "costOfRevenue": 531167000, "grossProfit": 41354000, "researchDevelopment": {}, "sellingGeneralAdministrative": 4751000, "nonRecurring": {}, "otherOperatingExpenses": 4960000, "totalOperatingExpenses": 542448000, "operatingIncome": 30073000, "totalOtherIncomeExpenseNet": -8898000, "ebit": 30073000, "interestExpense": -4828000, "incomeBeforeTax": 21175000, "incomeTaxExpense": 2508000, "minorityInterest": 76291000, "netIncomeFromContinuingOps": 18667000, "discontinuedOperations": {}, "extraordinaryItems": {}, "effectOfAccountingCharges": {}, "otherItems": {}, "netIncome": 18667000, "netIncomeApplicableToCommonShares": 18667000}, {"maxAge": 1, "endDate": "2018-03-31", "totalRevenue": 330818267, "costOfRevenue": 297002635, "grossProfit": 33815632, "researchDevelopment": {}, "sellingGeneralAdministrative": 4694501, "nonRecurring": {}, "otherOperatingExpenses": 9556383, "totalOperatingExpenses": 312283787, "operatingIncome": 18534480, "totalOtherIncomeExpenseNet": -2314717, "ebit": 18534480, "interestExpense": -547925, "incomeBeforeTax": 16219763, "incomeTaxExpense": 1500719, "minorityInterest": 76291000, "netIncomeFromContinuingOps": 14719044, "discontinuedOperations": {}, "extraordinaryItems": {}, "effectOfAccountingCharges": {}, "otherItems": {}, "netIncome": 14719044, "netIncomeApplicableToCommonShares": 14719044}, {"maxAge": 1, "endDate": "2017-03-31", "totalRevenue": 102852084, "costOfRevenue": 88691370, "grossProfit": 14160714, "researchDevelopment": {}, "sellingGeneralAdministrative": 1128341, "nonRecurring": {}, "otherOperatingExpenses": 4170082, "totalOperatingExpenses": 94273978, "operatingIncome": 8578106, "totalOtherIncomeExpenseNet": -2410130, "ebit": 8578106, "interestExpense": -1020858, "incomeBeforeTax": 6167976, "incomeTaxExpense": 2155105, "minorityInterest": 76291000, "netIncomeFromContinuingOps": 4012871, "discontinuedOperations": {}, "extraordinaryItems": {}, "effectOfAccountingCharges": {}, "otherItems": {}, "netIncome": 4012871, "netIncomeApplicableToCommonShares": 4012871}], "maxAge": 86400}, "fundOwnership": {"ownershipList": [], "maxAge": 1}, "summaryDetail": {"maxAge": 1, "priceHint": 2, "previousClose": 81.7, "open": 81.7, "dayLow": 75.7, "dayHigh": 82.0, "regularMarketPreviousClose": 81.7, "regularMarketOpen": 81.7, "regularMarketDayLow": 75.7, "regularMarketDayHigh": 82.0, "trailingPE": 40.171566, "volume": 31194, "regularMarketVolume": 31194, "averageVolume": 6153, "averageVolume10days": 1662, "averageDailyVolume10Day": 1662, "bid": 82.0, "ask": 84.5, "bidSize": 0, "askSize": 0, "marketCap": 1030275392, "fiftyTwoWeekLow": 61.75, "fiftyTwoWeekHigh": 130.8, "fiftyDayAverage": 120.25, "twoHundredDayAverage": 107.94265, "currency": "INR", "fromCurrency": null, "lastMarket": null, "algorithm": null, "tradeable": false}, "incomeStatementHistoryQuarterly": {"incomeStatementHistory": [{"maxAge": 1, "endDate": "2020-06-30", "totalRevenue": 120718000, "costOfRevenue": 86312000, "grossProfit": 34406000, "researchDevelopment": {}, "sellingGeneralAdministrative": 10738000, "nonRecurring": {}, "otherOperatingExpenses": 11537000, "totalOperatingExpenses": 111779000, "operatingIncome": 8939000, "totalOtherIncomeExpenseNet": -191000, "ebit": 8939000, "interestExpense": -2293000, "incomeBeforeTax": 8748000, "incomeTaxExpense": 1711000, "minorityInterest": {}, "netIncomeFromContinuingOps": 7037000, "discontinuedOperations": {}, "extraordinaryItems": {}, "effectOfAccountingCharges": {}, "otherItems": {}, "netIncome": 5286000, "netIncomeApplicableToCommonShares": 5286000}, {"maxAge": 1, "endDate": "2020-03-31", "totalRevenue": 118220000, "costOfRevenue": 81405000, "grossProfit": 36815000, "researchDevelopment": {}, "sellingGeneralAdministrative": 14187000, "nonRecurring": {}, "otherOperatingExpenses": 4238000, "totalOperatingExpenses": 103382000, "operatingIncome": 14838000, "totalOtherIncomeExpenseNet": -2107000, "ebit": 14838000, "interestExpense": -3870000, "incomeBeforeTax": 12731000, "incomeTaxExpense": 2276000, "minorityInterest": 76291000, "netIncomeFromContinuingOps": 10455000, "discontinuedOperations": {}, "extraordinaryItems": {}, "effectOfAccountingCharges": {}, "otherItems": {}, "netIncome": 8689000, "netIncomeApplicableToCommonShares": 8689000}, {"maxAge": 1, "endDate": "2019-12-31", "totalRevenue": 74399000, "costOfRevenue": 60490000, "grossProfit": 13909000, "researchDevelopment": {}, "sellingGeneralAdministrative": 3205000, "nonRecurring": {}, "otherOperatingExpenses": 3882000, "totalOperatingExpenses": 68010000, "operatingIncome": 6389000, "totalOtherIncomeExpenseNet": 1184000, "ebit": 6389000, "interestExpense": -1246000, "incomeBeforeTax": 7573000, "incomeTaxExpense": 487000, "minorityInterest": 76291000, "netIncomeFromContinuingOps": 7086000, "discontinuedOperations": {}, "extraordinaryItems": {}, "effectOfAccountingCharges": {}, "otherItems": {}, "netIncome": 6770000, "netIncomeApplicableToCommonShares": 6770000}, {"maxAge": 1, "endDate": "2019-09-30", "totalRevenue": 58326000, "costOfRevenue": 50230000, "grossProfit": 8096000, "researchDevelopment": {}, "sellingGeneralAdministrative": 1453000, "nonRecurring": {}, "otherOperatingExpenses": 2939000, "totalOperatingExpenses": 55032000, "operatingIncome": 3294000, "totalOtherIncomeExpenseNet": 2391000, "ebit": 3294000, "interestExpense": -1067000, "incomeBeforeTax": 5685000, "incomeTaxExpense": 811000, "minorityInterest": 76291000, "netIncomeFromContinuingOps": 4874000, "discontinuedOperations": {}, "extraordinaryItems": {}, "effectOfAccountingCharges": {}, "otherItems": {}, "netIncome": 4874000, "netIncomeApplicableToCommonShares": 4874000}], "maxAge": 86400}, "cashflowStatementHistoryQuarterly": {"cashflowStatements": [{"maxAge": 1, "endDate": "2020-06-30", "netIncome": 5286000, "changeToLiabilities": 0}, {"maxAge": 1, "endDate": "2020-03-31", "netIncome": 8689000, "changeToLiabilities": 0}, {"maxAge": 1, "endDate": "2019-12-31", "netIncome": 6770000, "changeToLiabilities": 0}, {"maxAge": 1, "endDate": "2019-09-30", "netIncome": 4874000, "changeToLiabilities": 0}], "maxAge": 86400}, "insiderHolders": {"holders": [{"maxAge": 1, "name": "Optimus Finance, Ltd.", "relation": "Promoter", "url": "", "transactionDescription": "Acquisition", "latestTransDate": "2018-04-21", "positionDirect": 3999994, "positionDirectDate": "2018-04-21"}], "maxAge": 1}, "calendarEvents": {"maxAge": 1, "earnings": {"earningsDate": ["2020-11-14 05:30:S", "2020-11-15 05:30:S"]}}, "upgradeDowngradeHistory": {"history": [], "maxAge": 86400}, "price": {"maxAge": 1, "regularMarketChangePercent": 0.0030599756, "regularMarketChange": 0.25, "regularMarketTime": "2021-04-30 15:27:20", "priceHint": 2, "regularMarketPrice": 81.95, "regularMarketDayHigh": 82.0, "regularMarketDayLow": 75.7, "regularMarketVolume": 31194, "averageDailyVolume10Day": 1662, "averageDailyVolume3Month": 6153, "regularMarketPreviousClose": 81.7, "regularMarketSource": "FREE_REALTIME", "regularMarketOpen": 81.7, "exchange": "BSE", "exchangeName": "BSE", "exchangeDataDelayedBy": 0, "marketState": "CLOSED", "quoteType": "EQUITY", "symbol": "MAXIMUS.BO", "underlyingSymbol": null, "shortName": "Maximus International Limited", "longName": "Maximus International Limited", "currency": "INR", "quoteSourceName": "Delayed Quote", "currencySymbol": "\u20b9", "fromCurrency": null, "lastMarket": null, "marketCap": 1030275392}, "balanceSheetHistory": {"balanceSheetStatements": [{"maxAge": 1, "endDate": "2020-03-31", "cash": 9943000, "netReceivables": 165908000, "inventory": 58686000, "otherCurrentAssets": 26403000, "totalCurrentAssets": 260940000, "longTermInvestments": 21139000, "propertyPlantEquipment": 79207000, "goodWill": 27415000, "otherAssets": 36470000, "totalAssets": 425171000, "accountsPayable": 67556000, "shortLongTermDebt": 1736000, "otherCurrentLiab": 31275000, "longTermDebt": 41232000, "otherLiab": 3201000, "minorityInterest": 76291000, "totalCurrentLiabilities": 109583000, "totalLiab": 155928000, "commonStock": 125720000, "retainedEarnings": 56743000, "treasuryStock": 10489000, "otherStockholderEquity": 10489000, "totalStockholderEquity": 192952000, "netTangibleAssets": 165537000}, {"maxAge": 1, "endDate": "2019-03-31", "cash": 10793000, "netReceivables": 71000000, "inventory": 2000, "otherCurrentAssets": 9014000, "totalCurrentAssets": 90809000, "longTermInvestments": 24870000, "propertyPlantEquipment": 17335000, "otherAssets": 90854000, "totalAssets": 223868000, "accountsPayable": 33787000, "shortLongTermDebt": 1055000, "otherCurrentLiab": 9554000, "longTermDebt": 3260000, "otherLiab": 997000, "totalCurrentLiabilities": 54999000, "totalLiab": 59256000, "commonStock": 125720000, "retainedEarnings": 29306000, "treasuryStock": 9586000, "otherStockholderEquity": 9586000, "totalStockholderEquity": 164612000, "netTangibleAssets": 164612000}, {"maxAge": 1, "endDate": "2018-03-31", "cash": 13126704, "netReceivables": 26987659, "otherCurrentAssets": 16027498, "totalCurrentAssets": 56251709, "longTermInvestments": 21570609, "propertyPlantEquipment": 27985635, "otherAssets": 73582354, "totalAssets": 179390307, "accountsPayable": 20743029, "shortLongTermDebt": 973297, "otherCurrentLiab": 3766577, "longTermDebt": 4177541, "otherLiab": 203285, "totalCurrentLiabilities": 38713736, "totalLiab": 43094562, "commonStock": 62860000, "retainedEarnings": 18832374, "treasuryStock": 1561, "capitalSurplus": 54601810, "otherStockholderEquity": 1561, "totalStockholderEquity": 136295745, "netTangibleAssets": 136295745}, {"maxAge": 1, "endDate": "2017-03-31", "cash": 39504306, "netReceivables": 23895402, "inventory": 4007000, "otherCurrentAssets": 18684428, "totalCurrentAssets": 86192841, "propertyPlantEquipment": 3358036, "otherAssets": 14235030, "deferredLongTermAssetCharges": 15033, "totalAssets": 103785907, "accountsPayable": 8457826, "shortLongTermDebt": 212447, "otherCurrentLiab": 1967745, "longTermDebt": 891118, "totalCurrentLiabilities": 11019649, "totalLiab": 11910767, "commonStock": 52060000, "retainedEarnings": 4113330, "capitalSurplus": 35701810, "totalStockholderEquity": 91875140, "netTangibleAssets": 91875140}], "maxAge": 86400}, "financialData": {"maxAge": 86400, "currentPrice": 81.95, "recommendationKey": "none", "grossProfits": 65869000, "financialCurrency": "INR"}}}