{"MAXIND.NS": {"assetProfile": {"address1": "Ready Money Mansion", "address2": "167, Floor 1, Plot-167A Dr. Annie Besant Road Worli", "city": "Mumbai", "zip": "400018", "country": "India", "phone": "91 11 4937 6000", "fax": "91 11 2632 4126", "website": "http://www.maxindia.com", "industry": "Medical Care Facilities", "sector": "Healthcare", "longBusinessSummary": "Max India Limited operates in the senior care and skilling industry. The company operates residential communities for seniors; and provides assisted care services. It is also involved in the learning and development activities; and distribution of insurance and other financial products. The company, formerly known as Advaita Allied Health Services Limited, was incorporated in 2019 and is based in Mumbai, India.", "fullTimeEmployees": 48, "companyOfficers": [{"maxAge": 1, "name": "Mr. Rajit  Mehta", "age": 58, "title": "MD & Director", "yearBorn": 1962, "exercisedValue": 0, "unexercisedValue": 0}, {"maxAge": 1, "name": "Mr. Sandeep  Pathak", "age": 40, "title": "Chief Financial Officer", "yearBorn": 1980, "exercisedValue": 0, "unexercisedValue": 0}, {"maxAge": 1, "name": "Mr. Pankaj  Chawla", "title": "Company Sec. & Compliance Officer", "exercisedValue": 0, "unexercisedValue": 0}], "maxAge": 86400}, "cashflowStatementHistory": {"cashflowStatements": [{"maxAge": 1, "endDate": "2019-03-31", "netIncome": -862654000, "depreciation": 48639000, "changeToNetincome": -449868000, "changeToAccountReceivables": -122630000, "changeToLiabilities": 222210000, "changeToInventory": 368075000, "changeToOperatingActivities": 741742000, "totalCashFromOperatingActivities": -39029000, "investments": -129948000, "otherCashflowsFromInvestingActivities": 96032000, "totalCashflowsFromInvestingActivities": 142538000, "netBorrowings": -201163000, "otherCashflowsFromFinancingActivities": 44527000, "totalCashFromFinancingActivities": -156171000, "changeInCash": -52662000, "issuanceOfStock": 465000}, {"maxAge": 1, "endDate": "2018-03-31", "netIncome": -423838000, "depreciation": 42750000, "changeToNetincome": 93206000, "changeToAccountReceivables": -31544000, "changeToLiabilities": 145422000, "changeToInventory": 940905000, "changeToOperatingActivities": -481999000, "totalCashFromOperatingActivities": 311076000, "capitalExpenditures": -363686000, "investments": -300650000, "otherCashflowsFromInvestingActivities": -116581000, "totalCashflowsFromInvestingActivities": -536687000, "netBorrowings": -339244000, "otherCashflowsFromFinancingActivities": 517235000, "totalCashFromFinancingActivities": 247413000, "changeInCash": 21802000, "issuanceOfStock": 69422000}, {"maxAge": 1, "endDate": "2017-03-31", "netIncome": -461973000, "depreciation": 532364000, "changeToNetincome": -443574000, "changeToAccountReceivables": -194019000, "changeToLiabilities": 410568000, "changeToInventory": 801000, "changeToOperatingActivities": 934079000, "totalCashFromOperatingActivities": 778246000, "capitalExpenditures": -2541243000, "investments": -1858990000, "otherCashflowsFromInvestingActivities": 574866000, "totalCashflowsFromInvestingActivities": -3793834000, "netBorrowings": 1301429000, "otherCashflowsFromFinancingActivities": 1844432000, "totalCashFromFinancingActivities": 3146433000, "changeInCash": 130844000, "issuanceOfStock": 572000}, {"maxAge": 1, "endDate": "2016-03-31", "netIncome": -645964800, "depreciation": 444316000, "changeToNetincome": -1304295200, "changeToAccountReceivables": -53052800, "changeToLiabilities": 515628000, "changeToInventory": -17936800, "changeToOperatingActivities": 885643200, "totalCashFromOperatingActivities": -175662400, "capitalExpenditures": -4209279200, "investments": 1806466400, "otherCashflowsFromInvestingActivities": 568767200, "totalCashflowsFromInvestingActivities": -1820162400, "netBorrowings": 2024200000, "otherCashflowsFromFinancingActivities": -55509600, "totalCashFromFinancingActivities": 1969090400, "changeInCash": 279092800, "issuanceOfStock": 400000}], "maxAge": 86400}, "institutionOwnership": {"ownershipList": [], "maxAge": 1}, "majorHoldersBreakdown": {"maxAge": 1, "insidersPercentHeld": 0.64408, "institutionsPercentHeld": 0.09789, "institutionsFloatPercentHeld": 0.27503002, "institutionsCount": 8}, "balanceSheetHistoryQuarterly": {"balanceSheetStatements": [{"maxAge": 1, "endDate": "2020-12-31", "totalStockholderEquity": 6748600000, "netTangibleAssets": 6725200000}, {"maxAge": 1, "endDate": "2020-09-30", "cash": 80300000, "shortTermInvestments": 4402500000, "netReceivables": 113400000, "inventory": 2579200000, "otherCurrentAssets": 710400000, "totalCurrentAssets": 7885800000, "longTermInvestments": 241500000, "propertyPlantEquipment": 890300000, "goodWill": 1200000, "intangibleAssets": 22200000, "otherAssets": 1009700000, "totalAssets": 10050700000, "accountsPayable": 258100000, "otherCurrentLiab": 1567800000, "longTermDebt": 1113800000, "otherLiab": 115800000, "totalCurrentLiabilities": 1853700000, "totalLiab": 3302100000, "commonStock": 537900000, "treasuryStock": 6210700000, "otherStockholderEquity": 6210700000, "totalStockholderEquity": 6748600000, "netTangibleAssets": 6725200000}, {"maxAge": 1, "endDate": "2020-06-30"}, {"maxAge": 1, "endDate": "2019-12-31"}], "maxAge": 86400}, "indexTrend": {"maxAge": 1, "symbol": "SP5", "peRatio": 19.7411, "pegRatio": 1.34172, "estimates": [{"period": "0q", "growth": 0.549}, {"period": "+1q", "growth": 0.431}, {"period": "0y", "growth": 0.305}, {"period": "+1y", "growth": 0.109}, {"period": "+5y", "growth": 0.120865}, {"period": "-5y"}]}, "defaultKeyStatistics": {"maxAge": 1, "priceHint": 2, "enterpriseValue": 413404960, "profitMargins": -0.55066, "floatShares": 26230076, "sharesOutstanding": 53786300, "heldPercentInsiders": 0.64408, "heldPercentInstitutions": 0.09789, "category": null, "bookValue": 125.22, "priceToBook": 0.52467656, "fundFamily": null, "legalType": null, "lastFiscalYearEnd": "2019-03-31 05:30:00", "nextFiscalYearEnd": "2021-03-31 05:30:00", "mostRecentQuarter": "2020-12-31 05:30:00", "netIncomeToCommon": -64674000, "trailingEps": -3.21, "lastSplitFactor": null, "enterpriseToRevenue": 0.264, "enterpriseToEbitda": -1.246}, "summaryProfile": {"address1": "Ready Money Mansion", "address2": "167, Floor 1, Plot-167A Dr. Annie Besant Road Worli", "city": "Mumbai", "zip": "400018", "country": "India", "phone": "91 11 4937 6000", "fax": "91 11 2632 4126", "website": "http://www.maxindia.com", "industry": "Medical Care Facilities", "sector": "Healthcare", "longBusinessSummary": "Max India Limited operates in the senior care and skilling industry. The company operates residential communities for seniors; and provides assisted care services. It is also involved in the learning and development activities; and distribution of insurance and other financial products. The company, formerly known as Advaita Allied Health Services Limited, was incorporated in 2019 and is based in Mumbai, India.", "fullTimeEmployees": 48, "companyOfficers": [], "maxAge": 86400}, "netSharePurchaseActivity": {"maxAge": 1, "period": "6m", "buyInfoCount": 0, "buyInfoShares": 0, "sellInfoCount": 0, "netInfoCount": 0, "netInfoShares": 0, "netPercentInsiderShares": 0.0, "totalInsiderShares": 34662728}, "insiderTransactions": {"transactions": [{"maxAge": 1, "shares": 2583642, "filerUrl": "", "transactionText": "", "filerName": "Rajasthan Global Securities Ltd", "filerRelation": "Promoter", "moneyText": "", "startDate": "2021-04-23", "ownership": "D"}, {"maxAge": 1, "shares": 181371, "filerUrl": "", "transactionText": "", "filerName": "Rajasthan Global Securities Ltd", "filerRelation": "Promoter", "moneyText": "", "startDate": "2021-03-02", "ownership": "D"}, {"maxAge": 1, "shares": 20000, "filerUrl": "", "transactionText": "Gift at price 0.00 per share.", "filerName": "Singh (Analjit)", "filerRelation": "Non Executive Chairman", "moneyText": "", "startDate": "2021-03-02", "ownership": "D"}, {"maxAge": 1, "shares": 20000, "filerUrl": "", "transactionText": "Gift at price 0.00 per share.", "filerName": "Singn (Veer)", "filerRelation": "UNREPORTED", "moneyText": "", "startDate": "2021-03-02", "ownership": "D"}], "maxAge": 1}, "quoteType": {"exchange": "NSI", "quoteType": "EQUITY", "symbol": "MAXIND.NS", "underlyingSymbol": "MAXIND.NS", "shortName": "Max India Limited", "longName": "Max India Limited", "firstTradeDateEpochUtc": "2020-08-28 09:15:00", "timeZoneFullName": "Asia/Kolkata", "timeZoneShortName": "IST", "uuid": "1906230c-20e8-3eae-a883-f96982b1e78a", "gmtOffSetMilliseconds": 19800000, "maxAge": 1}, "incomeStatementHistory": {"incomeStatementHistory": [{"maxAge": 1, "endDate": "2019-03-31", "totalRevenue": 1566575000, "costOfRevenue": 516736000, "grossProfit": 1049839000, "researchDevelopment": {}, "sellingGeneralAdministrative": 914324000, "nonRecurring": {}, "otherOperatingExpenses": 463663000, "totalOperatingExpenses": 1946869000, "operatingIncome": -380294000, "totalOtherIncomeExpenseNet": -106490000, "ebit": -380294000, "interestExpense": -239842000, "incomeBeforeTax": -486784000, "incomeTaxExpense": 25396000, "minorityInterest": 1126555000, "netIncomeFromContinuingOps": -512180000, "discontinuedOperations": -797980000, "extraordinaryItems": {}, "effectOfAccountingCharges": {}, "otherItems": {}, "netIncome": -862654000, "netIncomeApplicableToCommonShares": -862654000}, {"maxAge": 1, "endDate": "2018-03-31", "totalRevenue": 2423188000, "costOfRevenue": 1372015000, "grossProfit": 1051173000, "researchDevelopment": {}, "sellingGeneralAdministrative": 862261000, "nonRecurring": {}, "otherOperatingExpenses": 508434000, "totalOperatingExpenses": 2787580000, "operatingIncome": -364392000, "totalOtherIncomeExpenseNet": -231335000, "ebit": -364392000, "interestExpense": -260390000, "incomeBeforeTax": -595727000, "incomeTaxExpense": 72444000, "minorityInterest": 1312755000, "netIncomeFromContinuingOps": -668171000, "discontinuedOperations": 335815000, "extraordinaryItems": {}, "effectOfAccountingCharges": {}, "otherItems": {}, "netIncome": -423838000, "netIncomeApplicableToCommonShares": -423838000}, {"maxAge": 1, "endDate": "2017-03-31", "totalRevenue": 14319983000, "costOfRevenue": 2548751000, "grossProfit": 11771232000, "researchDevelopment": {}, "sellingGeneralAdministrative": 4363071000, "nonRecurring": {}, "otherOperatingExpenses": 6936460000, "totalOperatingExpenses": 14380646000, "operatingIncome": -60663000, "totalOtherIncomeExpenseNet": -446391000, "ebit": -60663000, "interestExpense": -487150000, "incomeBeforeTax": -507054000, "incomeTaxExpense": 32535000, "minorityInterest": 1218516000, "netIncomeFromContinuingOps": -539589000, "discontinuedOperations": 78110000, "extraordinaryItems": {}, "effectOfAccountingCharges": {}, "otherItems": {}, "netIncome": -461973000, "netIncomeApplicableToCommonShares": -461973000}, {"maxAge": 1, "endDate": "2016-03-31", "totalRevenue": 9790497600, "costOfRevenue": 1885401600, "grossProfit": 7905096000, "researchDevelopment": {}, "sellingGeneralAdministrative": 3112392000, "nonRecurring": {}, "otherOperatingExpenses": 4752476000, "totalOperatingExpenses": 10194585600, "operatingIncome": -404088000, "totalOtherIncomeExpenseNet": -302913600, "ebit": -404088000, "interestExpense": -279109600, "incomeBeforeTax": -707001600, "incomeTaxExpense": 81596800, "minorityInterest": 597938000, "netIncomeFromContinuingOps": -788598400, "discontinuedOperations": 78110000, "extraordinaryItems": {}, "effectOfAccountingCharges": {}, "otherItems": {}, "netIncome": -645964800, "netIncomeApplicableToCommonShares": -645964800}], "maxAge": 86400}, "fundOwnership": {"ownershipList": [], "maxAge": 1}, "summaryDetail": {"maxAge": 1, "priceHint": 2, "previousClose": 65.25, "open": 65.0, "dayLow": 65.0, "dayHigh": 65.95, "regularMarketPreviousClose": 65.25, "regularMarketOpen": 65.0, "regularMarketDayLow": 65.0, "regularMarketDayHigh": 65.95, "payoutRatio": 0.0, "volume": 139335, "regularMarketVolume": 139335, "averageVolume": 301940, "averageVolume10days": 66491, "averageDailyVolume10Day": 66491, "bid": 0.0, "ask": 0.0, "marketCap": 3531046400, "fiftyTwoWeekLow": 48.05, "fiftyTwoWeekHigh": 79.95, "priceToSalesTrailing12Months": 2.2539914, "fiftyDayAverage": 63.613235, "twoHundredDayAverage": 60.817375, "currency": "INR", "fromCurrency": null, "lastMarket": null, "algorithm": null, "tradeable": false}, "incomeStatementHistoryQuarterly": {"incomeStatementHistory": [{"maxAge": 1, "endDate": "2020-12-31", "totalRevenue": 326800000, "costOfRevenue": 49900000, "grossProfit": 276900000, "researchDevelopment": {}, "sellingGeneralAdministrative": 222600000, "nonRecurring": {}, "otherOperatingExpenses": 111700000, "totalOperatingExpenses": 410300000, "operatingIncome": -83500000, "totalOtherIncomeExpenseNet": -43600000, "ebit": -83500000, "interestExpense": -57200000, "incomeBeforeTax": -127100000, "incomeTaxExpense": 2600000, "minorityInterest": {}, "netIncomeFromContinuingOps": -129700000, "discontinuedOperations": {}, "extraordinaryItems": {}, "effectOfAccountingCharges": {}, "otherItems": {}, "netIncome": -129700000, "netIncomeApplicableToCommonShares": -129700000}, {"maxAge": 1, "endDate": "2020-09-30", "totalRevenue": 287900000, "costOfRevenue": 41800000, "grossProfit": 246100000, "researchDevelopment": {}, "sellingGeneralAdministrative": 211500000, "nonRecurring": {}, "otherOperatingExpenses": 106400000, "totalOperatingExpenses": 388000000, "operatingIncome": -100100000, "totalOtherIncomeExpenseNet": -64000000, "ebit": -100100000, "interestExpense": -80100000, "incomeBeforeTax": -164100000, "incomeTaxExpense": 8900000, "minorityInterest": {}, "netIncomeFromContinuingOps": -173000000, "discontinuedOperations": {}, "extraordinaryItems": {}, "effectOfAccountingCharges": {}, "otherItems": {}, "netIncome": -173000000, "netIncomeApplicableToCommonShares": -173000000}, {"maxAge": 1, "endDate": "2020-06-30", "totalRevenue": 255200000, "costOfRevenue": 1000000, "grossProfit": 254200000, "researchDevelopment": {}, "sellingGeneralAdministrative": 224800000, "nonRecurring": {}, "otherOperatingExpenses": 114500000, "totalOperatingExpenses": 363600000, "operatingIncome": -108400000, "totalOtherIncomeExpenseNet": -101500000, "ebit": -108400000, "interestExpense": -61600000, "incomeBeforeTax": -209900000, "incomeTaxExpense": -76200000, "minorityInterest": {}, "netIncomeFromContinuingOps": -133700000, "discontinuedOperations": {}, "extraordinaryItems": {}, "effectOfAccountingCharges": {}, "otherItems": {}, "netIncome": -133700000, "netIncomeApplicableToCommonShares": -133700000}, {"maxAge": 1, "endDate": "2019-12-31", "totalRevenue": 339200000, "costOfRevenue": 93100000, "grossProfit": 246100000, "researchDevelopment": {}, "sellingGeneralAdministrative": 222100000, "nonRecurring": {}, "otherOperatingExpenses": 139000000, "totalOperatingExpenses": 474900000, "operatingIncome": -135700000, "totalOtherIncomeExpenseNet": -559300000, "ebit": -135700000, "interestExpense": -62200000, "incomeBeforeTax": -695000000, "incomeTaxExpense": 3900000, "minorityInterest": {}, "netIncomeFromContinuingOps": -698900000, "discontinuedOperations": 4171100000, "extraordinaryItems": {}, "effectOfAccountingCharges": {}, "otherItems": {}, "netIncome": 3598200000, "netIncomeApplicableToCommonShares": 3598200000}], "maxAge": 86400}, "cashflowStatementHistoryQuarterly": {"cashflowStatements": [{"maxAge": 1, "endDate": "2020-12-31", "netIncome": -129700000, "changeToLiabilities": 0}, {"maxAge": 1, "endDate": "2020-09-30", "netIncome": -173000000, "changeToLiabilities": 0}, {"maxAge": 1, "endDate": "2020-06-30", "netIncome": -133700000, "changeToLiabilities": 0}, {"maxAge": 1, "endDate": "2019-12-31", "netIncome": 3598200000, "changeToLiabilities": 0}], "maxAge": 86400}, "insiderHolders": {"holders": [{"maxAge": 1, "name": "Rajasthan Global Securities Ltd", "relation": "Promoter", "url": "", "transactionDescription": "Acquisition", "latestTransDate": "2021-04-23", "positionDirect": 5418956, "positionDirectDate": "2021-04-23"}, {"maxAge": 1, "name": "Singh (Analjit)", "relation": "Non Executive Chairman", "url": "", "transactionDescription": "Gift", "latestTransDate": "2021-03-02", "positionDirect": 1195357, "positionDirectDate": "2021-03-02"}, {"maxAge": 1, "name": "Singn (Veer)", "relation": "UNREPORTED", "url": "", "transactionDescription": "Gift", "latestTransDate": "2021-03-02", "positionDirect": 0, "positionDirectDate": "2021-03-02"}], "maxAge": 1}, "calendarEvents": {"maxAge": 1, "earnings": {"earningsDate": []}}, "upgradeDowngradeHistory": {"history": [], "maxAge": 86400}, "price": {"maxAge": 1, "regularMarketChangePercent": 0.006896505, "regularMarketChange": 0.44999695, "regularMarketTime": "2021-04-30 15:29:55", "priceHint": 2, "regularMarketPrice": 65.7, "regularMarketDayHigh": 65.95, "regularMarketDayLow": 65.0, "regularMarketVolume": 139335, "averageDailyVolume10Day": 66491, "averageDailyVolume3Month": 301940, "regularMarketPreviousClose": 65.25, "regularMarketSource": "FREE_REALTIME", "regularMarketOpen": 65.0, "exchange": "NSI", "exchangeName": "NSE", "exchangeDataDelayedBy": 15, "marketState": "CLOSED", "quoteType": "EQUITY", "symbol": "MAXIND.NS", "underlyingSymbol": null, "shortName": "Max India Limited", "longName": "Max India Limited", "currency": "INR", "quoteSourceName": "Delayed Quote", "currencySymbol": "\u20b9", "fromCurrency": null, "lastMarket": null, "marketCap": 3531046400}, "balanceSheetHistory": {"balanceSheetStatements": [{"maxAge": 1, "endDate": "2019-03-31", "cash": 83212000, "netReceivables": 569123000, "inventory": 2634141000, "otherCurrentAssets": 9643975000, "totalCurrentAssets": 13308526000, "longTermInvestments": 7843049000, "propertyPlantEquipment": 1002568000, "goodWill": 246567000, "intangibleAssets": 7460000, "otherAssets": 942375000, "deferredLongTermAssetCharges": 62604000, "totalAssets": 23350545000, "accountsPayable": 213300000, "shortLongTermDebt": 55717000, "otherCurrentLiab": 8187911000, "longTermDebt": 1857959000, "otherLiab": 82052000, "minorityInterest": 1126555000, "totalCurrentLiabilities": 8581917000, "totalLiab": 10521928000, "commonStock": 537231000, "retainedEarnings": -676097000, "treasuryStock": 11730782000, "capitalSurplus": 110146000, "otherStockholderEquity": 11730782000, "totalStockholderEquity": 11702062000, "netTangibleAssets": 11448035000}, {"maxAge": 1, "endDate": "2018-03-31", "cash": 420815000, "netReceivables": 760586000, "inventory": 3002216000, "otherCurrentAssets": 303491000, "totalCurrentAssets": 8286100000, "longTermInvestments": 12555691000, "propertyPlantEquipment": 1252445000, "goodWill": 246567000, "intangibleAssets": 240035000, "otherAssets": 913063000, "deferredLongTermAssetCharges": 22647000, "totalAssets": 23493901000, "accountsPayable": 1240350000, "shortLongTermDebt": 41600000, "otherCurrentLiab": 5396099000, "longTermDebt": 1996766000, "otherLiab": 287364000, "minorityInterest": 1312755000, "totalCurrentLiabilities": 7001301000, "totalLiab": 9285431000, "commonStock": 536766000, "retainedEarnings": 192729000, "treasuryStock": 12072756000, "capitalSurplus": 93464000, "otherStockholderEquity": 12072756000, "totalStockholderEquity": 12895715000, "netTangibleAssets": 12409113000}, {"maxAge": 1, "endDate": "2017-03-31", "cash": 479711000, "shortTermInvestments": 5431905000, "netReceivables": 1679344000, "inventory": 107947000, "otherCurrentAssets": 362912000, "totalCurrentAssets": 8154271000, "longTermInvestments": 4094067000, "propertyPlantEquipment": 9459417000, "goodWill": 3971263000, "intangibleAssets": 319987000, "otherAssets": 3221275000, "deferredLongTermAssetCharges": 83885000, "totalAssets": 29220280000, "accountsPayable": 2438972000, "shortLongTermDebt": 884557000, "otherCurrentLiab": 3916635000, "longTermDebt": 5229338000, "otherLiab": 2099492000, "minorityInterest": 1218516000, "totalCurrentLiabilities": 7976095000, "totalLiab": 15321034000, "commonStock": 534540000, "retainedEarnings": 334021000, "treasuryStock": 11792113000, "capitalSurplus": 13353000, "otherStockholderEquity": 11792113000, "totalStockholderEquity": 12674027000, "netTangibleAssets": 8382777000}, {"maxAge": 1, "endDate": "2016-03-31", "cash": 369815000, "shortTermInvestments": 3745052000, "netReceivables": 1446282000, "inventory": 108748000, "otherCurrentAssets": 306789000, "totalCurrentAssets": 6041503000, "longTermInvestments": 3630779000, "propertyPlantEquipment": 7548651000, "goodWill": 4054115000, "intangibleAssets": 244656000, "otherAssets": 2974902000, "totalAssets": 24494606000, "accountsPayable": 2051755000, "shortLongTermDebt": 119298000, "otherCurrentLiab": 3504972000, "longTermDebt": 4524065000, "otherLiab": 1221374000, "minorityInterest": 597938000, "totalCurrentLiabilities": 6597388000, "totalLiab": 12363160000, "commonStock": 500000, "retainedEarnings": -807456000, "treasuryStock": 12330592000, "otherStockholderEquity": 12330592000, "totalStockholderEquity": 11523636000, "netTangibleAssets": 7224865000}], "maxAge": 86400}, "financialData": {"maxAge": 86400, "currentPrice": 65.7, "recommendationKey": "none", "totalCash": 4482800128, "totalCashPerShare": 83.296, "ebitda": -331655008, "totalDebt": 1360400000, "quickRatio": 0.118, "currentRatio": 1.551, "totalRevenue": 1566574976, "debtToEquity": 20.158, "revenuePerShare": 5.836, "returnOnAssets": -0.0101499995, "returnOnEquity": -0.037890002, "grossProfits": 1049839000, "freeCashflow": -7415325184, "operatingCashflow": -39029000, "revenueGrowth": -0.037, "grossMargins": 0.67015, "ebitdaMargins": -0.21170999, "operatingMargins": -0.24275999, "profitMargins": -0.55066, "financialCurrency": "INR"}}}