{"MAYURUNIQ.BO": {"recommendationTrend": {"trend": [{"period": "0m", "strongBuy": 0, "buy": 0, "hold": 0, "sell": 0, "strongSell": 0}, {"period": "-1m", "strongBuy": 0, "buy": 0, "hold": 0, "sell": 0, "strongSell": 0}, {"period": "-2m", "strongBuy": 0, "buy": 0, "hold": 0, "sell": 0, "strongSell": 0}, {"period": "-3m", "strongBuy": 0, "buy": 0, "hold": 0, "sell": 0, "strongSell": 0}], "maxAge": 86400}, "cashflowStatementHistory": {"cashflowStatements": [{"maxAge": 1, "endDate": "2020-03-31", "netIncome": 797751000, "depreciation": 183289000, "changeToNetincome": -131040000, "changeToAccountReceivables": -67540000, "changeToLiabilities": 16121000, "changeToInventory": -121978000, "changeToOperatingActivities": -45211000, "totalCashFromOperatingActivities": 632483000, "capitalExpenditures": -492742000, "investments": 7310000, "otherCashflowsFromInvestingActivities": 7491000, "totalCashflowsFromInvestingActivities": -478711000, "dividendsPaid": -147314000, "netBorrowings": 123984000, "otherCashflowsFromFinancingActivities": -43580000, "totalCashFromFinancingActivities": -66910000, "effectOfExchangeRate": 985000, "changeInCash": 87847000}, {"maxAge": 1, "endDate": "2019-03-31", "netIncome": 895877000, "depreciation": 174032000, "changeToNetincome": -216083000, "changeToAccountReceivables": 157085000, "changeToLiabilities": -177870000, "changeToInventory": -185881000, "changeToOperatingActivities": -26346000, "totalCashFromOperatingActivities": 627105000, "capitalExpenditures": -464750000, "investments": -195222000, "otherCashflowsFromInvestingActivities": 10473000, "totalCashflowsFromInvestingActivities": -675408000, "dividendsPaid": -148531000, "netBorrowings": 158700000, "otherCashflowsFromFinancingActivities": -44397000, "totalCashFromFinancingActivities": -34228000, "effectOfExchangeRate": 4000, "changeInCash": -82527000}, {"maxAge": 1, "endDate": "2018-03-31", "netIncome": 969187000, "depreciation": 163777000, "changeToNetincome": -102488000, "changeToAccountReceivables": -62939000, "changeToLiabilities": 19855000, "changeToInventory": -129745000, "changeToOperatingActivities": 3121000, "totalCashFromOperatingActivities": 868230000, "capitalExpenditures": -71532000, "investments": -262514000, "otherCashflowsFromInvestingActivities": 35672000, "totalCashflowsFromInvestingActivities": -299397000, "dividendsPaid": -63972000, "netBorrowings": -158696000, "otherCashflowsFromFinancingActivities": -23731000, "totalCashFromFinancingActivities": -496528000, "effectOfExchangeRate": -80000, "changeInCash": 72225000, "repurchaseOfStock": -250129000}, {"maxAge": 1, "endDate": "2017-03-31", "netIncome": 815090000, "depreciation": 160002000, "changeToNetincome": -146299000, "changeToAccountReceivables": -1448000, "changeToLiabilities": 128222000, "changeToInventory": -185677000, "changeToOperatingActivities": -25499000, "totalCashFromOperatingActivities": 751432000, "capitalExpenditures": -108010000, "investments": -171704000, "otherCashflowsFromInvestingActivities": 14904000, "totalCashflowsFromInvestingActivities": -264545000, "dividendsPaid": -45045000, "netBorrowings": -140265000, "otherCashflowsFromFinancingActivities": -22168000, "totalCashFromFinancingActivities": -459931000, "effectOfExchangeRate": -403000, "changeInCash": 26553000, "repurchaseOfStock": -252453000}], "maxAge": 86400}, "institutionOwnership": {"maxAge": 1, "ownershipList": []}, "balanceSheetHistoryQuarterly": {"balanceSheetStatements": [{"maxAge": 1, "endDate": "2020-06-30", "totalStockholderEquity": 5773661000, "netTangibleAssets": 5734307000}, {"maxAge": 1, "endDate": "2020-03-31", "cash": 226335000, "shortTermInvestments": 1706026000, "netReceivables": 1032712000, "inventory": 1351122000, "otherCurrentAssets": 240091000, "totalCurrentAssets": 4570520000, "longTermInvestments": 279644000, "propertyPlantEquipment": 2001797000, "goodWill": 35964000, "intangibleAssets": 3390000, "otherAssets": 68458000, "deferredLongTermAssetCharges": 12604000, "totalAssets": 6959773000, "accountsPayable": 610279000, "shortLongTermDebt": 64077000, "otherCurrentLiab": 169718000, "longTermDebt": 161450000, "otherLiab": 10664000, "totalCurrentLiabilities": 998172000, "totalLiab": 1186112000, "commonStock": 226638000, "retainedEarnings": 5443316000, "treasuryStock": -83928000, "capitalSurplus": 187635000, "otherStockholderEquity": -83928000, "totalStockholderEquity": 5773661000, "netTangibleAssets": 5734307000}, {"maxAge": 1, "endDate": "2019-12-31", "totalStockholderEquity": 5449827000, "netTangibleAssets": 5411588000}, {"maxAge": 1, "endDate": "2019-09-30", "cash": 562921000, "shortTermInvestments": 1211491000, "netReceivables": 981551000, "inventory": 1196720000, "otherCurrentAssets": 259216000, "totalCurrentAssets": 4211899000, "longTermInvestments": 221239000, "propertyPlantEquipment": 1917230000, "goodWill": 35112000, "intangibleAssets": 3127000, "otherAssets": 84341000, "deferredLongTermAssetCharges": 11464000, "totalAssets": 6472948000, "accountsPayable": 536613000, "otherCurrentLiab": 255328000, "longTermDebt": 213132000, "otherLiab": 9159000, "totalCurrentLiabilities": 800830000, "totalLiab": 1023121000, "commonStock": 226638000, "treasuryStock": 5223189000, "otherStockholderEquity": 5223189000, "totalStockholderEquity": 5449827000, "netTangibleAssets": 5411588000}], "maxAge": 86400}, "earningsHistory": {"history": [{"maxAge": 1, "epsActual": 4.75, "epsEstimate": 4.52, "epsDifference": 0.23, "surprisePercent": 0.051, "quarter": "2017-12-31", "period": "-4q"}, {"maxAge": 1, "epsActual": 5.3, "epsEstimate": 4.66, "epsDifference": 0.64, "surprisePercent": 0.137, "quarter": "2018-03-31", "period": "-3q"}, {"maxAge": 1, "epsActual": 5.65, "epsEstimate": 5.76, "epsDifference": -0.11, "surprisePercent": -0.019, "quarter": "2018-06-30", "period": "-2q"}, {"maxAge": 1, "epsActual": 4.42, "epsEstimate": 5.52, "epsDifference": -1.1, "surprisePercent": -0.199, "quarter": "2018-09-30", "period": "-1q"}], "maxAge": 86400}, "indexTrend": {"maxAge": 1, "symbol": "SP5", "peRatio": 19.7411, "pegRatio": 1.34172, "estimates": [{"period": "0q", "growth": 0.549}, {"period": "+1q", "growth": 0.431}, {"period": "0y", "growth": 0.305}, {"period": "+1y", "growth": 0.109}, {"period": "+5y", "growth": 0.120865}, {"period": "-5y"}]}, "industryTrend": {"maxAge": 1, "symbol": null, "estimates": []}, "insiderTransactions": {"transactions": [{"maxAge": 1, "shares": 1000, "filerUrl": "", "transactionText": "", "filerName": "Poddar (Kiran)", "filerRelation": "Promoter", "moneyText": "", "startDate": "2020-03-26", "ownership": "D"}, {"maxAge": 1, "shares": 1235, "filerUrl": "", "transactionText": "", "filerName": "Poddar (Kiran)", "filerRelation": "Promoter", "moneyText": "", "startDate": "2020-03-25", "ownership": "D"}, {"maxAge": 1, "shares": 2822, "filerUrl": "", "transactionText": "", "filerName": "Bagaria (Dolly)", "filerRelation": "Promoter", "moneyText": "", "startDate": "2020-03-24", "ownership": "D"}, {"maxAge": 1, "shares": 8000, "filerUrl": "", "transactionText": "", "filerName": "Poddar (Kiran)", "filerRelation": "Promoter", "moneyText": "", "startDate": "2020-03-24", "ownership": "D"}, {"maxAge": 1, "shares": 5000, "filerUrl": "", "transactionText": "", "filerName": "Poddar (Kiran)", "filerRelation": "Promoter", "moneyText": "", "startDate": "2020-03-23", "ownership": "D"}, {"maxAge": 1, "shares": 2734, "filerUrl": "", "transactionText": "", "filerName": "Poddar (Kiran)", "filerRelation": "Promoter", "moneyText": "", "startDate": "2020-03-20", "ownership": "D"}, {"maxAge": 1, "shares": 3748, "filerUrl": "", "transactionText": "", "filerName": "Poddar (Kiran)", "filerRelation": "Promoter", "moneyText": "", "startDate": "2020-03-19", "ownership": "D"}, {"maxAge": 1, "shares": 6915, "filerUrl": "", "transactionText": "", "filerName": "Poddar (Kiran)", "filerRelation": "Promoter", "moneyText": "", "startDate": "2020-03-18", "ownership": "D"}, {"maxAge": 1, "shares": 5000, "filerUrl": "", "transactionText": "", "filerName": "Poddar (Kiran)", "filerRelation": "Promoter", "moneyText": "", "startDate": "2020-03-17", "ownership": "D"}, {"maxAge": 1, "shares": 10000, "filerUrl": "", "transactionText": "", "filerName": "Poddar (Kiran)", "filerRelation": "Promoter", "moneyText": "", "startDate": "2020-03-16", "ownership": "D"}, {"maxAge": 1, "shares": 2000, "filerUrl": "", "transactionText": "", "filerName": "Poddar (Kiran)", "filerRelation": "Promoter", "moneyText": "", "startDate": "2019-12-20", "ownership": "D"}, {"maxAge": 1, "shares": 2000, "filerUrl": "", "transactionText": "", "filerName": "Poddar (Kiran)", "filerRelation": "Promoter", "moneyText": "", "startDate": "2019-12-19", "ownership": "D"}, {"maxAge": 1, "shares": 300, "filerUrl": "", "transactionText": "", "filerName": "Poddar (Kiran)", "filerRelation": "Promoter", "moneyText": "", "startDate": "2019-12-11", "ownership": "D"}, {"maxAge": 1, "shares": 1431, "filerUrl": "", "transactionText": "", "filerName": "Poddar (Kiran)", "filerRelation": "Promoter", "moneyText": "", "startDate": "2019-12-10", "ownership": "D"}, {"maxAge": 1, "shares": 1051, "filerUrl": "", "transactionText": "", "filerName": "Poddar (Kiran)", "filerRelation": "Promoter", "moneyText": "", "startDate": "2019-12-06", "ownership": "D"}, {"maxAge": 1, "shares": 2000, "filerUrl": "", "transactionText": "", "filerName": "Poddar (Kiran)", "filerRelation": "Promoter", "moneyText": "", "startDate": "2019-11-26", "ownership": "D"}, {"maxAge": 1, "shares": 1000, "filerUrl": "", "transactionText": "", "filerName": "Poddar (Kiran)", "filerRelation": "Promoter", "moneyText": "", "startDate": "2019-09-20", "ownership": "D"}, {"maxAge": 1, "shares": 1500, "filerUrl": "", "transactionText": "", "filerName": "Poddar (Kiran)", "filerRelation": "Promoter", "moneyText": "", "startDate": "2019-09-19", "ownership": "D"}, {"maxAge": 1, "shares": 1000, "filerUrl": "", "transactionText": "", "filerName": "Poddar (Kiran)", "filerRelation": "Promoter", "moneyText": "", "startDate": "2019-09-18", "ownership": "D"}, {"maxAge": 1, "shares": 258, "filerUrl": "", "transactionText": "", "filerName": "Poddar (Kiran)", "filerRelation": "Promoter", "moneyText": "", "startDate": "2019-09-16", "ownership": "D"}, {"maxAge": 1, "shares": 1000, "filerUrl": "", "transactionText": "", "filerName": "Poddar (Kiran)", "filerRelation": "Promoter", "moneyText": "", "startDate": "2019-09-13", "ownership": "D"}, {"maxAge": 1, "shares": 1000, "filerUrl": "", "transactionText": "", "filerName": "Poddar (Kiran)", "filerRelation": "Promoter", "moneyText": "", "startDate": "2019-09-12", "ownership": "D"}, {"maxAge": 1, "shares": 1000, "filerUrl": "", "transactionText": "", "filerName": "Poddar (Kiran)", "filerRelation": "Promoter", "moneyText": "", "startDate": "2019-09-11", "ownership": "D"}, {"maxAge": 1, "shares": 500, "filerUrl": "", "transactionText": "", "filerName": "Poddar (Kiran)", "filerRelation": "Promoter", "moneyText": "", "startDate": "2019-09-09", "ownership": "D"}, {"maxAge": 1, "shares": 1500, "filerUrl": "", "transactionText": "", "filerName": "Poddar (Kiran)", "filerRelation": "Promoter", "moneyText": "", "startDate": "2019-09-06", "ownership": "D"}, {"maxAge": 1, "shares": 500, "filerUrl": "", "transactionText": "", "filerName": "Poddar (Kiran)", "filerRelation": "Promoter", "moneyText": "", "startDate": "2019-09-05", "ownership": "D"}, {"maxAge": 1, "shares": 500, "filerUrl": "", "transactionText": "", "filerName": "Poddar (Kiran)", "filerRelation": "Promoter", "moneyText": "", "startDate": "2019-09-04", "ownership": "D"}, {"maxAge": 1, "shares": 500, "filerUrl": "", "transactionText": "", "filerName": "Poddar (Kiran)", "filerRelation": "Promoter", "moneyText": "", "startDate": "2019-09-03", "ownership": "D"}, {"maxAge": 1, "shares": 100, "filerUrl": "", "transactionText": "", "filerName": "Poddar (Kiran)", "filerRelation": "Promoter", "moneyText": "", "startDate": "2019-08-29", "ownership": "D"}, {"maxAge": 1, "shares": 1065, "filerUrl": "", "transactionText": "", "filerName": "Poddar (Kiran)", "filerRelation": "Promoter", "moneyText": "", "startDate": "2019-08-28", "ownership": "D"}, {"maxAge": 1, "shares": 1000, "filerUrl": "", "transactionText": "", "filerName": "Poddar (Kiran)", "filerRelation": "Promoter", "moneyText": "", "startDate": "2019-08-27", "ownership": "D"}, {"maxAge": 1, "shares": 500, "filerUrl": "", "transactionText": "", "filerName": "Poddar (Kiran)", "filerRelation": "Promoter", "moneyText": "", "startDate": "2019-08-23", "ownership": "D"}, {"maxAge": 1, "shares": 2000, "filerUrl": "", "transactionText": "", "filerName": "Poddar (Kiran)", "filerRelation": "Promoter", "moneyText": "", "startDate": "2019-08-22", "ownership": "D"}, {"maxAge": 1, "shares": 1328, "filerUrl": "", "transactionText": "", "filerName": "Poddar (Kiran)", "filerRelation": "Promoter", "moneyText": "", "startDate": "2019-08-21", "ownership": "D"}, {"maxAge": 1, "shares": 9077, "filerUrl": "", "transactionText": "", "filerName": "Poddar (Kiran)", "filerRelation": "Promoter", "moneyText": "", "startDate": "2019-08-20", "ownership": "D"}, {"maxAge": 1, "shares": 5000, "filerUrl": "", "transactionText": "", "filerName": "Poddar (Kiran)", "filerRelation": "Promoter", "moneyText": "", "startDate": "2019-08-19", "ownership": "D"}, {"maxAge": 1, "shares": 4277, "filerUrl": "", "transactionText": "", "filerName": "Poddar (Kiran)", "filerRelation": "Promoter", "moneyText": "", "startDate": "2019-08-19", "ownership": "D"}, {"maxAge": 1, "shares": 500, "filerUrl": "", "transactionText": "", "filerName": "Poddar (Kiran)", "filerRelation": "Promoter", "moneyText": "", "startDate": "2019-06-28", "ownership": "D"}, {"maxAge": 1, "shares": 500, "filerUrl": "", "transactionText": "", "filerName": "Poddar (Kiran)", "filerRelation": "Promoter", "moneyText": "", "startDate": "2019-06-26", "ownership": "D"}, {"maxAge": 1, "shares": 500, "filerUrl": "", "transactionText": "", "filerName": "Poddar (Kiran)", "filerRelation": "Promoter", "moneyText": "", "startDate": "2019-06-25", "ownership": "D"}, {"maxAge": 1, "shares": 1000, "filerUrl": "", "transactionText": "", "filerName": "Poddar (Kiran)", "filerRelation": "Promoter", "moneyText": "", "startDate": "2019-06-24", "ownership": "D"}, {"maxAge": 1, "shares": 500, "filerUrl": "", "transactionText": "", "filerName": "Poddar (Kiran)", "filerRelation": "Promoter", "moneyText": "", "startDate": "2018-10-31", "ownership": "D"}, {"maxAge": 1, "shares": 300, "filerUrl": "", "transactionText": "", "filerName": "Poddar (Kiran)", "filerRelation": "Promoter", "moneyText": "", "startDate": "2018-10-30", "ownership": "D"}, {"maxAge": 1, "shares": 200, "filerUrl": "", "transactionText": "", "filerName": "Poddar (Kiran)", "filerRelation": "Promoter", "moneyText": "", "startDate": "2018-10-25", "ownership": "D"}, {"maxAge": 1, "shares": 200, "filerUrl": "", "transactionText": "", "filerName": "Poddar (Kiran)", "filerRelation": "Promoter", "moneyText": "", "startDate": "2018-10-24", "ownership": "D"}, {"maxAge": 1, "shares": 300, "filerUrl": "", "transactionText": "", "filerName": "Poddar (Kiran)", "filerRelation": "Promoter", "moneyText": "", "startDate": "2018-10-23", "ownership": "D"}, {"maxAge": 1, "shares": 150, "filerUrl": "", "transactionText": "", "filerName": "Poddar (Kiran)", "filerRelation": "Promoter", "moneyText": "", "startDate": "2018-10-22", "ownership": "D"}], "maxAge": 1}, "quoteType": {"exchange": "BSE", "quoteType": "EQUITY", "symbol": "MAYURUNIQ.BO", "underlyingSymbol": "MAYURUNIQ.BO", "shortName": "MAYUR UNIQUOTERS LTD.", "longName": "Mayur Uniquoters Limited", "firstTradeDateEpochUtc": "2002-01-28 09:15:00", "timeZoneFullName": "Asia/Kolkata", "timeZoneShortName": "IST", "uuid": "45a660b3-b280-382c-9e88-3ed837d835b4", "messageBoardId": null, "gmtOffSetMilliseconds": 19800000, "maxAge": 1}, "incomeStatementHistory": {"incomeStatementHistory": [{"maxAge": 1, "endDate": "2020-03-31", "totalRevenue": 5280029000, "costOfRevenue": 3109168000, "grossProfit": 2170861000, "researchDevelopment": {}, "sellingGeneralAdministrative": 373419000, "nonRecurring": {}, "otherOperatingExpenses": 751360000, "totalOperatingExpenses": 4425004000, "operatingIncome": 855025000, "totalOtherIncomeExpenseNet": 180526000, "ebit": 855025000, "interestExpense": -12464000, "incomeBeforeTax": 1035551000, "incomeTaxExpense": 237800000, "minorityInterest": {}, "netIncomeFromContinuingOps": 797751000, "discontinuedOperations": {}, "extraordinaryItems": {}, "effectOfAccountingCharges": {}, "otherItems": {}, "netIncome": 797751000, "netIncomeApplicableToCommonShares": 797751000}, {"maxAge": 1, "endDate": "2019-03-31", "totalRevenue": 5912600000, "costOfRevenue": 3618007000, "grossProfit": 2294593000, "researchDevelopment": {}, "sellingGeneralAdministrative": 321989000, "nonRecurring": {}, "otherOperatingExpenses": 677783000, "totalOperatingExpenses": 4798777000, "operatingIncome": 1113823000, "totalOtherIncomeExpenseNet": 207145000, "ebit": 1113823000, "interestExpense": -3459000, "incomeBeforeTax": 1320968000, "incomeTaxExpense": 425091000, "minorityInterest": {}, "netIncomeFromContinuingOps": 895877000, "discontinuedOperations": {}, "extraordinaryItems": {}, "effectOfAccountingCharges": {}, "otherItems": {}, "netIncome": 895877000, "netIncomeApplicableToCommonShares": 895877000}, {"maxAge": 1, "endDate": "2018-03-31", "totalRevenue": 5699728000, "costOfRevenue": 3243624000, "grossProfit": 2456104000, "researchDevelopment": {}, "sellingGeneralAdministrative": 302815000, "nonRecurring": {}, "otherOperatingExpenses": 648846000, "totalOperatingExpenses": 4370569000, "operatingIncome": 1329159000, "totalOtherIncomeExpenseNet": 120148000, "ebit": 1329159000, "interestExpense": -8544000, "incomeBeforeTax": 1449307000, "incomeTaxExpense": 480120000, "minorityInterest": {}, "netIncomeFromContinuingOps": 969187000, "discontinuedOperations": {}, "extraordinaryItems": {}, "effectOfAccountingCharges": {}, "otherItems": {}, "netIncome": 969187000, "netIncomeApplicableToCommonShares": 969187000}, {"maxAge": 1, "endDate": "2017-03-31", "totalRevenue": 4735072000, "costOfRevenue": 2608203000, "grossProfit": 2126869000, "researchDevelopment": {}, "sellingGeneralAdministrative": 287386000, "nonRecurring": {}, "otherOperatingExpenses": 576304000, "totalOperatingExpenses": 3638872000, "operatingIncome": 1096200000, "totalOtherIncomeExpenseNet": 99859000, "ebit": 1096200000, "interestExpense": -6841000, "incomeBeforeTax": 1196059000, "incomeTaxExpense": 380969000, "minorityInterest": {}, "netIncomeFromContinuingOps": 815090000, "discontinuedOperations": {}, "extraordinaryItems": {}, "effectOfAccountingCharges": {}, "otherItems": {}, "netIncome": 815090000, "netIncomeApplicableToCommonShares": 815090000}], "maxAge": 86400}, "fundOwnership": {"maxAge": 1, "ownershipList": [{"maxAge": 1, "reportDate": "2020-07-31", "organization": "DFA Emerging Markets Core Equity Portfolio", "pctHeld": 0.0028, "position": 125960, "value": 27446684}, {"maxAge": 1, "reportDate": "2020-07-31", "organization": "DFA Emerging Markets Small Cap Series", "pctHeld": 0.0021, "position": 95841, "value": 20883753}, {"maxAge": 1, "reportDate": "2020-07-31", "organization": "DFA Investment Dimensions-World Ex U.S. Core Equity Port", "pctHeld": 0.0002, "position": 8640, "value": 1882656}, {"maxAge": 1, "reportDate": "2020-07-31", "organization": "DFA Investment Dimensions-Emerging Markets Social Core Equity", "pctHeld": 0.0002, "position": 7210, "value": 1571059}, {"maxAge": 1, "reportDate": "2020-07-31", "organization": "DFA T.A. World Ex U.S. Core Equity Portfolio", "pctHeld": 0.0001, "position": 5050, "value": 1100395}, {"maxAge": 1, "reportDate": "2020-07-31", "organization": "John Hancock Fds II-Emerging Markets Fund", "pctHeld": 0.0001, "position": 4014, "value": 874650}]}, "summaryDetail": {"maxAge": 1, "priceHint": 2, "previousClose": 448.35, "open": 446.45, "dayLow": 435.55, "dayHigh": 455.95, "regularMarketPreviousClose": 448.35, "regularMarketOpen": 446.45, "regularMarketDayLow": 435.55, "regularMarketDayHigh": 455.95, "trailingPE": 28.381454, "forwardPE": 17.785248, "volume": 19248, "regularMarketVolume": 19248, "averageVolume": 16795, "averageVolume10days": 51540, "averageDailyVolume10Day": 51540, "bid": 436.1, "ask": 0.0, "bidSize": 0, "askSize": 0, "marketCap": 19783231488, "fiftyTwoWeekLow": 118.2, "fiftyTwoWeekHigh": 455.95, "fiftyDayAverage": 307.06912, "twoHundredDayAverage": 275.29117, "trailingAnnualDividendRate": 3.5, "trailingAnnualDividendYield": 0.0078064012, "currency": "INR", "fromCurrency": null, "toCurrency": null, "lastMarket": null, "algorithm": null, "tradeable": false}, "sectorTrend": {"maxAge": 1, "symbol": null, "estimates": []}, "incomeStatementHistoryQuarterly": {"incomeStatementHistory": [{"maxAge": 1, "endDate": "2020-06-30", "totalRevenue": 389070000, "costOfRevenue": 220040000, "grossProfit": 169030000, "researchDevelopment": {}, "sellingGeneralAdministrative": 80469000, "nonRecurring": {}, "otherOperatingExpenses": 102611000, "totalOperatingExpenses": 437060000, "operatingIncome": -47990000, "totalOtherIncomeExpenseNet": 50301000, "ebit": -47990000, "interestExpense": -5008000, "incomeBeforeTax": 2311000, "incomeTaxExpense": 1383000, "minorityInterest": {}, "netIncomeFromContinuingOps": 928000, "discontinuedOperations": {}, "extraordinaryItems": {}, "effectOfAccountingCharges": {}, "otherItems": {}, "netIncome": 928000, "netIncomeApplicableToCommonShares": 928000}, {"maxAge": 1, "endDate": "2020-03-31", "totalRevenue": 1311105000, "costOfRevenue": 709380000, "grossProfit": 601725000, "researchDevelopment": {}, "sellingGeneralAdministrative": 129634000, "nonRecurring": {}, "otherOperatingExpenses": 139415000, "totalOperatingExpenses": 1035432000, "operatingIncome": 275673000, "totalOtherIncomeExpenseNet": 52396000, "ebit": 275673000, "interestExpense": -3637000, "incomeBeforeTax": 328069000, "incomeTaxExpense": 79786000, "minorityInterest": {}, "netIncomeFromContinuingOps": 248283000, "discontinuedOperations": {}, "extraordinaryItems": {}, "effectOfAccountingCharges": {}, "otherItems": {}, "netIncome": 248283000, "netIncomeApplicableToCommonShares": 248283000}, {"maxAge": 1, "endDate": "2019-12-31", "totalRevenue": 1386152000, "costOfRevenue": 781527000, "grossProfit": 604625000, "researchDevelopment": {}, "sellingGeneralAdministrative": 80610000, "nonRecurring": {}, "otherOperatingExpenses": 213759000, "totalOperatingExpenses": 1122429000, "operatingIncome": 263723000, "totalOtherIncomeExpenseNet": 42904000, "ebit": 263723000, "interestExpense": -5039000, "incomeBeforeTax": 306627000, "incomeTaxExpense": 73716000, "minorityInterest": {}, "netIncomeFromContinuingOps": 232911000, "discontinuedOperations": {}, "extraordinaryItems": {}, "effectOfAccountingCharges": {}, "otherItems": {}, "netIncome": 232911000, "netIncomeApplicableToCommonShares": 232911000}, {"maxAge": 1, "endDate": "2019-09-30", "totalRevenue": 1309225000, "costOfRevenue": 796150000, "grossProfit": 513075000, "researchDevelopment": {}, "sellingGeneralAdministrative": 78678000, "nonRecurring": {}, "otherOperatingExpenses": 205400000, "totalOperatingExpenses": 1124553000, "operatingIncome": 184672000, "totalOtherIncomeExpenseNet": 50703000, "ebit": 184672000, "interestExpense": -1667000, "incomeBeforeTax": 235375000, "incomeTaxExpense": 16223000, "minorityInterest": {}, "netIncomeFromContinuingOps": 219152000, "discontinuedOperations": {}, "extraordinaryItems": {}, "effectOfAccountingCharges": {}, "otherItems": {}, "netIncome": 219152000, "netIncomeApplicableToCommonShares": 219152000}], "maxAge": 86400}, "cashflowStatementHistoryQuarterly": {"cashflowStatements": [{"maxAge": 1, "endDate": "2020-06-30", "netIncome": 928000, "changeToLiabilities": 0}, {"maxAge": 1, "endDate": "2020-03-31", "netIncome": 248283000, "changeToLiabilities": 0}, {"maxAge": 1, "endDate": "2019-12-31", "netIncome": 232911000, "changeToLiabilities": 0}, {"maxAge": 1, "endDate": "2019-09-30", "netIncome": 219152000, "changeToLiabilities": 0}], "maxAge": 86400}, "insiderHolders": {"holders": [{"maxAge": 1, "name": "Bagaria (Dolly)", "relation": "Promoter", "url": "", "transactionDescription": "Acquisition", "latestTransDate": "2020-03-24", "positionDirect": 387822, "positionDirectDate": "2020-03-24"}, {"maxAge": 1, "name": "Poddar (Kiran)", "relation": "Promoter", "url": "", "transactionDescription": "Acquisition", "latestTransDate": "2020-03-26", "positionDirect": 654243, "positionDirectDate": "2020-03-26"}], "maxAge": 1}, "earnings": {"maxAge": 86400, "earningsChart": {"quarterly": [{"date": "4Q2017", "actual": 4.75, "estimate": 4.52}, {"date": "1Q2018", "actual": 5.3, "estimate": 4.66}, {"date": "2Q2018", "actual": 5.65, "estimate": 5.76}, {"date": "3Q2018", "actual": 4.42, "estimate": 5.52}], "currentQuarterEstimateDate": "4Q", "currentQuarterEstimateYear": 2018, "earningsDate": []}, "financialsChart": {"yearly": [{"date": 2017, "revenue": 4735072000, "earnings": 815090000}, {"date": 2018, "revenue": 5699728000, "earnings": 969187000}, {"date": 2019, "revenue": 5912600000, "earnings": 895877000}, {"date": 2020, "revenue": 5280029000, "earnings": 797751000}], "quarterly": [{"date": "3Q2019", "revenue": 1309225000, "earnings": 219152000}, {"date": "4Q2019", "revenue": 1386152000, "earnings": 232911000}, {"date": "1Q2020", "revenue": 1311105000, "earnings": 248283000}, {"date": "2Q2020", "revenue": 389070000, "earnings": 928000}]}, "financialCurrency": "INR"}, "calendarEvents": {"maxAge": 1, "earnings": {"earningsDate": [], "revenueAverage": 1583000000, "revenueLow": 1583000000, "revenueHigh": 1583000000}}, "price": {"maxAge": 1, "regularMarketChangePercent": -0.02654175, "regularMarketChange": -11.899994, "regularMarketTime": "2021-04-30 15:43:49", "priceHint": 2, "regularMarketPrice": 436.45, "regularMarketDayHigh": 455.95, "regularMarketDayLow": 435.55, "regularMarketVolume": 19248, "averageDailyVolume10Day": 51540, "averageDailyVolume3Month": 16795, "regularMarketPreviousClose": 448.35, "regularMarketSource": "FREE_REALTIME", "regularMarketOpen": 446.45, "exchange": "BSE", "exchangeName": "BSE", "exchangeDataDelayedBy": 0, "marketState": "CLOSED", "quoteType": "EQUITY", "symbol": "MAYURUNIQ.BO", "underlyingSymbol": null, "shortName": "MAYUR UNIQUOTERS LTD.", "longName": "Mayur Uniquoters Limited", "currency": "INR", "quoteSourceName": "Delayed Quote", "currencySymbol": "\u20b9", "fromCurrency": null, "toCurrency": null, "lastMarket": null, "marketCap": 19783231488}, "balanceSheetHistory": {"balanceSheetStatements": [{"maxAge": 1, "endDate": "2020-03-31", "cash": 226335000, "shortTermInvestments": 1706026000, "netReceivables": 1032712000, "inventory": 1351122000, "otherCurrentAssets": 240091000, "totalCurrentAssets": 4570520000, "longTermInvestments": 279644000, "propertyPlantEquipment": 2001797000, "goodWill": 35964000, "intangibleAssets": 3390000, "otherAssets": 68458000, "deferredLongTermAssetCharges": 12604000, "totalAssets": 6959773000, "accountsPayable": 610279000, "shortLongTermDebt": 64077000, "otherCurrentLiab": 169718000, "longTermDebt": 161450000, "otherLiab": 10664000, "totalCurrentLiabilities": 998172000, "totalLiab": 1186112000, "commonStock": 226638000, "retainedEarnings": 5443316000, "treasuryStock": -83928000, "capitalSurplus": 187635000, "otherStockholderEquity": -83928000, "totalStockholderEquity": 5773661000, "netTangibleAssets": 5734307000}, {"maxAge": 1, "endDate": "2019-03-31", "cash": 138488000, "shortTermInvestments": 1735085000, "netReceivables": 948076000, "inventory": 1229144000, "otherCurrentAssets": 183507000, "totalCurrentAssets": 4253414000, "longTermInvestments": 163805000, "propertyPlantEquipment": 1635002000, "goodWill": 34361000, "intangibleAssets": 3588000, "otherAssets": 110051000, "totalAssets": 6200221000, "accountsPayable": 591734000, "shortLongTermDebt": 23544000, "otherCurrentLiab": 128238000, "longTermDebt": 116620000, "otherLiab": 38174000, "totalCurrentLiabilities": 850755000, "totalLiab": 1020522000, "commonStock": 226638000, "retainedEarnings": 4824202000, "treasuryStock": -58776000, "capitalSurplus": 187635000, "otherStockholderEquity": -58776000, "totalStockholderEquity": 5179699000, "netTangibleAssets": 5141750000}, {"maxAge": 1, "endDate": "2018-03-31", "cash": 221015000, "shortTermInvestments": 1579254000, "netReceivables": 1085762000, "inventory": 964555000, "otherCurrentAssets": 71028000, "totalCurrentAssets": 3931383000, "longTermInvestments": 11928000, "propertyPlantEquipment": 1332139000, "intangibleAssets": 8808000, "otherAssets": 40304000, "totalAssets": 5324562000, "accountsPayable": 610237000, "shortLongTermDebt": 38296000, "otherCurrentLiab": 66244000, "longTermDebt": 2965000, "otherLiab": 54240000, "totalCurrentLiabilities": 755045000, "totalLiab": 828075000, "commonStock": 226638000, "retainedEarnings": 4106718000, "treasuryStock": -24504000, "capitalSurplus": 187635000, "otherStockholderEquity": -24504000, "totalStockholderEquity": 4496487000, "netTangibleAssets": 4487679000}, {"maxAge": 1, "endDate": "2017-03-31", "cash": 148790000, "shortTermInvestments": 1266859000, "netReceivables": 1007967000, "inventory": 834812000, "otherCurrentAssets": 77505000, "totalCurrentAssets": 3345352000, "longTermInvestments": 11884000, "propertyPlantEquipment": 1307235000, "intangibleAssets": 14262000, "otherAssets": 59964000, "totalAssets": 4738697000, "accountsPayable": 588059000, "shortLongTermDebt": 53091000, "otherCurrentLiab": 63719000, "longTermDebt": 39310000, "otherLiab": 51401000, "totalCurrentLiabilities": 780216000, "totalLiab": 870927000, "commonStock": 228888000, "retainedEarnings": 3216996000, "treasuryStock": -13249000, "capitalSurplus": 435135000, "otherStockholderEquity": -13249000, "totalStockholderEquity": 3867770000, "netTangibleAssets": 3853508000}], "maxAge": 86400}, "earningsTrend": {"trend": [{"maxAge": 1, "period": "0q", "endDate": "2018-12-31", "growth": {}, "earningsEstimate": {"avg": 0.0, "low": 0.0, "high": 0.0, "yearAgoEps": 4.75, "numberOfAnalysts": 0, "growth": {}}, "revenueEstimate": {"avg": 1583000000, "low": 1583000000, "high": 1583000000, "numberOfAnalysts": 1, "yearAgoRevenue": 1379870000, "growth": 0.147}, "epsTrend": {"current": 0.0, "7daysAgo": 5.43, "30daysAgo": 5.43, "60daysAgo": 5.43, "90daysAgo": 5.43}, "epsRevisions": {"upLast7days": 0, "upLast30days": 0, "downLast30days": 0, "downLast90days": {}}}, {"maxAge": 1, "period": "+1q", "endDate": "2019-03-31", "growth": {}, "earningsEstimate": {"avg": 0.0, "low": 0.0, "high": 0.0, "yearAgoEps": 5.3, "numberOfAnalysts": 0, "growth": {}}, "revenueEstimate": {"avg": 1514000000, "low": 1514000000, "high": 1514000000, "numberOfAnalysts": 1, "yearAgoRevenue": 1355390000, "growth": 0.117}, "epsTrend": {"current": 0.0, "7daysAgo": 4.67, "30daysAgo": 4.67, "60daysAgo": 4.67, "90daysAgo": 4.67}, "epsRevisions": {"upLast7days": 0, "upLast30days": 0, "downLast30days": 0, "downLast90days": {}}}, {"maxAge": 1, "period": "0y", "endDate": "2019-03-31", "growth": {}, "earningsEstimate": {"avg": 0.0, "low": 0.0, "high": 0.0, "yearAgoEps": {}, "numberOfAnalysts": 0, "growth": {}}, "revenueEstimate": {"avg": 5985490000, "low": 5885000000, "high": 6096000000, "numberOfAnalysts": 4, "yearAgoRevenue": 5522180000, "growth": 0.084}, "epsTrend": {"current": 0.0, "7daysAgo": 21.15, "30daysAgo": 21.15, "60daysAgo": 21.15, "90daysAgo": 21.15}, "epsRevisions": {"upLast7days": 0, "upLast30days": 0, "downLast30days": 0, "downLast90days": {}}}, {"maxAge": 1, "period": "+1y", "endDate": "2020-03-31", "growth": {}, "earningsEstimate": {"avg": 0.0, "low": 0.0, "high": 0.0, "yearAgoEps": {}, "numberOfAnalysts": 0, "growth": {}}, "revenueEstimate": {"avg": 7064920000, "low": 6512690000, "high": 7486000000, "numberOfAnalysts": 4, "yearAgoRevenue": 5985490000, "growth": 0.18}, "epsTrend": {"current": 0.0, "7daysAgo": 24.54, "30daysAgo": 24.54, "60daysAgo": 24.54, "90daysAgo": 24.54}, "epsRevisions": {"upLast7days": 0, "upLast30days": 0, "downLast30days": 0, "downLast90days": {}}}, {"maxAge": 1, "period": "+5y", "endDate": null, "growth": 2.8615, "earningsEstimate": {"avg": {}, "low": {}, "high": {}, "yearAgoEps": {}, "numberOfAnalysts": {}, "growth": {}}, "revenueEstimate": {"avg": {}, "low": {}, "high": {}, "numberOfAnalysts": {}, "yearAgoRevenue": {}, "growth": {}}, "epsTrend": {"current": {}, "7daysAgo": {}, "30daysAgo": {}, "60daysAgo": {}, "90daysAgo": {}}, "epsRevisions": {"upLast7days": {}, "upLast30days": {}, "downLast30days": {}, "downLast90days": {}}}, {"maxAge": 1, "period": "-5y", "endDate": null, "growth": {}, "earningsEstimate": {"avg": {}, "low": {}, "high": {}, "yearAgoEps": {}, "numberOfAnalysts": {}, "growth": {}}, "revenueEstimate": {"avg": {}, "low": {}, "high": {}, "numberOfAnalysts": {}, "yearAgoRevenue": {}, "growth": {}}, "epsTrend": {"current": {}, "7daysAgo": {}, "30daysAgo": {}, "60daysAgo": {}, "90daysAgo": {}}, "epsRevisions": {"upLast7days": {}, "upLast30days": {}, "downLast30days": {}, "downLast90days": {}}}], "maxAge": 1}, "financialData": {"maxAge": 86400, "currentPrice": 436.45, "targetHighPrice": 576.0, "targetLowPrice": 437.0, "targetMeanPrice": 527.33, "targetMedianPrice": 555.5, "recommendationKey": "none", "numberOfAnalystOpinions": 6, "grossProfits": 2170861000, "financialCurrency": "INR"}}}