{"MAYUKH.BO": {"cashflowStatementHistory": {"cashflowStatements": [{"maxAge": 1, "endDate": "2020-03-31", "netIncome": -81000, "depreciation": 67000, "changeToNetincome": -6000, "changeToAccountReceivables": -887000, "changeToLiabilities": 3153000, "changeToInventory": -2628000, "changeToOperatingActivities": 20000, "totalCashFromOperatingActivities": -362000, "capitalExpenditures": -247000, "totalCashflowsFromInvestingActivities": -247000, "otherCashflowsFromFinancingActivities": -379000, "totalCashFromFinancingActivities": -379000, "changeInCash": -988000}, {"maxAge": 1, "endDate": "2019-03-31", "netIncome": -645160, "depreciation": 6710, "changeToNetincome": -153640, "changeToAccountReceivables": 15070320, "changeToLiabilities": -229000, "changeToInventory": -2628000, "changeToOperatingActivities": -13945450, "totalCashFromOperatingActivities": 103780, "capitalExpenditures": -168820, "totalCashflowsFromInvestingActivities": -168820, "otherCashflowsFromFinancingActivities": -23700, "totalCashFromFinancingActivities": -23700, "changeInCash": -88740}, {"maxAge": 1, "endDate": "2018-03-31", "netIncome": 447040, "depreciation": 6710, "changeToNetincome": -134820, "changeToAccountReceivables": -15079220, "changeToLiabilities": 229000, "changeToInventory": -2628000, "changeToOperatingActivities": 740030, "totalCashFromOperatingActivities": -13797970, "capitalExpenditures": -168820, "investments": 7465320, "totalCashflowsFromInvestingActivities": 7465320, "otherCashflowsFromFinancingActivities": 2588740, "totalCashFromFinancingActivities": 2588740, "changeInCash": -3743910}, {"maxAge": 1, "endDate": "2017-03-31", "netIncome": 50700, "depreciation": 6710, "changeToNetincome": -1114960, "changeToAccountReceivables": 5526800, "changeToLiabilities": -229900, "changeToInventory": 2852470, "changeToOperatingActivities": -29790, "totalCashFromOperatingActivities": 7055320, "capitalExpenditures": -168820, "investments": -450000, "totalCashflowsFromInvestingActivities": -450000, "otherCashflowsFromFinancingActivities": -2217960, "totalCashFromFinancingActivities": -2217960, "changeInCash": 4387360}], "maxAge": 86400}, "institutionOwnership": {"ownershipList": [], "maxAge": 1}, "balanceSheetHistoryQuarterly": {"balanceSheetStatements": [{"maxAge": 1, "endDate": "2020-06-30", "totalStockholderEquity": 31894000, "netTangibleAssets": 31894000}, {"maxAge": 1, "endDate": "2020-03-31", "cash": 269000, "netReceivables": 32953000, "inventory": 2628000, "otherCurrentAssets": -1000, "totalCurrentAssets": 35849000, "otherAssets": 343000, "deferredLongTermAssetCharges": 343000, "totalAssets": 36192000, "accountsPayable": 3153000, "otherCurrentLiab": 145000, "totalCurrentLiabilities": 4298000, "totalLiab": 4298000, "commonStock": 32000000, "retainedEarnings": -106000, "totalStockholderEquity": 31894000, "netTangibleAssets": 31894000}, {"maxAge": 1, "endDate": "2019-12-31", "totalStockholderEquity": 32889050, "netTangibleAssets": 32889050}, {"maxAge": 1, "endDate": "2019-09-30", "cash": 1215750, "netReceivables": 32408860, "inventory": 2091370, "totalCurrentAssets": 35715980, "propertyPlantEquipment": 167110, "otherAssets": 720, "deferredLongTermAssetCharges": 720, "totalAssets": 35883810, "accountsPayable": 1071120, "otherCurrentLiab": 408170, "otherLiab": 1515470, "totalCurrentLiabilities": 1479290, "totalLiab": 2994760, "commonStock": 32000000, "treasuryStock": 889050, "otherStockholderEquity": 889050, "totalStockholderEquity": 32889050, "netTangibleAssets": 32889050}], "maxAge": 86400}, "indexTrend": {"maxAge": 1, "symbol": "SP5", "peRatio": 19.7411, "pegRatio": 1.34172, "estimates": [{"period": "0q", "growth": 0.549}, {"period": "+1q", "growth": 0.431}, {"period": "0y", "growth": 0.305}, {"period": "+1y", "growth": 0.109}, {"period": "+5y", "growth": 0.120859005}, {"period": "-5y"}]}, "insiderTransactions": {"transactions": [{"maxAge": 1, "shares": 150000, "filerUrl": "", "transactionText": "", "filerName": "Roshan Dealmark Pvt. Ltd.", "filerRelation": "Promoter", "moneyText": "", "startDate": "2018-03-26", "ownership": "D"}, {"maxAge": 1, "shares": 150000, "filerUrl": "", "transactionText": "", "filerName": "Roshan Dealmark Pvt. Ltd.", "filerRelation": "Promoter", "moneyText": "", "startDate": "2018-03-08", "ownership": "D"}, {"maxAge": 1, "shares": 150000, "filerUrl": "", "transactionText": "", "filerName": "Roshan Dealmark Pvt. Ltd.", "filerRelation": "Promoter", "moneyText": "", "startDate": "2018-02-08", "ownership": "D"}, {"maxAge": 1, "shares": 150000, "filerUrl": "", "transactionText": "", "filerName": "Roshan Dealmark Pvt. Ltd.", "filerRelation": "Promoter", "moneyText": "", "startDate": "2018-02-01", "ownership": "D"}], "maxAge": 1}, "quoteType": {"exchange": "BSE", "quoteType": "EQUITY", "symbol": "MAYUKH.BO", "underlyingSymbol": "MAYUKH.BO", "shortName": "Mayukh Dealtrade Limited", "longName": "Mayukh Dealtrade Limited", "firstTradeDateEpochUtc": "2018-06-21 09:15:00", "timeZoneFullName": "Asia/Kolkata", "timeZoneShortName": "IST", "uuid": "ea67f5d3-40e7-3da6-ab8f-41cc524d6ddf", "gmtOffSetMilliseconds": 19800000, "maxAge": 1}, "incomeStatementHistory": {"incomeStatementHistory": [{"maxAge": 1, "endDate": "2020-03-31", "totalRevenue": 4256000, "costOfRevenue": 1553000, "grossProfit": 2703000, "researchDevelopment": {}, "sellingGeneralAdministrative": 474000, "nonRecurring": {}, "otherOperatingExpenses": 1669000, "totalOperatingExpenses": 3763000, "operatingIncome": 493000, "totalOtherIncomeExpenseNet": -574000, "ebit": 493000, "interestExpense": -579000, "incomeBeforeTax": -81000, "incomeTaxExpense": 0, "minorityInterest": {}, "netIncomeFromContinuingOps": -81000, "discontinuedOperations": {}, "extraordinaryItems": {}, "effectOfAccountingCharges": {}, "otherItems": {}, "netIncome": -81000, "netIncomeApplicableToCommonShares": -81000}, {"maxAge": 1, "endDate": "2019-03-31", "totalRevenue": 500000, "costOfRevenue": 7500, "grossProfit": 492500, "researchDevelopment": {}, "sellingGeneralAdministrative": 271970, "nonRecurring": {}, "otherOperatingExpenses": 999910, "totalOperatingExpenses": 1286090, "operatingIncome": -786090, "totalOtherIncomeExpenseNet": 152930, "ebit": -786090, "interestExpense": -579000, "incomeBeforeTax": -633160, "incomeTaxExpense": 12000, "minorityInterest": {}, "netIncomeFromContinuingOps": -645160, "discontinuedOperations": {}, "extraordinaryItems": {}, "effectOfAccountingCharges": {}, "otherItems": {}, "netIncome": -645160, "netIncomeApplicableToCommonShares": -645160}, {"maxAge": 1, "endDate": "2018-03-31", "totalRevenue": 14155000, "costOfRevenue": 10805000, "grossProfit": 3350000, "researchDevelopment": {}, "sellingGeneralAdministrative": 786740, "nonRecurring": {}, "otherOperatingExpenses": 2096020, "totalOperatingExpenses": 13687760, "operatingIncome": 467240, "totalOtherIncomeExpenseNet": 134830, "ebit": 467240, "interestExpense": -579000, "incomeBeforeTax": 602070, "incomeTaxExpense": 155030, "minorityInterest": {}, "netIncomeFromContinuingOps": 447040, "discontinuedOperations": {}, "extraordinaryItems": {}, "effectOfAccountingCharges": {}, "otherItems": {}, "netIncome": 447040, "netIncomeApplicableToCommonShares": 447040}, {"maxAge": 1, "endDate": "2017-03-31", "totalRevenue": 7678000, "costOfRevenue": 7586470, "grossProfit": 91530, "researchDevelopment": {}, "sellingGeneralAdministrative": 613070, "nonRecurring": {}, "otherOperatingExpenses": 521130, "totalOperatingExpenses": 8720670, "operatingIncome": -1042670, "totalOtherIncomeExpenseNet": 1114960, "ebit": -1042670, "interestExpense": -579000, "incomeBeforeTax": 72290, "incomeTaxExpense": 21590, "minorityInterest": {}, "netIncomeFromContinuingOps": 50700, "discontinuedOperations": {}, "extraordinaryItems": {}, "effectOfAccountingCharges": {}, "otherItems": {}, "netIncome": 50700, "netIncomeApplicableToCommonShares": 50700}], "maxAge": 86400}, "fundOwnership": {"ownershipList": [], "maxAge": 1}, "summaryDetail": {"maxAge": 1, "priceHint": 2, "previousClose": 28.7, "open": 28.5, "dayLow": 27.5, "dayHigh": 29.0, "regularMarketPreviousClose": 28.7, "regularMarketOpen": 28.5, "regularMarketDayLow": 27.5, "regularMarketDayHigh": 29.0, "volume": 34410, "regularMarketVolume": 34410, "averageVolume": 14766, "averageVolume10days": 18661, "averageDailyVolume10Day": 18661, "bid": 28.0, "ask": 29.0, "bidSize": 0, "askSize": 0, "marketCap": 92800000, "fiftyTwoWeekLow": 8.5, "fiftyTwoWeekHigh": 29.0, "fiftyDayAverage": 14.250303, "twoHundredDayAverage": 11.877647, "currency": "INR", "fromCurrency": null, "lastMarket": null, "algorithm": null, "tradeable": false}, "incomeStatementHistoryQuarterly": {"incomeStatementHistory": [{"maxAge": 1, "endDate": "2020-06-30", "totalRevenue": 973000, "costOfRevenue": 237000, "grossProfit": 736000, "researchDevelopment": {}, "sellingGeneralAdministrative": 290000, "nonRecurring": {}, "otherOperatingExpenses": 334000, "totalOperatingExpenses": 861000, "operatingIncome": 112000, "totalOtherIncomeExpenseNet": 7000, "ebit": 112000, "interestExpense": -2000, "incomeBeforeTax": 119000, "incomeTaxExpense": 31000, "minorityInterest": {}, "netIncomeFromContinuingOps": 88000, "discontinuedOperations": {}, "extraordinaryItems": {}, "effectOfAccountingCharges": {}, "otherItems": {}, "netIncome": 88000, "netIncomeApplicableToCommonShares": 88000}, {"maxAge": 1, "endDate": "2020-03-31", "totalRevenue": 1089000, "costOfRevenue": 951000, "grossProfit": 138000, "researchDevelopment": {}, "sellingGeneralAdministrative": 8000, "nonRecurring": {}, "otherOperatingExpenses": 692000, "totalOperatingExpenses": 1679000, "operatingIncome": -590000, "totalOtherIncomeExpenseNet": -575000, "ebit": -590000, "interestExpense": -579000, "incomeBeforeTax": -1165000, "incomeTaxExpense": -397000, "minorityInterest": {}, "netIncomeFromContinuingOps": -768000, "discontinuedOperations": {}, "extraordinaryItems": {}, "effectOfAccountingCharges": {}, "otherItems": {}, "netIncome": -768000, "netIncomeApplicableToCommonShares": -768000}, {"maxAge": 1, "endDate": "2019-12-31", "totalRevenue": 346000, "costOfRevenue": 86000, "grossProfit": 260000, "researchDevelopment": {}, "sellingGeneralAdministrative": 8000, "nonRecurring": {}, "otherOperatingExpenses": 373000, "totalOperatingExpenses": 498000, "operatingIncome": -152000, "totalOtherIncomeExpenseNet": 1000, "ebit": -152000, "interestExpense": -579000, "incomeBeforeTax": -151000, "incomeTaxExpense": 0, "minorityInterest": {}, "netIncomeFromContinuingOps": -151000, "discontinuedOperations": {}, "extraordinaryItems": {}, "effectOfAccountingCharges": {}, "otherItems": {}, "netIncome": -151000, "netIncomeApplicableToCommonShares": -151000}, {"maxAge": 1, "endDate": "2019-09-30", "totalRevenue": 204600, "costOfRevenue": 0, "grossProfit": 204600, "researchDevelopment": {}, "sellingGeneralAdministrative": 324000, "nonRecurring": {}, "otherOperatingExpenses": 171910, "totalOperatingExpenses": 495910, "operatingIncome": -291310, "totalOtherIncomeExpenseNet": 0, "ebit": -291310, "interestExpense": -579000, "incomeBeforeTax": -291310, "incomeTaxExpense": 0, "minorityInterest": {}, "netIncomeFromContinuingOps": -291310, "discontinuedOperations": {}, "extraordinaryItems": {}, "effectOfAccountingCharges": {}, "otherItems": {}, "netIncome": -291310, "netIncomeApplicableToCommonShares": -291310}], "maxAge": 86400}, "cashflowStatementHistoryQuarterly": {"cashflowStatements": [{"maxAge": 1, "endDate": "2020-06-30", "netIncome": 88000, "changeToLiabilities": 0}, {"maxAge": 1, "endDate": "2020-03-31", "netIncome": -768000, "changeToLiabilities": 0}, {"maxAge": 1, "endDate": "2019-12-31", "netIncome": -151000, "changeToLiabilities": 0}, {"maxAge": 1, "endDate": "2019-09-30", "netIncome": -291310, "changeToLiabilities": 0}], "maxAge": 86400}, "insiderHolders": {"holders": [{"maxAge": 1, "name": "Roshan Dealmark Pvt. Ltd.", "relation": "Promoter", "url": "", "transactionDescription": "Purchase", "latestTransDate": "2018-03-26", "positionDirect": 600000, "positionDirectDate": "2018-03-26"}], "maxAge": 1}, "calendarEvents": {"maxAge": 1, "earnings": {"earningsDate": []}}, "upgradeDowngradeHistory": {"history": [], "maxAge": 86400}, "price": {"maxAge": 1, "regularMarketChangePercent": 0.010452935, "regularMarketChange": 0.29999924, "regularMarketTime": "2021-04-30 15:16:54", "priceHint": 2, "regularMarketPrice": 29.0, "regularMarketDayHigh": 29.0, "regularMarketDayLow": 27.5, "regularMarketVolume": 34410, "averageDailyVolume10Day": 18661, "averageDailyVolume3Month": 14766, "regularMarketPreviousClose": 28.7, "regularMarketSource": "FREE_REALTIME", "regularMarketOpen": 28.5, "exchange": "BSE", "exchangeName": "BSE", "exchangeDataDelayedBy": 0, "marketState": "CLOSED", "quoteType": "EQUITY", "symbol": "MAYUKH.BO", "underlyingSymbol": null, "shortName": "Mayukh Dealtrade Limited", "longName": "Mayukh Dealtrade Limited", "currency": "INR", "quoteSourceName": "Delayed Quote", "currencySymbol": "\u20b9", "fromCurrency": null, "lastMarket": null, "marketCap": 92800000}, "balanceSheetHistory": {"balanceSheetStatements": [{"maxAge": 1, "endDate": "2020-03-31", "cash": 269000, "netReceivables": 32953000, "inventory": 2628000, "otherCurrentAssets": -1000, "totalCurrentAssets": 35849000, "otherAssets": 343000, "deferredLongTermAssetCharges": 343000, "totalAssets": 36192000, "accountsPayable": 3153000, "otherCurrentLiab": 145000, "totalCurrentLiabilities": 4298000, "totalLiab": 4298000, "commonStock": 32000000, "retainedEarnings": -106000, "totalStockholderEquity": 31894000, "netTangibleAssets": 31894000}, {"maxAge": 1, "endDate": "2019-03-31", "cash": 1256700, "netReceivables": 31681130, "totalCurrentAssets": 32937830, "propertyPlantEquipment": 162110, "otherAssets": 710, "deferredLongTermAssetCharges": 720, "totalAssets": 33100650, "otherCurrentLiab": 50000, "totalCurrentLiabilities": 1125000, "totalLiab": 1125000, "commonStock": 32000000, "retainedEarnings": -24350, "totalStockholderEquity": 31975650, "netTangibleAssets": 31975650}, {"maxAge": 1, "endDate": "2018-03-31", "cash": 1345440, "netReceivables": 32296000, "totalCurrentAssets": 33641440, "totalAssets": 33641440, "accountsPayable": 229000, "otherCurrentLiab": 226630, "totalCurrentLiabilities": 1020630, "totalLiab": 1020630, "commonStock": 32000000, "retainedEarnings": 620810, "totalStockholderEquity": 32620810, "netTangibleAssets": 32620810}, {"maxAge": 1, "endDate": "2017-03-31", "cash": 5089350, "netReceivables": 19670700, "totalCurrentAssets": 24760050, "longTermInvestments": 5015320, "otherAssets": 2449990, "totalAssets": 32225360, "otherCurrentLiab": 21590, "totalCurrentLiabilities": 51590, "totalLiab": 51590, "commonStock": 32000000, "retainedEarnings": 173770, "totalStockholderEquity": 32173770, "netTangibleAssets": 32173770}], "maxAge": 86400}, "financialData": {"maxAge": 86400, "currentPrice": 29.0, "recommendationKey": "none", "grossProfits": 2703000, "financialCurrency": "INR"}}}