{"MAZDOCK.NS": {"assetProfile": {"address1": "Dockyard Road", "address2": "Mazagon", "city": "Mumbai", "zip": "400010", "country": "India", "phone": "91 22 2376 2000", "fax": "91 22 2373 8159", "website": "http://www.mazdock.com", "industry": "Aerospace & Defense", "sector": "Industrials", "longBusinessSummary": "Mazagon Dock Shipbuilders Limited engages in building and repairing of ships, submarines, vessels and related engineering products in India and internationally. The company operates through two segments, Shipbuilding and Submarine. It offers naval ships, such as corvettes, nilgiris, missile boats, Godavari class frigates, patrol vessels, destroyers, and lender class frigates; merchant ships, including trailing suction hopper dredgers, general cargo vessels, multipurpose support vessels, offshore supply vessels, special trade passenger cum cargo vessels, 45 T bollard pull voith tugs, and BOP vessels; and submarines. The company was formerly known as Mazagon Dock Limited. Mazagon Dock Shipbuilders Limited was founded in 1774 and is based in Mumbai, India.", "companyOfficers": [{"maxAge": 1, "name": "Commodore Rakesh  Anand", "age": 61, "title": "Chairman & MD", "yearBorn": 1959, "fiscalYear": 2018, "totalPay": 5747000, "exercisedValue": 0, "unexercisedValue": 0}, {"maxAge": 1, "name": "Ms. Vijayalakshmi Kamal Kumar", "title": "Company Sec. & Compliance Officer", "fiscalYear": 2018, "totalPay": 1596000, "exercisedValue": 0, "unexercisedValue": 0}, {"maxAge": 1, "name": "Commodore Thoppil Verghese Thomas", "age": 59, "title": "Director of Corp. Planning & Personnel and Whole Time Director", "yearBorn": 1961, "fiscalYear": 2018, "totalPay": 2384000, "exercisedValue": 0, "unexercisedValue": 0}, {"maxAge": 1, "name": "Captain Rajiv  Lath", "age": 61, "title": "Director of Submarine & Heavy Engineering and Director", "yearBorn": 1959, "fiscalYear": 2018, "totalPay": 5539000, "exercisedValue": 0, "unexercisedValue": 0}, {"maxAge": 1, "name": "Mr. Anil Kumar Saxena", "age": 59, "title": "Director of Shipbuilding & Whole Time Director", "yearBorn": 1961, "fiscalYear": 2018, "totalPay": 130000, "exercisedValue": 0, "unexercisedValue": 0}, {"maxAge": 1, "name": "Mr. Jawahar M. Jangir", "title": "Exec. Director of Indigenisation & Admin", "exercisedValue": 0, "unexercisedValue": 0}, {"maxAge": 1, "name": "Mr. S. S. Pendharkar IDAS", "title": "Chief Vigilance Officer", "exercisedValue": 0, "unexercisedValue": 0}, {"maxAge": 1, "name": "Mr. Bharat  Khera", "title": "Joint Sec. and Part-Time Official Director", "exercisedValue": 0, "unexercisedValue": 0}, {"maxAge": 1, "name": "Commander P. R. Raghunath", "title": "Director of Ship Building", "fiscalYear": 2017, "exercisedValue": 0, "unexercisedValue": 0}], "compensationAsOfEpochDate": "2018-12-31 05:30:00", "maxAge": 86400}, "cashflowStatementHistory": {"cashflowStatements": [{"maxAge": 1, "endDate": "2020-03-31", "netIncome": 4770590000, "depreciation": 694470000, "changeToNetincome": -4777810000, "changeToAccountReceivables": 201760000, "changeToLiabilities": 18721660000, "changeToInventory": -8323890000, "changeToOperatingActivities": -12260190000, "totalCashFromOperatingActivities": -955670000, "capitalExpenditures": -1104910000, "otherCashflowsFromInvestingActivities": 5640540000, "totalCashflowsFromInvestingActivities": 4537400000, "dividendsPaid": -2171600000, "otherCashflowsFromFinancingActivities": -1095310000, "totalCashFromFinancingActivities": -6045750000, "changeInCash": -2464020000, "repurchaseOfStock": -2778840000}, {"maxAge": 1, "endDate": "2019-03-31", "netIncome": 5324740000, "depreciation": 627040000, "changeToNetincome": -6135840000, "changeToAccountReceivables": -3565120000, "changeToLiabilities": 4675790000, "changeToInventory": -43340000, "changeToOperatingActivities": -248660000, "totalCashFromOperatingActivities": 652350000, "capitalExpenditures": -1752130000, "otherCashflowsFromInvestingActivities": 5915430000, "totalCashflowsFromInvestingActivities": 4166030000, "dividendsPaid": -1000000000, "otherCashflowsFromFinancingActivities": -257420000, "totalCashFromFinancingActivities": -1257420000, "changeInCash": 3560960000, "repurchaseOfStock": -2778840000}, {"maxAge": 1, "endDate": "2018-03-31", "netIncome": 4961730000, "depreciation": 509070000, "changeToNetincome": -6375670000, "changeToAccountReceivables": -2977480000, "changeToLiabilities": 14335660000, "changeToInventory": 2426870000, "changeToOperatingActivities": -7989770000, "totalCashFromOperatingActivities": 4907700000, "capitalExpenditures": -1930800000, "otherCashflowsFromInvestingActivities": 5406460000, "totalCashflowsFromInvestingActivities": 3479160000, "dividendsPaid": -2454100000, "otherCashflowsFromFinancingActivities": -1090790000, "totalCashFromFinancingActivities": -6079790000, "changeInCash": 2307070000, "repurchaseOfStock": -2534900000}, {"maxAge": 1, "endDate": "2017-03-31", "netIncome": 5982580000, "depreciation": 401690000, "changeToNetincome": -7442890000, "changeToAccountReceivables": 2293790000, "changeToLiabilities": -1608140000, "changeToInventory": 2160140000, "changeToOperatingActivities": -11830650000, "totalCashFromOperatingActivities": -10027080000, "capitalExpenditures": -2194600000, "otherCashflowsFromInvestingActivities": 7116860000, "totalCashflowsFromInvestingActivities": 4929840000, "dividendsPaid": -1992000000, "otherCashflowsFromFinancingActivities": -459680000, "totalCashFromFinancingActivities": -2451680000, "changeInCash": -7548920000, "repurchaseOfStock": -2534900000}], "maxAge": 86400}, "institutionOwnership": {"ownershipList": [], "maxAge": 1}, "majorHoldersBreakdown": {"maxAge": 1, "insidersPercentHeld": 0.84829, "institutionsPercentHeld": 0.0044299997, "institutionsFloatPercentHeld": 0.02917, "institutionsCount": 6}, "balanceSheetHistoryQuarterly": {"balanceSheetStatements": [{"maxAge": 1, "endDate": "2020-12-31", "totalStockholderEquity": 31423300000, "netTangibleAssets": 31296300000}, {"maxAge": 1, "endDate": "2020-09-30", "cash": 72063900000, "netReceivables": 17399000000, "inventory": 53919800000, "otherCurrentAssets": 63627600000, "totalCurrentAssets": 207010300000, "longTermInvestments": 6535000000, "propertyPlantEquipment": 8843600000, "intangibleAssets": 127000000, "otherAssets": 15677200000, "deferredLongTermAssetCharges": 3921500000, "totalAssets": 238193100000, "accountsPayable": 54323300000, "otherCurrentLiab": 138041800000, "otherLiab": 14404700000, "totalCurrentLiabilities": 192365100000, "totalLiab": 206769800000, "commonStock": 2016900000, "treasuryStock": 29406400000, "otherStockholderEquity": 29406400000, "totalStockholderEquity": 31423300000, "netTangibleAssets": 31296300000}, {"maxAge": 1, "endDate": "2020-06-30", "totalStockholderEquity": 30691310000, "netTangibleAssets": 30519850000}, {"maxAge": 1, "endDate": "2019-12-31"}], "maxAge": 86400}, "indexTrend": {"maxAge": 1, "symbol": "SP5", "peRatio": 19.7411, "pegRatio": 1.34172, "estimates": [{"period": "0q", "growth": 0.549}, {"period": "+1q", "growth": 0.431}, {"period": "0y", "growth": 0.305}, {"period": "+1y", "growth": 0.109}, {"period": "+5y", "growth": 0.120865}, {"period": "-5y"}]}, "defaultKeyStatistics": {"maxAge": 1, "priceHint": 2, "enterpriseValue": -31665393664, "profitMargins": 0.08288, "floatShares": 30598390, "sharesOutstanding": 201690000, "heldPercentInsiders": 0.84829, "heldPercentInstitutions": 0.0044299997, "category": null, "bookValue": 155.8, "priceToBook": 1.2856226, "fundFamily": null, "legalType": null, "lastFiscalYearEnd": "2020-03-31 05:30:00", "nextFiscalYearEnd": "2022-03-31 05:30:00", "mostRecentQuarter": "2020-12-31 05:30:00", "earningsQuarterlyGrowth": -0.323, "netIncomeToCommon": 3354490112, "trailingEps": 16.237, "lastSplitFactor": null, "enterpriseToRevenue": -0.782, "enterpriseToEbitda": -17.887}, "summaryProfile": {"address1": "Dockyard Road", "address2": "Mazagon", "city": "Mumbai", "zip": "400010", "country": "India", "phone": "91 22 2376 2000", "fax": "91 22 2373 8159", "website": "http://www.mazdock.com", "industry": "Aerospace & Defense", "sector": "Industrials", "longBusinessSummary": "Mazagon Dock Shipbuilders Limited engages in building and repairing of ships, submarines, vessels and related engineering products in India and internationally. The company operates through two segments, Shipbuilding and Submarine. It offers naval ships, such as corvettes, nilgiris, missile boats, Godavari class frigates, patrol vessels, destroyers, and lender class frigates; merchant ships, including trailing suction hopper dredgers, general cargo vessels, multipurpose support vessels, offshore supply vessels, special trade passenger cum cargo vessels, 45 T bollard pull voith tugs, and BOP vessels; and submarines. The company was formerly known as Mazagon Dock Limited. Mazagon Dock Shipbuilders Limited was founded in 1774 and is based in Mumbai, India.", "companyOfficers": [], "maxAge": 86400}, "netSharePurchaseActivity": {"maxAge": 1, "period": "6m", "buyInfoCount": 0, "buyInfoShares": 0, "sellInfoCount": 0, "netInfoCount": 0, "netInfoShares": 0, "netPercentInsiderShares": 0.0, "totalInsiderShares": 171091616}, "quoteType": {"exchange": "NSI", "quoteType": "EQUITY", "symbol": "MAZDOCK.NS", "underlyingSymbol": "MAZDOCK.NS", "shortName": "Mazagon Dock Shipbuil Ltd", "longName": "Mazagon Dock Shipbuilders Limited", "firstTradeDateEpochUtc": "2020-10-12 09:15:00", "timeZoneFullName": "Asia/Kolkata", "timeZoneShortName": "IST", "uuid": "5143eac9-b16e-3813-a614-2172f83e4a2e", "gmtOffSetMilliseconds": 19800000, "maxAge": 1}, "incomeStatementHistory": {"incomeStatementHistory": [{"maxAge": 1, "endDate": "2020-03-31", "totalRevenue": 49776500000, "costOfRevenue": 36424600000, "grossProfit": 13351900000, "researchDevelopment": {}, "sellingGeneralAdministrative": 8160510000, "nonRecurring": {}, "otherOperatingExpenses": 2485290000, "totalOperatingExpenses": 47757170000, "operatingIncome": 2019330000, "totalOtherIncomeExpenseNet": 6268050000, "ebit": 2019330000, "interestExpense": -92650000, "incomeBeforeTax": 8287380000, "incomeTaxExpense": 3516790000, "minorityInterest": {}, "netIncomeFromContinuingOps": 4770590000, "discontinuedOperations": {}, "extraordinaryItems": {}, "effectOfAccountingCharges": {}, "otherItems": {}, "netIncome": 4770590000, "netIncomeApplicableToCommonShares": 4770590000}, {"maxAge": 1, "endDate": "2019-03-31", "totalRevenue": 46139560000, "costOfRevenue": 34085350000, "grossProfit": 12054210000, "researchDevelopment": {}, "sellingGeneralAdministrative": 7172010000, "nonRecurring": {}, "otherOperatingExpenses": 2267290000, "totalOperatingExpenses": 44167910000, "operatingIncome": 1971650000, "totalOtherIncomeExpenseNet": 6430400000, "ebit": 1971650000, "interestExpense": -93110000, "incomeBeforeTax": 8402050000, "incomeTaxExpense": 3077310000, "minorityInterest": {}, "netIncomeFromContinuingOps": 5324740000, "discontinuedOperations": {}, "extraordinaryItems": {}, "effectOfAccountingCharges": {}, "otherItems": {}, "netIncome": 5324740000, "netIncomeApplicableToCommonShares": 5324740000}, {"maxAge": 1, "endDate": "2018-03-31", "totalRevenue": 44703610000, "costOfRevenue": 31608800000, "grossProfit": 13094810000, "researchDevelopment": {}, "sellingGeneralAdministrative": 9109330000, "nonRecurring": {}, "otherOperatingExpenses": 2430240000, "totalOperatingExpenses": 43673210000, "operatingIncome": 1030400000, "totalOtherIncomeExpenseNet": 6499670000, "ebit": 1030400000, "interestExpense": -95240000, "incomeBeforeTax": 7530070000, "incomeTaxExpense": 2568340000, "minorityInterest": {}, "netIncomeFromContinuingOps": 4961730000, "discontinuedOperations": {}, "extraordinaryItems": {}, "effectOfAccountingCharges": {}, "otherItems": {}, "netIncome": 4961730000, "netIncomeApplicableToCommonShares": 4961730000}, {"maxAge": 1, "endDate": "2017-03-31", "totalRevenue": 35190820000, "costOfRevenue": 23494780000, "grossProfit": 11696040000, "researchDevelopment": {}, "sellingGeneralAdministrative": 7530500000, "nonRecurring": {}, "otherOperatingExpenses": 2848360000, "totalOperatingExpenses": 34290210000, "operatingIncome": 900610000, "totalOtherIncomeExpenseNet": 7959200000, "ebit": 900610000, "interestExpense": -148330000, "incomeBeforeTax": 8859810000, "incomeTaxExpense": 2877230000, "minorityInterest": {}, "netIncomeFromContinuingOps": 5982580000, "discontinuedOperations": {}, "extraordinaryItems": {}, "effectOfAccountingCharges": {}, "otherItems": {}, "netIncome": 5982580000, "netIncomeApplicableToCommonShares": 5982580000}], "maxAge": 86400}, "fundOwnership": {"ownershipList": [], "maxAge": 1}, "summaryDetail": {"maxAge": 1, "priceHint": 2, "previousClose": 201.3, "open": 200.3, "dayLow": 199.95, "dayHigh": 206.9, "regularMarketPreviousClose": 201.3, "regularMarketOpen": 200.3, "regularMarketDayLow": 199.95, "regularMarketDayHigh": 206.9, "dividendRate": 10.82, "dividendYield": 0.0538, "exDividendDate": "2021-02-22 05:30:00", "payoutRatio": 0.0, "trailingPE": 12.336023, "volume": 477782, "regularMarketVolume": 477782, "averageVolume": 1086982, "averageVolume10days": 335726, "averageDailyVolume10Day": 335726, "bid": 0.0, "ask": 0.0, "marketCap": 40468811776, "fiftyTwoWeekLow": 164.0, "fiftyTwoWeekHigh": 22600.0, "priceToSalesTrailing12Months": 0.99983233, "fiftyDayAverage": 813.8029, "twoHundredDayAverage": 538.5884, "trailingAnnualDividendRate": 2.29, "trailingAnnualDividendYield": 0.011376055, "currency": "INR", "fromCurrency": null, "lastMarket": null, "algorithm": null, "tradeable": false}, "incomeStatementHistoryQuarterly": {"incomeStatementHistory": [{"maxAge": 1, "endDate": "2020-12-31", "totalRevenue": 14610900000, "costOfRevenue": 9886600000, "grossProfit": 4724300000, "researchDevelopment": {}, "sellingGeneralAdministrative": 1994700000, "nonRecurring": {}, "otherOperatingExpenses": 1807100000, "totalOperatingExpenses": 13865000000, "operatingIncome": 745900000, "totalOtherIncomeExpenseNet": 994300000, "ebit": 745900000, "interestExpense": -20900000, "incomeBeforeTax": 1740200000, "incomeTaxExpense": 326500000, "minorityInterest": {}, "netIncomeFromContinuingOps": 1413700000, "discontinuedOperations": {}, "extraordinaryItems": {}, "effectOfAccountingCharges": {}, "otherItems": {}, "netIncome": 1413700000, "netIncomeApplicableToCommonShares": 1413700000}, {"maxAge": 1, "endDate": "2020-09-30", "totalRevenue": 10995500000, "costOfRevenue": 8297700000, "grossProfit": 2697800000, "researchDevelopment": {}, "sellingGeneralAdministrative": 1696400000, "nonRecurring": {}, "otherOperatingExpenses": 275700000, "totalOperatingExpenses": 10449700000, "operatingIncome": 545800000, "totalOtherIncomeExpenseNet": 968100000, "ebit": 545800000, "interestExpense": -20800000, "incomeBeforeTax": 1513900000, "incomeTaxExpense": 520100000, "minorityInterest": {}, "netIncomeFromContinuingOps": 993800000, "discontinuedOperations": {}, "extraordinaryItems": {}, "effectOfAccountingCharges": {}, "otherItems": {}, "netIncome": 993800000, "netIncomeApplicableToCommonShares": 993800000}, {"maxAge": 1, "endDate": "2020-06-30", "totalRevenue": 7417450000, "costOfRevenue": 5416850000, "grossProfit": 2000600000, "researchDevelopment": {}, "sellingGeneralAdministrative": 1250600000, "nonRecurring": {}, "otherOperatingExpenses": 306450000, "totalOperatingExpenses": 7097700000, "operatingIncome": 319750000, "totalOtherIncomeExpenseNet": 505150000, "ebit": 319750000, "interestExpense": -20900000, "incomeBeforeTax": 824900000, "incomeTaxExpense": 258000000, "minorityInterest": {}, "netIncomeFromContinuingOps": 566900000, "discontinuedOperations": {}, "extraordinaryItems": {}, "effectOfAccountingCharges": {}, "otherItems": {}, "netIncome": 566900000, "netIncomeApplicableToCommonShares": 566900000}, {"maxAge": 1, "endDate": "2019-12-31", "totalRevenue": 18109300000, "costOfRevenue": 13845200000, "grossProfit": 4264100000, "researchDevelopment": {}, "sellingGeneralAdministrative": 2309800000, "nonRecurring": {}, "otherOperatingExpenses": 490600000, "totalOperatingExpenses": 16785400000, "operatingIncome": 1323900000, "totalOtherIncomeExpenseNet": 1528500000, "ebit": 1323900000, "interestExpense": -20600000, "incomeBeforeTax": 2852400000, "incomeTaxExpense": 765200000, "minorityInterest": {}, "netIncomeFromContinuingOps": 2087200000, "discontinuedOperations": {}, "extraordinaryItems": {}, "effectOfAccountingCharges": {}, "otherItems": {}, "netIncome": 2087200000, "netIncomeApplicableToCommonShares": 2087200000}], "maxAge": 86400}, "cashflowStatementHistoryQuarterly": {"cashflowStatements": [{"maxAge": 1, "endDate": "2020-12-31", "netIncome": 1413700000, "changeToLiabilities": 0}, {"maxAge": 1, "endDate": "2020-09-30", "netIncome": 993800000, "depreciation": 180950000, "changeToNetincome": -1052750000, "changeToAccountReceivables": -223300000, "changeToLiabilities": 3155350000, "changeToInventory": -3846400000, "changeToOperatingActivities": 1900900000, "totalCashFromOperatingActivities": 682050000, "capitalExpenditures": -24950000, "otherCashflowsFromInvestingActivities": 950650000, "totalCashflowsFromInvestingActivities": 925700000, "dividendsPaid": -230850000, "otherCashflowsFromFinancingActivities": -11350000, "totalCashFromFinancingActivities": -242200000, "changeInCash": 1365550000}, {"maxAge": 1, "endDate": "2020-06-30", "netIncome": 566900000, "depreciation": 180950000, "changeToNetincome": -1052750000, "changeToAccountReceivables": -223300000, "changeToLiabilities": 3155350000, "changeToInventory": -3846400000, "changeToOperatingActivities": 1900900000, "totalCashFromOperatingActivities": 682050000, "capitalExpenditures": -24950000, "otherCashflowsFromInvestingActivities": 950650000, "totalCashflowsFromInvestingActivities": 925700000, "dividendsPaid": -230850000, "otherCashflowsFromFinancingActivities": -11350000, "totalCashFromFinancingActivities": -242200000, "changeInCash": 1365550000}, {"maxAge": 1, "endDate": "2019-12-31", "netIncome": 2087200000, "depreciation": 180950000, "changeToNetincome": -1052750000, "changeToAccountReceivables": -223300000, "changeToLiabilities": 0, "changeToInventory": -3846400000, "changeToOperatingActivities": 1900900000, "totalCashFromOperatingActivities": 682050000, "capitalExpenditures": -24950000, "otherCashflowsFromInvestingActivities": 950650000, "totalCashflowsFromInvestingActivities": 925700000, "dividendsPaid": -230850000, "otherCashflowsFromFinancingActivities": -11350000, "totalCashFromFinancingActivities": -242200000, "changeInCash": 1365550000}], "maxAge": 86400}, "insiderHolders": {"holders": [], "maxAge": 1}, "calendarEvents": {"maxAge": 1, "earnings": {"earningsDate": []}, "exDividendDate": "2021-02-22 05:30:00"}, "upgradeDowngradeHistory": {"history": [], "maxAge": 86400}, "price": {"maxAge": 1, "regularMarketChangePercent": -0.00496771, "regularMarketChange": -1.0, "regularMarketTime": "2021-04-30 15:29:59", "priceHint": 2, "regularMarketPrice": 200.3, "regularMarketDayHigh": 206.9, "regularMarketDayLow": 199.95, "regularMarketVolume": 477782, "averageDailyVolume10Day": 335726, "averageDailyVolume3Month": 1086982, "regularMarketPreviousClose": 201.3, "regularMarketSource": "FREE_REALTIME", "regularMarketOpen": 200.3, "exchange": "NSI", "exchangeName": "NSE", "exchangeDataDelayedBy": 15, "marketState": "CLOSED", "quoteType": "EQUITY", "symbol": "MAZDOCK.NS", "underlyingSymbol": null, "shortName": "Mazagon Dock Shipbuil Ltd", "longName": "Mazagon Dock Shipbuilders Limited", "currency": "INR", "quoteSourceName": "Delayed Quote", "currencySymbol": "\u20b9", "fromCurrency": null, "lastMarket": null, "marketCap": 40468811776}, "balanceSheetHistory": {"balanceSheetStatements": [{"maxAge": 1, "endDate": "2020-03-31", "cash": 4832790000, "shortTermInvestments": 53150000000, "netReceivables": 16944510000, "inventory": 46226920000, "otherCurrentAssets": 59700360000, "totalCurrentAssets": 180882010000, "longTermInvestments": 4841800000, "propertyPlantEquipment": 9112090000, "intangibleAssets": 171460000, "otherAssets": 14652920000, "deferredLongTermAssetCharges": 4116580000, "totalAssets": 209660280000, "accountsPayable": 47668710000, "otherCurrentLiab": 114445770000, "otherLiab": 14013060000, "totalCurrentLiabilities": 164607460000, "totalLiab": 178968970000, "commonStock": 2016900000, "retainedEarnings": 28041590000, "treasuryStock": 632320000, "capitalSurplus": 500000, "otherStockholderEquity": 632320000, "totalStockholderEquity": 30691310000, "netTangibleAssets": 30519850000}, {"maxAge": 1, "endDate": "2019-03-31", "cash": 7296810000, "shortTermInvestments": 67400000000, "netReceivables": 25997810000, "inventory": 37903030000, "otherCurrentAssets": 41960140000, "totalCurrentAssets": 180778570000, "longTermInvestments": 4306690000, "propertyPlantEquipment": 8760890000, "intangibleAssets": 229910000, "otherAssets": 14403280000, "deferredLongTermAssetCharges": 5819810000, "totalAssets": 208479340000, "accountsPayable": 29133400000, "otherCurrentLiab": 130785760000, "otherLiab": 13723990000, "totalCurrentLiabilities": 162241130000, "totalLiab": 176310150000, "commonStock": 2241000000, "retainedEarnings": 29452190000, "treasuryStock": 475500000, "capitalSurplus": 500000, "otherStockholderEquity": 475500000, "totalStockholderEquity": 32169190000, "netTangibleAssets": 31939280000}, {"maxAge": 1, "endDate": "2018-03-31", "cash": 3735850000, "shortTermInvestments": 68160000000, "netReceivables": 19627590000, "inventory": 37859690000, "otherCurrentAssets": 40925520000, "totalCurrentAssets": 170438220000, "longTermInvestments": 4291470000, "propertyPlantEquipment": 7622950000, "intangibleAssets": 284120000, "otherAssets": 11066960000, "deferredLongTermAssetCharges": 5521740000, "totalAssets": 193703720000, "accountsPayable": 23871600000, "otherCurrentLiab": 124000510000, "otherLiab": 13827160000, "totalCurrentLiabilities": 151170180000, "totalLiab": 165363210000, "commonStock": 2241000000, "retainedEarnings": 25468770000, "treasuryStock": 630240000, "capitalSurplus": 500000, "otherStockholderEquity": 630240000, "totalStockholderEquity": 28340510000, "netTangibleAssets": 28056390000}, {"maxAge": 1, "endDate": "2017-03-31", "cash": 1428780000, "shortTermInvestments": 82200000000, "netReceivables": 21236280000, "inventory": 40286560000, "otherCurrentAssets": 29643610000, "totalCurrentAssets": 174888210000, "longTermInvestments": 3835890000, "propertyPlantEquipment": 6424800000, "intangibleAssets": 213520000, "otherAssets": 8549230000, "deferredLongTermAssetCharges": 5068310000, "totalAssets": 193911650000, "accountsPayable": 9224340000, "otherCurrentLiab": 138758920000, "otherLiab": 13952450000, "totalCurrentLiabilities": 149673600000, "totalLiab": 164010160000, "commonStock": 2490000000, "retainedEarnings": 26637830000, "treasuryStock": 773160000, "capitalSurplus": 500000, "otherStockholderEquity": 773160000, "totalStockholderEquity": 29901490000, "netTangibleAssets": 29687970000}], "maxAge": 86400}, "financialData": {"maxAge": 86400, "currentPrice": 200.3, "recommendationKey": "none", "totalCash": 72063901696, "totalCashPerShare": 357.3, "ebitda": 1770300032, "totalDebt": 0, "totalRevenue": 40475598848, "revenuePerShare": 195.917, "grossProfits": 13351900000, "earningsGrowth": -0.247, "revenueGrowth": -0.193, "grossMargins": 0.27828, "ebitdaMargins": 0.04374, "operatingMargins": 0.025220001, "profitMargins": 0.08288, "financialCurrency": "INR"}}}