{"MBAPL.NS": {"assetProfile": {"address1": "5-O-21, Basement", "address2": "R C Vyas Colony", "city": "Bhilwara", "zip": "311001", "country": "India", "phone": "91 14 8223 7104", "fax": "91 14 8223 9638", "website": "http://www.mbapl.com", "industry": "Agricultural Inputs", "sector": "Basic Materials", "longBusinessSummary": "Madhya Bharat Agro Products Limited manufactures and sells fertilizers and chemicals in India. It offers beneficiated rock phosphate, sulphuric acid, single super phosphate, granulated single super phosphate, sulphur bentonite, phosphate rich organic manure, and oleum products. The company was founded in 1997 and is based in Bhilwara, India.", "fullTimeEmployees": 133, "companyOfficers": [{"maxAge": 1, "name": "Mr. Pankaj Kumar Ostwal", "age": 42, "title": "MD & Director", "yearBorn": 1978, "fiscalYear": 2020, "totalPay": 4802000, "exercisedValue": 0, "unexercisedValue": 0}, {"maxAge": 1, "name": "Mr. Sourabh  Gupta", "age": 36, "title": "CFO & Whole Time Director", "yearBorn": 1984, "fiscalYear": 2020, "totalPay": 756000, "exercisedValue": 0, "unexercisedValue": 0}, {"maxAge": 1, "name": "Ms. Pallavi  Sukhwal", "age": 24, "title": "Compliance Officer & Company Sec.", "yearBorn": 1996, "fiscalYear": 2020, "totalPay": 264000, "exercisedValue": 0, "unexercisedValue": 0}, {"maxAge": 1, "name": "Mr. Manohar  Raghuvanshi", "age": 54, "title": "Gen. Mang. of Marketing", "yearBorn": 1966, "exercisedValue": 0, "unexercisedValue": 0}], "compensationAsOfEpochDate": "2020-12-31 05:30:00", "maxAge": 86400}, "cashflowStatementHistory": {"cashflowStatements": [{"maxAge": 1, "endDate": "2020-03-31", "netIncome": 148375000, "depreciation": 104114000, "changeToNetincome": 53912000, "changeToAccountReceivables": -55153000, "changeToLiabilities": 5878000, "changeToInventory": -120892000, "changeToOperatingActivities": 8206000, "totalCashFromOperatingActivities": 144440000, "capitalExpenditures": -226514000, "otherCashflowsFromInvestingActivities": 458000, "totalCashflowsFromInvestingActivities": -223871000, "dividendsPaid": -10953000, "netBorrowings": 132192000, "otherCashflowsFromFinancingActivities": -32794000, "totalCashFromFinancingActivities": 88445000, "changeInCash": 9014000}, {"maxAge": 1, "endDate": "2019-03-31", "netIncome": 114326000, "depreciation": 103879000, "changeToNetincome": 48049000, "changeToAccountReceivables": -105153000, "changeToLiabilities": -494000, "changeToInventory": -64346000, "changeToOperatingActivities": 57299000, "totalCashFromOperatingActivities": 153560000, "capitalExpenditures": -13820000, "otherCashflowsFromInvestingActivities": 322000, "totalCashflowsFromInvestingActivities": -8937000, "dividendsPaid": -10953000, "netBorrowings": -94990000, "otherCashflowsFromFinancingActivities": -38392000, "totalCashFromFinancingActivities": -144335000, "changeInCash": 288000}, {"maxAge": 1, "endDate": "2018-03-31", "netIncome": 51141000, "depreciation": 80667000, "changeToNetincome": 51286000, "changeToAccountReceivables": 9654000, "changeToLiabilities": -16886000, "changeToInventory": 31479000, "changeToOperatingActivities": -15176000, "totalCashFromOperatingActivities": 192165000, "capitalExpenditures": -160637000, "otherCashflowsFromInvestingActivities": 297000, "totalCashflowsFromInvestingActivities": -162999000, "dividendsPaid": -12849000, "netBorrowings": 34855000, "otherCashflowsFromFinancingActivities": -52042000, "totalCashFromFinancingActivities": -30036000, "changeInCash": -870000}, {"maxAge": 1, "endDate": "2017-03-31", "netIncome": 117289000, "depreciation": 71007000, "changeToNetincome": 5791000, "changeToAccountReceivables": -57062000, "changeToLiabilities": 52314000, "changeToInventory": -117747000, "changeToOperatingActivities": 9203000, "totalCashFromOperatingActivities": 80795000, "capitalExpenditures": -223456000, "investments": 52638000, "otherCashflowsFromInvestingActivities": 392000, "totalCashflowsFromInvestingActivities": -168372000, "dividendsPaid": -12849000, "netBorrowings": 134168000, "otherCashflowsFromFinancingActivities": -51157000, "totalCashFromFinancingActivities": 83011000, "changeInCash": -4566000}], "maxAge": 86400}, "institutionOwnership": {"ownershipList": [], "maxAge": 1}, "majorHoldersBreakdown": {"maxAge": 1}, "balanceSheetHistoryQuarterly": {"balanceSheetStatements": [{"maxAge": 1, "endDate": "2020-12-31", "totalStockholderEquity": 1433929000, "netTangibleAssets": 1433929000}, {"maxAge": 1, "endDate": "2020-09-30", "cash": 16274000, "shortTermInvestments": 18570000, "netReceivables": 510251000, "inventory": 446049000, "otherCurrentAssets": 120389000, "totalCurrentAssets": 1111533000, "propertyPlantEquipment": 1227404000, "otherAssets": 70158000, "totalAssets": 2409095000, "accountsPayable": 310071000, "shortLongTermDebt": 87071000, "otherCurrentLiab": 127163000, "longTermDebt": 319593000, "otherLiab": 41118000, "totalCurrentLiabilities": 613207000, "totalLiab": 975166000, "commonStock": 219067000, "treasuryStock": 1214862000, "otherStockholderEquity": 1214862000, "totalStockholderEquity": 1433929000, "netTangibleAssets": 1433929000}, {"maxAge": 1, "endDate": "2020-06-30", "totalStockholderEquity": 1303578000, "netTangibleAssets": 1303578000}, {"maxAge": 1, "endDate": "2020-03-31", "cash": 9503000, "netReceivables": 359273000, "inventory": 329809000, "otherCurrentAssets": 19698000, "totalCurrentAssets": 721266000, "propertyPlantEquipment": 1138807000, "otherAssets": 30808000, "totalAssets": 1890881000, "accountsPayable": 57673000, "shortLongTermDebt": 28031000, "otherCurrentLiab": 108621000, "longTermDebt": 291885000, "otherLiab": 18597000, "totalCurrentLiabilities": 275528000, "totalLiab": 587303000, "commonStock": 219067000, "retainedEarnings": 915599720, "treasuryStock": 259280, "capitalSurplus": 168652000, "otherStockholderEquity": 259280, "totalStockholderEquity": 1303578000, "netTangibleAssets": 1303578000}], "maxAge": 86400}, "indexTrend": {"maxAge": 1, "symbol": "SP5", "peRatio": 19.7411, "pegRatio": 1.34172, "estimates": [{"period": "0q", "growth": 0.549}, {"period": "+1q", "growth": 0.431}, {"period": "0y", "growth": 0.305}, {"period": "+1y", "growth": 0.109}, {"period": "+5y", "growth": 0.120865}, {"period": "-5y"}]}, "defaultKeyStatistics": {"maxAge": 1, "priceHint": 2, "enterpriseValue": 2268928512, "profitMargins": 0.1121, "floatShares": 1725772, "sharesOutstanding": 21906700, "beta": 0.031952, "category": null, "bookValue": 65.465, "priceToBook": 1.2579241, "fundFamily": null, "legalType": null, "lastFiscalYearEnd": "2020-03-31 05:30:00", "nextFiscalYearEnd": "2022-03-31 05:30:00", "mostRecentQuarter": "2020-12-31 05:30:00", "earningsQuarterlyGrowth": -0.377, "netIncomeToCommon": 185172992, "trailingEps": 8.454, "lastSplitFactor": null, "enterpriseToRevenue": 1.374, "enterpriseToEbitda": 5.234}, "summaryProfile": {"address1": "5-O-21, Basement", "address2": "R C Vyas Colony", "city": "Bhilwara", "zip": "311001", "country": "India", "phone": "91 14 8223 7104", "fax": "91 14 8223 9638", "website": "http://www.mbapl.com", "industry": "Agricultural Inputs", "sector": "Basic Materials", "longBusinessSummary": "Madhya Bharat Agro Products Limited manufactures and sells fertilizers and chemicals in India. It offers beneficiated rock phosphate, sulphuric acid, single super phosphate, granulated single super phosphate, sulphur bentonite, phosphate rich organic manure, and oleum products. The company was founded in 1997 and is based in Bhilwara, India.", "fullTimeEmployees": 133, "companyOfficers": [], "maxAge": 86400}, "netSharePurchaseActivity": {"maxAge": 1, "period": "6m", "buyInfoCount": 0, "buyInfoShares": 0, "sellInfoCount": 0, "netInfoCount": 0, "netInfoShares": 0, "totalInsiderShares": 0}, "quoteType": {"exchange": "NSI", "quoteType": "EQUITY", "symbol": "MBAPL.NS", "underlyingSymbol": "MBAPL.NS", "shortName": "Madhya Bharat Agro P. Ltd", "longName": "Madhya Bharat Agro Products Limited", "firstTradeDateEpochUtc": "2017-03-16 09:15:00", "timeZoneFullName": "Asia/Kolkata", "timeZoneShortName": "IST", "uuid": "4975a7d6-556c-3d93-8ac9-4390747c75a6", "gmtOffSetMilliseconds": 19800000, "maxAge": 1}, "incomeStatementHistory": {"incomeStatementHistory": [{"maxAge": 1, "endDate": "2020-03-31", "totalRevenue": 1308636000, "costOfRevenue": 572371000, "grossProfit": 736265000, "researchDevelopment": {}, "sellingGeneralAdministrative": 80770000, "nonRecurring": {}, "otherOperatingExpenses": 306680000, "totalOperatingExpenses": 1063935000, "operatingIncome": 244701000, "totalOtherIncomeExpenseNet": -30037000, "ebit": 244701000, "interestExpense": -29918000, "incomeBeforeTax": 214664000, "incomeTaxExpense": 66289000, "minorityInterest": {}, "netIncomeFromContinuingOps": 148375000, "discontinuedOperations": {}, "extraordinaryItems": {}, "effectOfAccountingCharges": {}, "otherItems": {}, "netIncome": 148375000, "netIncomeApplicableToCommonShares": 148375000}, {"maxAge": 1, "endDate": "2019-03-31", "totalRevenue": 1160533000, "costOfRevenue": 480616000, "grossProfit": 679917000, "researchDevelopment": {}, "sellingGeneralAdministrative": 59963000, "nonRecurring": {}, "otherOperatingExpenses": 323593000, "totalOperatingExpenses": 968051000, "operatingIncome": 192482000, "totalOtherIncomeExpenseNet": -34958000, "ebit": 192482000, "interestExpense": -35597000, "incomeBeforeTax": 157524000, "incomeTaxExpense": 43198000, "minorityInterest": {}, "netIncomeFromContinuingOps": 114326000, "discontinuedOperations": {}, "extraordinaryItems": {}, "effectOfAccountingCharges": {}, "otherItems": {}, "netIncome": 114326000, "netIncomeApplicableToCommonShares": 114326000}, {"maxAge": 1, "endDate": "2018-03-31", "totalRevenue": 899151000, "costOfRevenue": 408865000, "grossProfit": 490286000, "researchDevelopment": {}, "sellingGeneralAdministrative": 28060000, "nonRecurring": {}, "otherOperatingExpenses": 257018000, "totalOperatingExpenses": 774610000, "operatingIncome": 124541000, "totalOtherIncomeExpenseNet": -51745000, "ebit": 124541000, "interestExpense": -49963000, "incomeBeforeTax": 72796000, "incomeTaxExpense": 21655000, "minorityInterest": {}, "netIncomeFromContinuingOps": 51141000, "discontinuedOperations": {}, "extraordinaryItems": {}, "effectOfAccountingCharges": {}, "otherItems": {}, "netIncome": 51141000, "netIncomeApplicableToCommonShares": 51141000}, {"maxAge": 1, "endDate": "2017-03-31", "totalRevenue": 816306000, "costOfRevenue": 316772000, "grossProfit": 499534000, "researchDevelopment": {}, "sellingGeneralAdministrative": 21073000, "nonRecurring": {}, "otherOperatingExpenses": 265412000, "totalOperatingExpenses": 674264000, "operatingIncome": 142042000, "totalOtherIncomeExpenseNet": -9483000, "ebit": 142042000, "interestExpense": -49517000, "incomeBeforeTax": 132559000, "incomeTaxExpense": 15270000, "minorityInterest": {}, "netIncomeFromContinuingOps": 117289000, "discontinuedOperations": {}, "extraordinaryItems": {}, "effectOfAccountingCharges": {}, "otherItems": {}, "netIncome": 117289000, "netIncomeApplicableToCommonShares": 117289000}], "maxAge": 86400}, "fundOwnership": {"ownershipList": [], "maxAge": 1}, "summaryDetail": {"maxAge": 1, "priceHint": 2, "previousClose": 80.25, "open": 76.6, "dayLow": 76.55, "dayHigh": 83.45, "regularMarketPreviousClose": 80.25, "regularMarketOpen": 76.6, "regularMarketDayLow": 76.55, "regularMarketDayHigh": 83.45, "dividendRate": 0.5, "dividendYield": 0.006, "exDividendDate": "2020-09-17 05:30:00", "payoutRatio": 0.0592, "beta": 0.031952, "trailingPE": 9.740951, "volume": 908, "regularMarketVolume": 908, "averageVolume": 4103, "averageVolume10days": 2195, "averageDailyVolume10Day": 2195, "bid": 0.0, "ask": 0.0, "marketCap": 1804016768, "fiftyTwoWeekLow": 55.8, "fiftyTwoWeekHigh": 102.7, "priceToSalesTrailing12Months": 1.0921388, "fiftyDayAverage": 81.77425, "twoHundredDayAverage": 70.730354, "trailingAnnualDividendRate": 0.5, "trailingAnnualDividendYield": 0.0062305294, "currency": "INR", "fromCurrency": null, "lastMarket": null, "algorithm": null, "tradeable": false}, "incomeStatementHistoryQuarterly": {"incomeStatementHistory": [{"maxAge": 1, "endDate": "2020-12-31", "totalRevenue": 318307000, "costOfRevenue": 119254000, "grossProfit": 199053000, "researchDevelopment": {}, "sellingGeneralAdministrative": 24661000, "nonRecurring": {}, "otherOperatingExpenses": 88420000, "totalOperatingExpenses": 255551000, "operatingIncome": 62756000, "totalOtherIncomeExpenseNet": -10196000, "ebit": 62756000, "interestExpense": -10196000, "incomeBeforeTax": 52560000, "incomeTaxExpense": 16355000, "minorityInterest": {}, "netIncomeFromContinuingOps": 36205000, "discontinuedOperations": {}, "extraordinaryItems": {}, "effectOfAccountingCharges": {}, "otherItems": {}, "netIncome": 36205000, "netIncomeApplicableToCommonShares": 36205000}, {"maxAge": 1, "endDate": "2020-09-30", "totalRevenue": 547611000, "costOfRevenue": 258261000, "grossProfit": 289350000, "researchDevelopment": {}, "sellingGeneralAdministrative": 26183000, "nonRecurring": {}, "otherOperatingExpenses": 116019000, "totalOperatingExpenses": 423667000, "operatingIncome": 123944000, "totalOtherIncomeExpenseNet": -10256000, "ebit": 123944000, "interestExpense": -10256000, "incomeBeforeTax": 113688000, "incomeTaxExpense": 31768000, "minorityInterest": {}, "netIncomeFromContinuingOps": 81920000, "discontinuedOperations": {}, "extraordinaryItems": {}, "effectOfAccountingCharges": {}, "otherItems": {}, "netIncome": 81920000, "netIncomeApplicableToCommonShares": 81920000}, {"maxAge": 1, "endDate": "2020-06-30", "totalRevenue": 495241000, "costOfRevenue": 239881000, "grossProfit": 255360000, "researchDevelopment": {}, "sellingGeneralAdministrative": 23927000, "nonRecurring": {}, "otherOperatingExpenses": 114786000, "totalOperatingExpenses": 401764000, "operatingIncome": 93477000, "totalOtherIncomeExpenseNet": -8579000, "ebit": 93477000, "interestExpense": -8579000, "incomeBeforeTax": 84898000, "incomeTaxExpense": 25514000, "minorityInterest": {}, "netIncomeFromContinuingOps": 59384000, "discontinuedOperations": {}, "extraordinaryItems": {}, "effectOfAccountingCharges": {}, "otherItems": {}, "netIncome": 59384000, "netIncomeApplicableToCommonShares": 59384000}, {"maxAge": 1, "endDate": "2020-03-31", "totalRevenue": 290661000, "costOfRevenue": 112353000, "grossProfit": 178308000, "researchDevelopment": {}, "sellingGeneralAdministrative": 50938000, "nonRecurring": {}, "otherOperatingExpenses": 38842000, "totalOperatingExpenses": 234139000, "operatingIncome": 56522000, "totalOtherIncomeExpenseNet": -10567000, "ebit": 56522000, "interestExpense": -10448000, "incomeBeforeTax": 45955000, "incomeTaxExpense": 43751000, "minorityInterest": {}, "netIncomeFromContinuingOps": 2204000, "discontinuedOperations": {}, "extraordinaryItems": {}, "effectOfAccountingCharges": {}, "otherItems": {}, "netIncome": 2204000, "netIncomeApplicableToCommonShares": 2204000}], "maxAge": 86400}, "cashflowStatementHistoryQuarterly": {"cashflowStatements": [{"maxAge": 1, "endDate": "2020-12-31", "netIncome": 36205000, "changeToLiabilities": 0}, {"maxAge": 1, "endDate": "2020-09-30", "netIncome": 81920000, "changeToLiabilities": 0}, {"maxAge": 1, "endDate": "2020-06-30", "netIncome": 59384000, "changeToLiabilities": 0}, {"maxAge": 1, "endDate": "2020-03-31", "netIncome": 2204000, "changeToLiabilities": 0}], "maxAge": 86400}, "insiderHolders": {"holders": [], "maxAge": 1}, "calendarEvents": {"maxAge": 1, "earnings": {"earningsDate": ["2020-11-05 05:30:S"]}, "exDividendDate": "2020-09-17 05:30:00"}, "upgradeDowngradeHistory": {"history": [], "maxAge": 86400}, "price": {"maxAge": 1, "regularMarketChangePercent": 0.026168205, "regularMarketChange": 2.0999985, "regularMarketTime": "2021-04-30 15:27:34", "priceHint": 2, "regularMarketPrice": 82.35, "regularMarketDayHigh": 83.45, "regularMarketDayLow": 76.55, "regularMarketVolume": 908, "averageDailyVolume10Day": 2195, "averageDailyVolume3Month": 4103, "regularMarketPreviousClose": 80.25, "regularMarketSource": "FREE_REALTIME", "regularMarketOpen": 76.6, "exchange": "NSI", "exchangeName": "NSE", "exchangeDataDelayedBy": 15, "marketState": "CLOSED", "quoteType": "EQUITY", "symbol": "MBAPL.NS", "underlyingSymbol": null, "shortName": "Madhya Bharat Agro P. Ltd", "longName": "Madhya Bharat Agro Products Limited", "currency": "INR", "quoteSourceName": "Delayed Quote", "currencySymbol": "\u20b9", "fromCurrency": null, "lastMarket": null, "marketCap": 1804016768}, "balanceSheetHistory": {"balanceSheetStatements": [{"maxAge": 1, "endDate": "2020-03-31", "cash": 9503000, "netReceivables": 359273000, "inventory": 329809000, "otherCurrentAssets": 19698000, "totalCurrentAssets": 721266000, "propertyPlantEquipment": 1138807000, "otherAssets": 30808000, "totalAssets": 1890881000, "accountsPayable": 57673000, "shortLongTermDebt": 28031000, "otherCurrentLiab": 108621000, "longTermDebt": 291885000, "otherLiab": 18597000, "totalCurrentLiabilities": 275528000, "totalLiab": 587303000, "commonStock": 219067000, "retainedEarnings": 915599720, "treasuryStock": 259280, "capitalSurplus": 168652000, "otherStockholderEquity": 259280, "totalStockholderEquity": 1303578000, "netTangibleAssets": 1303578000}, {"maxAge": 1, "endDate": "2019-03-31", "cash": 489000, "netReceivables": 327160000, "inventory": 208917000, "otherCurrentAssets": 21526000, "totalCurrentAssets": 560321000, "propertyPlantEquipment": 1018623000, "otherAssets": 16925000, "deferredLongTermAssetCharges": 9954000, "totalAssets": 1595869000, "accountsPayable": 51795000, "shortLongTermDebt": 25305000, "otherCurrentLiab": 98746000, "longTermDebt": 170396000, "totalCurrentLiabilities": 256056000, "totalLiab": 427786000, "commonStock": 219067000, "retainedEarnings": 780430000, "treasuryStock": -66000, "capitalSurplus": 168652000, "otherStockholderEquity": -66000, "totalStockholderEquity": 1168083000, "netTangibleAssets": 1168083000}, {"maxAge": 1, "endDate": "2018-03-31", "cash": 202000, "netReceivables": 228043000, "inventory": 144571000, "otherCurrentAssets": 14250000, "totalCurrentAssets": 387840000, "propertyPlantEquipment": 1111023000, "otherAssets": 28888000, "deferredLongTermAssetCharges": 19130000, "totalAssets": 1527751000, "accountsPayable": 52290000, "shortLongTermDebt": 23667000, "otherCurrentLiab": 49292000, "longTermDebt": 194447000, "totalCurrentLiabilities": 275777000, "totalLiab": 470224000, "commonStock": 219067000, "retainedEarnings": 425229000, "treasuryStock": 244579000, "capitalSurplus": 168652000, "otherStockholderEquity": 244579000, "totalStockholderEquity": 1057527000, "netTangibleAssets": 1057527000}, {"maxAge": 1, "endDate": "2017-03-31", "cash": 1072000, "netReceivables": 214324000, "inventory": 176050000, "otherCurrentAssets": 31934000, "totalCurrentAssets": 424516000, "propertyPlantEquipment": 1031886000, "otherAssets": 32021000, "deferredLongTermAssetCharges": 25747000, "totalAssets": 1488423000, "accountsPayable": 69176000, "shortLongTermDebt": 37500000, "otherCurrentLiab": 42399000, "longTermDebt": 212500000, "totalCurrentLiabilities": 258584000, "totalLiab": 471084000, "commonStock": 219067000, "retainedEarnings": 384307000, "treasuryStock": 245313000, "capitalSurplus": 168652000, "otherStockholderEquity": 245313000, "totalStockholderEquity": 1017339000, "netTangibleAssets": 1017339000}], "maxAge": 86400}, "financialData": {"maxAge": 86400, "currentPrice": 82.35, "recommendationKey": "none", "totalCash": 34844000, "totalCashPerShare": 1.588, "ebitda": 433520992, "totalDebt": 496814016, "totalRevenue": 1651820032, "debtToEquity": 34.647, "revenuePerShare": 75.41, "grossProfits": 736265000, "earningsGrowth": -0.377, "revenueGrowth": -0.069, "grossMargins": 0.55821997, "ebitdaMargins": 0.26245, "operatingMargins": 0.20708999, "profitMargins": 0.1121, "financialCurrency": "INR"}}}