{"MBECL.NS": {"assetProfile": {"address1": "Ecospace Business Park", "address2": "Campus-2B, 11F/12 (Old Plot No. AA II/Blk 3) Rajarhat New Town, North 24 Parganas", "city": "Kolkata", "zip": "700160", "country": "India", "phone": "91 33 3014 1111", "fax": "91 33 3014 2277", "website": "http://www.mcnallybharat.com", "industry": "Engineering & Construction", "sector": "Industrials", "longBusinessSummary": "McNally Bharat Engineering Company Limited primarily engages in engineering, procurement, and construction businesses in India. It operates through two segments, Turnkey Engineering and Other Engineering Services. The company offers its turnkey solutions in the areas of power, steel, coal and mining, ports, aluminum, material handling, mineral processing, cement, water, pyro processing, pneumatic handling of powdered materials, coal washing, port cranes, cement, civic, industrial water supply, and oil and gas sectors, as well as for infrastructure sectors, such as buildings and townships, high rises, roads, metro, rail etc. It also manufactures a range of products, including crushers and screeners, mobile crushing and screening plants, skid mounted coal sizers, mills, pressure vessels, material handling equipment, and steel plant equipment, as well as process equipment, such as flotation cells, thickeners, slurry pumps, etc. The company was formerly known as McNally-Bird Engineering Company Limited and changed its name to McNally Bharat Engineering Company Limited in 1972. McNally Bharat Engineering Company Limited was founded in 1961 and is headquartered in Kolkata, India.", "fullTimeEmployees": 769, "companyOfficers": [{"maxAge": 1, "name": "Mr. Srinivash  Singh", "age": 74, "title": "MD & Director", "yearBorn": 1946, "fiscalYear": 2020, "totalPay": 22012800, "exercisedValue": 0, "unexercisedValue": 0}, {"maxAge": 1, "name": "Mr. Rahul  Banerjee", "title": "Company Sec. & Compliance Officer", "fiscalYear": 2020, "totalPay": 1213391, "exercisedValue": 0, "unexercisedValue": 0}, {"maxAge": 1, "name": "Mr. Dipankar  Sarkar", "age": 63, "title": "Pres of Power Projects", "yearBorn": 1957, "exercisedValue": 0, "unexercisedValue": 0}, {"maxAge": 1, "name": "Mr. Arindam  Sarkar B.E., B.E. (Civil)", "age": 65, "title": "Pres of Engineering & Construction", "yearBorn": 1955, "exercisedValue": 0, "unexercisedValue": 0}, {"maxAge": 1, "name": "Mr. Shyamal Kumar Das", "age": 62, "title": "Pres of Engineering", "yearBorn": 1958, "exercisedValue": 0, "unexercisedValue": 0}, {"maxAge": 1, "name": "Mr. Bhanu Pratap Srivastava B.Sc.", "age": 60, "title": "Pres of Construction", "yearBorn": 1960, "exercisedValue": 0, "unexercisedValue": 0}, {"maxAge": 1, "name": "Mr. Asis Kumar Bhattacharya B.E.", "age": 63, "title": "Pres of Construction- Electrical & Solar", "yearBorn": 1957, "exercisedValue": 0, "unexercisedValue": 0}, {"maxAge": 1, "name": "Mr. Ashesh  Paul", "age": 48, "title": "VP", "yearBorn": 1972, "exercisedValue": 0, "unexercisedValue": 0}, {"maxAge": 1, "name": "Mr. Brij Mohan Soni", "title": "Chief Financial Officer", "exercisedValue": 0, "unexercisedValue": 0}, {"maxAge": 1, "name": "Mr. Arup Kanti Nandi", "age": 63, "title": "Pres of Marketing & Bus. Devel.", "yearBorn": 1957, "fiscalYear": 2019, "exercisedValue": 0, "unexercisedValue": 0}], "compensationAsOfEpochDate": "2020-12-31 05:30:00", "maxAge": 86400}, "recommendationTrend": {"trend": [{"period": "0m", "strongBuy": 0, "buy": 0, "hold": 0, "sell": 0, "strongSell": 0}, {"period": "-1m", "strongBuy": 0, "buy": 0, "hold": 0, "sell": 0, "strongSell": 0}, {"period": "-2m", "strongBuy": 0, "buy": 0, "hold": 0, "sell": 0, "strongSell": 0}, {"period": "-3m", "strongBuy": 0, "buy": 0, "hold": 0, "sell": 0, "strongSell": 0}], "maxAge": 86400}, "cashflowStatementHistory": {"cashflowStatements": [{"maxAge": 1, "endDate": "2020-03-31", "netIncome": -3862304000, "depreciation": 180739000, "changeToNetincome": 3448275000, "changeToAccountReceivables": 1036143000, "changeToLiabilities": -2436033000, "changeToInventory": 679903000, "changeToOperatingActivities": -912213000, "totalCashFromOperatingActivities": -1865122000, "capitalExpenditures": -31768000, "investments": 424782000, "otherCashflowsFromInvestingActivities": 69500000, "totalCashflowsFromInvestingActivities": 472175000, "netBorrowings": 1499527000, "otherCashflowsFromFinancingActivities": -298758000, "totalCashFromFinancingActivities": 1200769000, "effectOfExchangeRate": -60000, "changeInCash": -192238000}, {"maxAge": 1, "endDate": "2019-03-31", "netIncome": -7833763000, "depreciation": 228747000, "changeToNetincome": 6338648000, "changeToAccountReceivables": -515716000, "changeToLiabilities": -3765950000, "changeToInventory": 526026000, "changeToOperatingActivities": 8606794000, "totalCashFromOperatingActivities": 3588208000, "capitalExpenditures": -10329000, "investments": 3733002000, "otherCashflowsFromInvestingActivities": 315451000, "totalCashflowsFromInvestingActivities": 3904152000, "dividendsPaid": -200000, "netBorrowings": -3938504000, "otherCashflowsFromFinancingActivities": -4126021000, "totalCashFromFinancingActivities": -8064725000, "effectOfExchangeRate": 24000, "changeInCash": -572341000}, {"maxAge": 1, "endDate": "2018-03-31", "netIncome": -4609520000, "depreciation": 303171000, "changeToNetincome": 2861521000, "changeToAccountReceivables": 626791000, "changeToLiabilities": -4503053000, "changeToInventory": -802041000, "changeToOperatingActivities": 3082422000, "totalCashFromOperatingActivities": -3033482000, "capitalExpenditures": -55822000, "investments": 94113000, "otherCashflowsFromInvestingActivities": 489028000, "totalCashflowsFromInvestingActivities": 651470000, "dividendsPaid": -200000, "netBorrowings": 4800270000, "otherCashflowsFromFinancingActivities": -5721411000, "totalCashFromFinancingActivities": 3017158000, "effectOfExchangeRate": 66000, "changeInCash": 635212000, "issuanceOfStock": 3938299000}, {"maxAge": 1, "endDate": "2017-03-31", "netIncome": -569441000, "depreciation": 438469000, "changeToNetincome": -3759566000, "changeToAccountReceivables": -1957556000, "changeToLiabilities": 1114495000, "changeToInventory": -370333000, "changeToOperatingActivities": -588937000, "totalCashFromOperatingActivities": -5677962000, "capitalExpenditures": -6417000, "investments": 62468000, "otherCashflowsFromInvestingActivities": 173599000, "totalCashflowsFromInvestingActivities": -219547000, "dividendsPaid": -1835000, "netBorrowings": 8732336000, "otherCashflowsFromFinancingActivities": -4266321000, "totalCashFromFinancingActivities": 5952216000, "effectOfExchangeRate": 2347000, "changeInCash": 57053000, "issuanceOfStock": 1488036000}], "maxAge": 86400}, "indexTrend": {"maxAge": 1, "symbol": "SP5", "peRatio": 19.7411, "pegRatio": 1.34172, "estimates": [{"period": "0q", "growth": 0.549}, {"period": "+1q", "growth": 0.431}, {"period": "0y", "growth": 0.305}, {"period": "+1y", "growth": 0.109}, {"period": "+5y", "growth": 0.120865}, {"period": "-5y"}]}, "defaultKeyStatistics": {"maxAge": 1, "priceHint": 2, "enterpriseValue": 22455519232, "profitMargins": -0.48119998, "floatShares": 117508538, "sharesOutstanding": 211571008, "heldPercentInsiders": 0.34208, "heldPercentInstitutions": 0.0, "beta": 1.319323, "category": null, "bookValue": -1.863, "fundFamily": null, "legalType": null, "lastFiscalYearEnd": "2020-03-31 05:30:00", "nextFiscalYearEnd": "2022-03-31 05:30:00", "mostRecentQuarter": "2020-12-31 05:30:00", "netIncomeToCommon": -2230629120, "trailingEps": -10.431, "lastSplitFactor": null, "enterpriseToRevenue": 4.844, "enterpriseToEbitda": -17.345}, "industryTrend": {"maxAge": 1, "symbol": null, "estimates": []}, "quoteType": {"exchange": "NSI", "quoteType": "EQUITY", "symbol": "MBECL.NS", "underlyingSymbol": "MBECL.NS", "shortName": "MCNALLY BHARAT ENG", "longName": "McNally Bharat Engineering Company Limited", "firstTradeDateEpochUtc": "2006-10-06 09:15:00", "timeZoneFullName": "Asia/Kolkata", "timeZoneShortName": "IST", "uuid": "b75b4e8a-4bdc-3412-a300-31ea2f1de8b5", "gmtOffSetMilliseconds": 19800000, "maxAge": 1}, "incomeStatementHistory": {"incomeStatementHistory": [{"maxAge": 1, "endDate": "2020-03-31", "totalRevenue": 7300467000, "costOfRevenue": 4999919000, "grossProfit": 2300548000, "researchDevelopment": {}, "sellingGeneralAdministrative": 1078445000, "nonRecurring": {}, "otherOperatingExpenses": 4341213000, "totalOperatingExpenses": 10600784000, "operatingIncome": -3300317000, "totalOtherIncomeExpenseNet": -576587000, "ebit": -3300317000, "interestExpense": -354034000, "incomeBeforeTax": -3876904000, "incomeTaxExpense": -2522000, "minorityInterest": 189531000, "netIncomeFromContinuingOps": -3874382000, "discontinuedOperations": {}, "extraordinaryItems": {}, "effectOfAccountingCharges": {}, "otherItems": {}, "netIncome": -3862304000, "netIncomeApplicableToCommonShares": -3862304000}, {"maxAge": 1, "endDate": "2019-03-31", "totalRevenue": 17387734000, "costOfRevenue": 16367835000, "grossProfit": 1019899000, "researchDevelopment": {}, "sellingGeneralAdministrative": 1419389000, "nonRecurring": {}, "otherOperatingExpenses": 2137498000, "totalOperatingExpenses": 20184035000, "operatingIncome": -2796301000, "totalOtherIncomeExpenseNet": -5220473000, "ebit": -2796301000, "interestExpense": -3916154000, "incomeBeforeTax": -8016774000, "incomeTaxExpense": -110210000, "minorityInterest": 202502000, "netIncomeFromContinuingOps": -7906564000, "discontinuedOperations": {}, "extraordinaryItems": {}, "effectOfAccountingCharges": {}, "otherItems": {}, "netIncome": -7833763000, "netIncomeApplicableToCommonShares": -7833763000}, {"maxAge": 1, "endDate": "2018-03-31", "totalRevenue": 16824876000, "costOfRevenue": 13714118000, "grossProfit": 3110758000, "researchDevelopment": {}, "sellingGeneralAdministrative": 1459037000, "nonRecurring": {}, "otherOperatingExpenses": 2538607000, "totalOperatingExpenses": 18165739000, "operatingIncome": -1340863000, "totalOtherIncomeExpenseNet": -4826924000, "ebit": -1340863000, "interestExpense": -5547059000, "incomeBeforeTax": -6167787000, "incomeTaxExpense": -1465609000, "minorityInterest": 319604000, "netIncomeFromContinuingOps": -4702178000, "discontinuedOperations": {}, "extraordinaryItems": {}, "effectOfAccountingCharges": {}, "otherItems": {}, "netIncome": -4609520000, "netIncomeApplicableToCommonShares": -4609520000}, {"maxAge": 1, "endDate": "2017-03-31", "totalRevenue": 21717924000, "costOfRevenue": 21233773000, "grossProfit": 484151000, "researchDevelopment": {}, "sellingGeneralAdministrative": 1477703000, "nonRecurring": {}, "otherOperatingExpenses": 269003000, "totalOperatingExpenses": 23566269000, "operatingIncome": -1848345000, "totalOtherIncomeExpenseNet": -3876367000, "ebit": -1848345000, "interestExpense": -4314643000, "incomeBeforeTax": -5724712000, "incomeTaxExpense": -5215756000, "minorityInterest": 357174000, "netIncomeFromContinuingOps": -508956000, "discontinuedOperations": {}, "extraordinaryItems": {}, "effectOfAccountingCharges": {}, "otherItems": {}, "netIncome": -569441000, "netIncomeApplicableToCommonShares": -646474000}], "maxAge": 86400}, "fundOwnership": {"ownershipList": [], "maxAge": 1}, "summaryDetail": {"maxAge": 1, "priceHint": 2, "previousClose": 7.75, "open": 7.9, "dayLow": 7.5, "dayHigh": 8.0, "regularMarketPreviousClose": 7.75, "regularMarketOpen": 7.9, "regularMarketDayLow": 7.5, "regularMarketDayHigh": 8.0, "exDividendDate": "2013-09-18 05:30:00", "payoutRatio": 0.0, "beta": 1.319323, "volume": 16683, "regularMarketVolume": 16683, "averageVolume": 147777, "averageVolume10days": 73816, "averageDailyVolume10Day": 73816, "bid": 0.0, "ask": 0.0, "bidSize": 0, "askSize": 0, "marketCap": 1633328000, "fiftyTwoWeekLow": 2.2, "fiftyTwoWeekHigh": 12.45, "priceToSalesTrailing12Months": 0.35234568, "fiftyDayAverage": 9.416667, "twoHundredDayAverage": 6.6553574, "currency": "INR", "fromCurrency": null, "lastMarket": null, "algorithm": null, "tradeable": false}, "insiderHolders": {"holders": [{"maxAge": 1, "name": "Babcock Borsig Ltd", "relation": "Promoter", "url": "", "transactionDescription": "Other", "latestTransDate": "2019-09-24", "positionDirect": 13664636, "positionDirectDate": "2019-09-24"}, {"maxAge": 1, "name": "IBC Knowledge Park Pvt. Ltd.", "relation": "Institution- Corporation", "url": "", "transactionDescription": "Acquisition", "latestTransDate": "2011-02-18", "positionDirect": 1520656, "positionDirectDate": "2011-02-18"}, {"maxAge": 1, "name": "Jan Hit Seva Trust", "relation": "Institution- Corporation", "url": "", "transactionDescription": "Sale", "latestTransDate": "2011-04-28", "positionDirect": 745600, "positionDirectDate": "2011-04-28"}, {"maxAge": 1, "name": "Jhunjhunwala (Rekha Rakesh)", "relation": "UNREPORTED", "url": "", "transactionDescription": "Other", "latestTransDate": "2015-03-04", "positionDirect": 3498349, "positionDirectDate": "2015-03-04"}, {"maxAge": 1, "name": "Khaitan (Isha)", "relation": "Promoter", "url": "", "transactionDescription": "Other", "latestTransDate": "2015-03-31", "positionDirect": 24000, "positionDirectDate": "2015-03-31"}, {"maxAge": 1, "name": "Kotak India Focus Fund", "relation": "Investment Management Company", "url": "", "transactionDescription": "Sale", "latestTransDate": "2013-03-25", "positionDirect": 947055, "positionDirectDate": "2013-03-25"}, {"maxAge": 1, "name": "MKN Investment Pvt Ltd", "relation": "Institution- Corporation", "url": "", "transactionDescription": "Other", "latestTransDate": "2015-03-16", "positionDirect": 5000000, "positionDirectDate": "2015-03-16"}, {"maxAge": 1, "name": "Parijat Shipping & Finale Ltd.", "relation": "Institution- Corporation", "url": "", "transactionDescription": "Acquisition", "latestTransDate": "2011-02-21", "positionDirect": 1650803, "positionDirectDate": "2011-02-21"}, {"maxAge": 1, "name": "Sundaram Mutual Fund A/c Sundaram Select Thematic Funds Cape", "relation": "Investment Advisor", "url": "", "transactionDescription": "Acquisition", "latestTransDate": "2011-07-18", "positionDirect": 691096, "positionDirectDate": "2011-07-18"}, {"maxAge": 1, "name": "Zin (Yunus)", "relation": "UNREPORTED", "url": "", "transactionDescription": "Acquisition", "latestTransDate": "2011-02-18", "positionDirect": 83753, "positionDirectDate": "2011-02-18"}], "maxAge": 1}, "calendarEvents": {"maxAge": 1, "earnings": {"earningsDate": []}, "exDividendDate": "2013-09-18 05:30:00"}, "upgradeDowngradeHistory": {"history": [], "maxAge": 86400}, "price": {"maxAge": 1, "regularMarketChangePercent": 0.0, "regularMarketChange": 0.0, "regularMarketTime": "2021-04-30 15:28:41", "priceHint": 2, "regularMarketPrice": 7.75, "regularMarketDayHigh": 8.0, "regularMarketDayLow": 7.5, "regularMarketVolume": 16683, "averageDailyVolume10Day": 73816, "averageDailyVolume3Month": 147777, "regularMarketPreviousClose": 7.75, "regularMarketSource": "FREE_REALTIME", "regularMarketOpen": 7.9, "exchange": "NSI", "exchangeName": "NSE", "exchangeDataDelayedBy": 15, "marketState": "CLOSED", "quoteType": "EQUITY", "symbol": "MBECL.NS", "underlyingSymbol": null, "shortName": "MCNALLY BHARAT ENG", "longName": "McNally Bharat Engineering Company Limited", "currency": "INR", "quoteSourceName": "Delayed Quote", "currencySymbol": "\u20b9", "fromCurrency": null, "lastMarket": null, "marketCap": 1633328000}, "balanceSheetHistory": {"balanceSheetStatements": [{"maxAge": 1, "endDate": "2020-03-31", "cash": 219864000, "shortTermInvestments": 100113000, "netReceivables": 16539986000, "inventory": 1129851000, "otherCurrentAssets": 4832021000, "totalCurrentAssets": 22928465000, "longTermInvestments": 50385000, "propertyPlantEquipment": 1879140000, "goodWill": 116264000, "intangibleAssets": 5047000, "otherAssets": 5899155000, "deferredLongTermAssetCharges": 5794049000, "totalAssets": 30878456000, "accountsPayable": 2647548000, "shortLongTermDebt": 931193000, "otherCurrentLiab": 2745142000, "longTermDebt": 1222680000, "otherLiab": 75634000, "minorityInterest": 189531000, "totalCurrentLiabilities": 29068499000, "totalLiab": 30608898000, "commonStock": 2115708000, "retainedEarnings": -21978472000, "treasuryStock": 8655886000, "capitalSurplus": 11286905000, "otherStockholderEquity": 8655886000, "totalStockholderEquity": 80027000, "netTangibleAssets": -41284000}, {"maxAge": 1, "endDate": "2019-03-31", "cash": 416794000, "shortTermInvestments": 31685000, "netReceivables": 21000789000, "inventory": 1809660000, "otherCurrentAssets": 5041795000, "totalCurrentAssets": 28415380000, "longTermInvestments": 33822000, "propertyPlantEquipment": 1823972000, "goodWill": 116264000, "intangibleAssets": 5106000, "otherAssets": 6264814000, "deferredLongTermAssetCharges": 5794049000, "totalAssets": 36659358000, "accountsPayable": 5223307000, "shortLongTermDebt": 763491000, "otherCurrentLiab": 5122254000, "longTermDebt": 1568251000, "otherLiab": 121179000, "minorityInterest": 202502000, "totalCurrentLiabilities": 33020597000, "totalLiab": 34753898000, "commonStock": 1721518000, "retainedEarnings": -20506066000, "treasuryStock": 8763324000, "capitalSurplus": 11329992000, "otherStockholderEquity": 8763324000, "totalStockholderEquity": 1308768000, "netTangibleAssets": 1187398000}, {"maxAge": 1, "endDate": "2018-03-31", "cash": 984442000, "shortTermInvestments": 48493000, "netReceivables": 32712677000, "inventory": 4175562000, "otherCurrentAssets": 5217936000, "totalCurrentAssets": 43539851000, "longTermInvestments": 190296000, "propertyPlantEquipment": 2046926000, "goodWill": 1552001000, "intangibleAssets": 8518000, "otherAssets": 5997905000, "deferredLongTermAssetCharges": 5680760000, "totalAssets": 53335497000, "accountsPayable": 9543712000, "shortLongTermDebt": 2399268000, "otherCurrentLiab": 6701555000, "longTermDebt": 680720000, "otherLiab": 165196000, "minorityInterest": 319604000, "totalCurrentLiabilities": 51311080000, "totalLiab": 52156996000, "commonStock": 1580446000, "retainedEarnings": -12685542000, "treasuryStock": 16401000, "capitalSurplus": 11412330000, "otherStockholderEquity": 16401000, "totalStockholderEquity": 323635000, "netTangibleAssets": -1236884000}, {"maxAge": 1, "endDate": "2017-03-31", "cash": 925099000, "shortTermInvestments": 198619000, "netReceivables": 32501036000, "inventory": 3373521000, "otherCurrentAssets": 7785138000, "totalCurrentAssets": 44804528000, "longTermInvestments": 221343000, "propertyPlantEquipment": 2321661000, "goodWill": 1562327000, "intangibleAssets": 8519000, "otherAssets": 5904126000, "deferredLongTermAssetCharges": 4229810000, "totalAssets": 54822504000, "accountsPayable": 14043365000, "shortLongTermDebt": 3008384000, "otherCurrentLiab": 6850341000, "longTermDebt": 1678500000, "otherLiab": 191312000, "minorityInterest": 357174000, "totalCurrentLiabilities": 51609127000, "totalLiab": 53478939000, "commonStock": 535938000, "retainedEarnings": -8069060000, "treasuryStock": 104748000, "capitalSurplus": 7581886000, "otherStockholderEquity": 104748000, "totalStockholderEquity": 153512000, "netTangibleAssets": -1417334000}], "maxAge": 86400}, "earningsTrend": {"trend": [{"maxAge": 1, "period": "0q", "endDate": null, "growth": {}, "earningsEstimate": {"avg": 0.0, "low": 0.0, "high": 0.0, "yearAgoEps": {}, "numberOfAnalysts": 0, "growth": {}}, "revenueEstimate": {"avg": 0, "low": 0, "high": 0, "numberOfAnalysts": 0, "yearAgoRevenue": {}, "growth": {}}, "epsTrend": {"current": 0.0, "7daysAgo": 0.0, "30daysAgo": 0.0, "60daysAgo": 0.0, "90daysAgo": 0.0}, "epsRevisions": {"upLast7days": 0, "upLast30days": 0, "downLast30days": 0, "downLast90days": {}}}, {"maxAge": 1, "period": "+1q", "endDate": null, "growth": {}, "earningsEstimate": {"avg": 0.0, "low": 0.0, "high": 0.0, "yearAgoEps": {}, "numberOfAnalysts": 0, "growth": {}}, "revenueEstimate": {"avg": 0, "low": 0, "high": 0, "numberOfAnalysts": 0, "yearAgoRevenue": {}, "growth": {}}, "epsTrend": {"current": 0.0, "7daysAgo": 0.0, "30daysAgo": 0.0, "60daysAgo": 0.0, "90daysAgo": 0.0}, "epsRevisions": {"upLast7days": 0, "upLast30days": 0, "downLast30days": 0, "downLast90days": {}}}, {"maxAge": 1, "period": "0y", "endDate": null, "growth": {}, "earningsEstimate": {"avg": 0.0, "low": 0.0, "high": 0.0, "yearAgoEps": {}, "numberOfAnalysts": 0, "growth": {}}, "revenueEstimate": {"avg": 0, "low": 0, "high": 0, "numberOfAnalysts": 0, "yearAgoRevenue": {}, "growth": {}}, "epsTrend": {"current": 0.0, "7daysAgo": 0.0, "30daysAgo": 0.0, "60daysAgo": 0.0, "90daysAgo": 0.0}, "epsRevisions": {"upLast7days": 0, "upLast30days": 0, "downLast30days": 0, "downLast90days": {}}}, {"maxAge": 1, "period": "+1y", "endDate": null, "growth": {}, "earningsEstimate": {"avg": 0.0, "low": 0.0, "high": 0.0, "yearAgoEps": {}, "numberOfAnalysts": 0, "growth": {}}, "revenueEstimate": {"avg": 0, "low": 0, "high": 0, "numberOfAnalysts": 0, "yearAgoRevenue": {}, "growth": {}}, "epsTrend": {"current": 0.0, "7daysAgo": 0.0, "30daysAgo": 0.0, "60daysAgo": 0.0, "90daysAgo": 0.0}, "epsRevisions": {"upLast7days": 0, "upLast30days": 0, "downLast30days": 0, "downLast90days": {}}}, {"maxAge": 1, "period": "+5y", "endDate": null, "growth": {}, "earningsEstimate": {"avg": {}, "low": {}, "high": {}, "yearAgoEps": {}, "numberOfAnalysts": {}, "growth": {}}, "revenueEstimate": {"avg": {}, "low": {}, "high": {}, "numberOfAnalysts": {}, "yearAgoRevenue": {}, "growth": {}}, "epsTrend": {"current": {}, "7daysAgo": {}, "30daysAgo": {}, "60daysAgo": {}, "90daysAgo": {}}, "epsRevisions": {"upLast7days": {}, "upLast30days": {}, "downLast30days": {}, "downLast90days": {}}}, {"maxAge": 1, "period": "-5y", "endDate": null, "growth": -0.10438, "earningsEstimate": {"avg": {}, "low": {}, "high": {}, "yearAgoEps": {}, "numberOfAnalysts": {}, "growth": {}}, "revenueEstimate": {"avg": {}, "low": {}, "high": {}, "numberOfAnalysts": {}, "yearAgoRevenue": {}, "growth": {}}, "epsTrend": {"current": {}, "7daysAgo": {}, "30daysAgo": {}, "60daysAgo": {}, "90daysAgo": {}}, "epsRevisions": {"upLast7days": {}, "upLast30days": {}, "downLast30days": {}, "downLast90days": {}}}], "maxAge": 1}, "institutionOwnership": {"ownershipList": [], "maxAge": 1}, "majorHoldersBreakdown": {"maxAge": 1, "insidersPercentHeld": 0.34208, "institutionsPercentHeld": 0.0, "institutionsFloatPercentHeld": 0.0, "institutionsCount": 0}, "balanceSheetHistoryQuarterly": {"balanceSheetStatements": [{"maxAge": 1, "endDate": "2020-12-31", "totalStockholderEquity": -394234000, "netTangibleAssets": -515378000}, {"maxAge": 1, "endDate": "2020-09-30", "cash": 305546000, "shortTermInvestments": 2276731000, "netReceivables": 13914851000, "inventory": 1102323000, "otherCurrentAssets": 4618782000, "totalCurrentAssets": 22218233000, "longTermInvestments": 64023000, "propertyPlantEquipment": 1780609000, "goodWill": 116264000, "intangibleAssets": 4880000, "otherAssets": 5895002000, "deferredLongTermAssetCharges": 5794049000, "totalAssets": 30079011000, "accountsPayable": 2616234000, "otherCurrentLiab": 4382704000, "longTermDebt": 1283744000, "otherLiab": 76184000, "minorityInterest": 191540000, "totalCurrentLiabilities": 28677916000, "totalLiab": 30281705000, "commonStock": 2115708000, "treasuryStock": -2509942000, "otherStockholderEquity": -2509942000, "totalStockholderEquity": -394234000, "netTangibleAssets": -515378000}, {"maxAge": 1, "endDate": "2020-06-30", "totalStockholderEquity": 80027000, "netTangibleAssets": -41284000}, {"maxAge": 1, "endDate": "2020-03-31", "cash": 219864000, "shortTermInvestments": 100113000, "netReceivables": 16539986000, "inventory": 1129851000, "otherCurrentAssets": 4832021000, "totalCurrentAssets": 22928465000, "longTermInvestments": 50385000, "propertyPlantEquipment": 1879140000, "goodWill": 116264000, "intangibleAssets": 5047000, "otherAssets": 5899155000, "deferredLongTermAssetCharges": 5794049000, "totalAssets": 30878456000, "accountsPayable": 2647548000, "shortLongTermDebt": 931193000, "otherCurrentLiab": 2745142000, "longTermDebt": 1222680000, "otherLiab": 75634000, "minorityInterest": 189531000, "totalCurrentLiabilities": 29068499000, "totalLiab": 30608898000, "commonStock": 2115708000, "retainedEarnings": -21978472000, "treasuryStock": 8655886000, "capitalSurplus": 11286905000, "otherStockholderEquity": 8655886000, "totalStockholderEquity": 80027000, "netTangibleAssets": -41284000}], "maxAge": 86400}, "earningsHistory": {"history": [{"maxAge": 1, "epsActual": {}, "epsEstimate": {}, "epsDifference": {}, "surprisePercent": {}, "quarter": {}, "period": "-4q"}, {"maxAge": 1, "epsActual": {}, "epsEstimate": {}, "epsDifference": {}, "surprisePercent": {}, "quarter": {}, "period": "-3q"}, {"maxAge": 1, "epsActual": {}, "epsEstimate": {}, "epsDifference": {}, "surprisePercent": {}, "quarter": {}, "period": "-2q"}, {"maxAge": 1, "epsActual": {}, "epsEstimate": {}, "epsDifference": {}, "surprisePercent": {}, "quarter": {}, "period": "-1q"}], "maxAge": 86400}, "summaryProfile": {"address1": "Ecospace Business Park", "address2": "Campus-2B, 11F/12 (Old Plot No. AA II/Blk 3) Rajarhat New Town, North 24 Parganas", "city": "Kolkata", "zip": "700160", "country": "India", "phone": "91 33 3014 1111", "fax": "91 33 3014 2277", "website": "http://www.mcnallybharat.com", "industry": "Engineering & Construction", "sector": "Industrials", "longBusinessSummary": "McNally Bharat Engineering Company Limited primarily engages in engineering, procurement, and construction businesses in India. It operates through two segments, Turnkey Engineering and Other Engineering Services. The company offers its turnkey solutions in the areas of power, steel, coal and mining, ports, aluminum, material handling, mineral processing, cement, water, pyro processing, pneumatic handling of powdered materials, coal washing, port cranes, cement, civic, industrial water supply, and oil and gas sectors, as well as for infrastructure sectors, such as buildings and townships, high rises, roads, metro, rail etc. It also manufactures a range of products, including crushers and screeners, mobile crushing and screening plants, skid mounted coal sizers, mills, pressure vessels, material handling equipment, and steel plant equipment, as well as process equipment, such as flotation cells, thickeners, slurry pumps, etc. The company was formerly known as McNally-Bird Engineering Company Limited and changed its name to McNally Bharat Engineering Company Limited in 1972. McNally Bharat Engineering Company Limited was founded in 1961 and is headquartered in Kolkata, India.", "fullTimeEmployees": 769, "companyOfficers": [], "maxAge": 86400}, "netSharePurchaseActivity": {"maxAge": 1, "period": "6m", "buyInfoCount": 0, "buyInfoShares": 0, "sellInfoCount": 0, "netInfoCount": 0, "netInfoShares": 0, "netPercentInsiderShares": 0.0, "totalInsiderShares": 72374136}, "insiderTransactions": {"transactions": [{"maxAge": 1, "shares": 1000000, "filerUrl": "", "transactionText": "", "filerName": "Babcock Borsig Ltd", "filerRelation": "Promoter", "moneyText": "", "startDate": "2019-09-24", "ownership": "D"}, {"maxAge": 1, "shares": 2863636, "filerUrl": "", "transactionText": "", "filerName": "Babcock Borsig Ltd", "filerRelation": "Promoter", "moneyText": "", "startDate": "2018-09-29", "ownership": "D"}, {"maxAge": 1, "shares": 5562636, "filerUrl": "", "transactionText": "", "filerName": "Babcock Borsig Ltd", "filerRelation": "Promoter", "moneyText": "", "startDate": "2018-03-31", "ownership": "D"}, {"maxAge": 1, "shares": 2937364, "filerUrl": "", "transactionText": "", "filerName": "Babcock Borsig Ltd", "filerRelation": "Promoter", "moneyText": "", "startDate": "2018-03-31", "ownership": "D"}, {"maxAge": 1, "shares": 0, "filerUrl": "", "transactionText": "", "filerName": "Babcock Borsig Ltd", "filerRelation": "Promoter", "moneyText": "", "startDate": "2017-03-30", "ownership": "I"}, {"maxAge": 1, "shares": 24000, "filerUrl": "", "transactionText": "", "filerName": "Khaitan (Isha)", "filerRelation": "Promoter", "moneyText": "", "startDate": "2015-03-31", "ownership": "D"}, {"maxAge": 1, "shares": 5000000, "filerUrl": "", "transactionText": "", "filerName": "MKN Investment Pvt Ltd", "filerRelation": "Institution- Corporation", "moneyText": "", "startDate": "2015-03-16", "ownership": "D"}, {"maxAge": 1, "shares": 2500000, "filerUrl": "", "transactionText": "", "filerName": "Jhunjhunwala (Rekha Rakesh)", "filerRelation": "UNREPORTED", "moneyText": "", "startDate": "2015-03-04", "ownership": "D"}, {"maxAge": 1, "shares": 30705, "filerUrl": "", "transactionText": "", "filerName": "Kotak India Focus Fund", "filerRelation": "Investment Management Company", "moneyText": "", "startDate": "2013-03-25", "ownership": "D"}, {"maxAge": 1, "shares": 386631, "filerUrl": "", "transactionText": "", "filerName": "Sundaram Mutual Fund A/c Sundaram Select Thematic Funds Cape", "filerRelation": "Investment Advisor", "moneyText": "", "startDate": "2011-07-18", "ownership": "D"}, {"maxAge": 1, "shares": 1300000, "filerUrl": "", "transactionText": "", "filerName": "Babcock Borsig Ltd", "filerRelation": "Institution- Corporation", "moneyText": "", "startDate": "2011-04-28", "ownership": "D"}, {"maxAge": 1, "shares": 3000000, "filerUrl": "", "transactionText": "", "filerName": "Jan Hit Seva Trust", "filerRelation": "Institution- Corporation", "moneyText": "", "startDate": "2011-04-28", "ownership": "D"}, {"maxAge": 1, "shares": 130147, "filerUrl": "", "transactionText": "", "filerName": "Parijat Shipping & Finale Ltd.", "filerRelation": "Institution- Corporation", "moneyText": "", "startDate": "2011-02-21", "ownership": "D"}, {"maxAge": 1, "shares": 83753, "filerUrl": "", "transactionText": "", "filerName": "Zin (Yunus)", "filerRelation": "UNREPORTED", "moneyText": "", "startDate": "2011-02-18", "ownership": "D"}, {"maxAge": 1, "shares": 1520656, "filerUrl": "", "transactionText": "", "filerName": "IBC Knowledge Park Pvt. Ltd.", "filerRelation": "Institution- Corporation", "moneyText": "", "startDate": "2011-02-18", "ownership": "D"}, {"maxAge": 1, "shares": 72231, "filerUrl": "", "transactionText": "", "filerName": "Fidelity Capital Investment Inc", "filerRelation": "Investment Advisor", "moneyText": "", "startDate": "2010-05-24", "ownership": "D"}, {"maxAge": 1, "shares": 1000, "filerUrl": "", "transactionText": "", "filerName": "Chatterjee (Dibakar)", "filerRelation": "UNREPORTED", "moneyText": "", "startDate": "2009-11-09", "ownership": "D"}], "maxAge": 1}, "sectorTrend": {"maxAge": 1, "symbol": null, "estimates": []}, "incomeStatementHistoryQuarterly": {"incomeStatementHistory": [{"maxAge": 1, "endDate": "2020-12-31", "totalRevenue": 1204931000, "costOfRevenue": 862759000, "grossProfit": 342172000, "researchDevelopment": {}, "sellingGeneralAdministrative": 206316000, "nonRecurring": {}, "otherOperatingExpenses": 294019000, "totalOperatingExpenses": 1395804000, "operatingIncome": -190873000, "totalOtherIncomeExpenseNet": -3266000, "ebit": -190873000, "interestExpense": -86441000, "incomeBeforeTax": -194139000, "incomeTaxExpense": 0, "minorityInterest": {}, "netIncomeFromContinuingOps": -194139000, "discontinuedOperations": {}, "extraordinaryItems": {}, "effectOfAccountingCharges": {}, "otherItems": {}, "netIncome": -197345000, "netIncomeApplicableToCommonShares": -197345000}, {"maxAge": 1, "endDate": "2020-09-30", "totalRevenue": 1010362000, "costOfRevenue": 617305000, "grossProfit": 393057000, "researchDevelopment": {}, "sellingGeneralAdministrative": 191354000, "nonRecurring": {}, "otherOperatingExpenses": 203937000, "totalOperatingExpenses": 1060938000, "operatingIncome": -50576000, "totalOtherIncomeExpenseNet": -54825000, "ebit": -50576000, "interestExpense": -155578000, "incomeBeforeTax": -105401000, "incomeTaxExpense": 0, "minorityInterest": 191540000, "netIncomeFromContinuingOps": -105401000, "discontinuedOperations": {}, "extraordinaryItems": {}, "effectOfAccountingCharges": {}, "otherItems": {}, "netIncome": -114610000, "netIncomeApplicableToCommonShares": -114610000}, {"maxAge": 1, "endDate": "2020-06-30", "totalRevenue": 1049525000, "costOfRevenue": 792443000, "grossProfit": 257082000, "researchDevelopment": {}, "sellingGeneralAdministrative": 157307000, "nonRecurring": {}, "otherOperatingExpenses": 249780000, "totalOperatingExpenses": 1251880000, "operatingIncome": -202355000, "totalOtherIncomeExpenseNet": -104364000, "ebit": -202355000, "interestExpense": -178842000, "incomeBeforeTax": -306719000, "incomeTaxExpense": 0, "minorityInterest": 191540000, "netIncomeFromContinuingOps": -306719000, "discontinuedOperations": {}, "extraordinaryItems": {}, "effectOfAccountingCharges": {}, "otherItems": {}, "netIncome": -300036000, "netIncomeApplicableToCommonShares": -300036000}, {"maxAge": 1, "endDate": "2020-03-31", "totalRevenue": 1370764000, "costOfRevenue": 857715000, "grossProfit": 513049000, "researchDevelopment": {}, "sellingGeneralAdministrative": 278477000, "nonRecurring": {}, "otherOperatingExpenses": 1185506000, "totalOperatingExpenses": 2366355000, "operatingIncome": -995591000, "totalOtherIncomeExpenseNet": -633152000, "ebit": -995591000, "interestExpense": -178842000, "incomeBeforeTax": -1628743000, "incomeTaxExpense": 0, "minorityInterest": 189531000, "netIncomeFromContinuingOps": -1628743000, "discontinuedOperations": {}, "extraordinaryItems": {}, "effectOfAccountingCharges": {}, "otherItems": {}, "netIncome": -1618638000, "netIncomeApplicableToCommonShares": -1618638000}], "maxAge": 86400}, "cashflowStatementHistoryQuarterly": {"cashflowStatements": [{"maxAge": 1, "endDate": "2020-12-31", "netIncome": -197345000, "changeToLiabilities": 0}, {"maxAge": 1, "endDate": "2020-09-30", "netIncome": -114610000, "changeToLiabilities": 0}, {"maxAge": 1, "endDate": "2020-06-30", "netIncome": -300036000, "changeToLiabilities": 0}, {"maxAge": 1, "endDate": "2020-03-31", "netIncome": -1618638000, "changeToLiabilities": 0}], "maxAge": 86400}, "earnings": {"maxAge": 86400, "earningsChart": {"quarterly": [], "earningsDate": []}, "financialsChart": {"yearly": [{"date": 2017, "revenue": 21717924000, "earnings": -569441000}, {"date": 2018, "revenue": 16824876000, "earnings": -4609520000}, {"date": 2019, "revenue": 17387734000, "earnings": -7833763000}, {"date": 2020, "revenue": 7300467000, "earnings": -3862304000}], "quarterly": [{"date": "1Q2020", "revenue": 1370764000, "earnings": -1618638000}, {"date": "2Q2020", "revenue": 1049525000, "earnings": -300036000}, {"date": "3Q2020", "revenue": 1010362000, "earnings": -114610000}, {"date": "4Q2020", "revenue": 1204931000, "earnings": -197345000}]}, "financialCurrency": "INR"}, "financialData": {"maxAge": 86400, "currentPrice": 7.75, "targetHighPrice": 56.0, "targetLowPrice": 56.0, "targetMeanPrice": 56.0, "targetMedianPrice": 56.0, "recommendationKey": "none", "numberOfAnalystOpinions": 1, "totalCash": 2582277120, "totalCashPerShare": 12.205, "ebitda": -1294659968, "totalDebt": 23206582272, "totalRevenue": 4635584000, "revenuePerShare": 21.668, "grossProfits": 2300548000, "revenueGrowth": -0.266, "grossMargins": 0.32474, "ebitdaMargins": -0.27929002, "operatingMargins": -0.31051, "profitMargins": -0.48119998, "financialCurrency": "INR"}}}