{"MBECL.BO": {"recommendationTrend": {"trend": [{"period": "0m", "strongBuy": 0, "buy": 0, "hold": 0, "sell": 0, "strongSell": 0}, {"period": "-1m", "strongBuy": 0, "buy": 0, "hold": 0, "sell": 0, "strongSell": 0}, {"period": "-2m", "strongBuy": 0, "buy": 0, "hold": 0, "sell": 0, "strongSell": 0}, {"period": "-3m", "strongBuy": 0, "buy": 0, "hold": 0, "sell": 0, "strongSell": 0}], "maxAge": 86400}, "cashflowStatementHistory": {"cashflowStatements": [{"maxAge": 1, "endDate": "2020-03-31", "netIncome": -3862304000, "depreciation": 181134000, "changeToNetincome": 3498333000, "changeToAccountReceivables": 986059000, "changeToLiabilities": -2436033000, "changeToInventory": 679903000, "changeToOperatingActivities": -912213000, "totalCashFromOperatingActivities": -1865121000, "capitalExpenditures": -31768000, "investments": 424782000, "otherCashflowsFromInvestingActivities": 69501000, "totalCashflowsFromInvestingActivities": 472176000, "netBorrowings": 1499527000, "otherCashflowsFromFinancingActivities": -298757000, "totalCashFromFinancingActivities": 1200770000, "effectOfExchangeRate": -27000, "changeInCash": -192202000}, {"maxAge": 1, "endDate": "2019-03-31", "netIncome": -7833763000, "depreciation": 228747000, "changeToNetincome": 6346094000, "changeToAccountReceivables": -523162000, "changeToLiabilities": -3765950000, "changeToInventory": 526026000, "changeToOperatingActivities": 8606794000, "totalCashFromOperatingActivities": 3588208000, "capitalExpenditures": -10329000, "investments": 3733002000, "otherCashflowsFromInvestingActivities": 315452000, "totalCashflowsFromInvestingActivities": 3904153000, "dividendsPaid": -200000, "netBorrowings": -3938504000, "otherCashflowsFromFinancingActivities": -4126022000, "totalCashFromFinancingActivities": -8064726000, "effectOfExchangeRate": 24000, "changeInCash": -572341000}, {"maxAge": 1, "endDate": "2018-03-31", "netIncome": -4609520000, "depreciation": 303171000, "changeToNetincome": 2861521000, "changeToAccountReceivables": 626791000, "changeToLiabilities": -4503053000, "changeToInventory": -802041000, "changeToOperatingActivities": 3082422000, "totalCashFromOperatingActivities": -3033482000, "capitalExpenditures": -55822000, "investments": 94113000, "otherCashflowsFromInvestingActivities": 489028000, "totalCashflowsFromInvestingActivities": 651470000, "dividendsPaid": -200000, "netBorrowings": 4800270000, "otherCashflowsFromFinancingActivities": -5721411000, "totalCashFromFinancingActivities": 3017158000, "effectOfExchangeRate": 66000, "changeInCash": 635212000, "issuanceOfStock": 3938299000}, {"maxAge": 1, "endDate": "2017-03-31", "netIncome": -569441000, "depreciation": 438469000, "changeToNetincome": -3759566000, "changeToAccountReceivables": -1957556000, "changeToLiabilities": 1114495000, "changeToInventory": -370333000, "changeToOperatingActivities": -588937000, "totalCashFromOperatingActivities": -5677962000, "capitalExpenditures": -6417000, "investments": 62468000, "otherCashflowsFromInvestingActivities": 173599000, "totalCashflowsFromInvestingActivities": -219547000, "dividendsPaid": -1835000, "netBorrowings": 8732336000, "otherCashflowsFromFinancingActivities": -4266321000, "totalCashFromFinancingActivities": 5952216000, "effectOfExchangeRate": 2347000, "changeInCash": 57053000, "issuanceOfStock": 1488036000}], "maxAge": 86400}, "institutionOwnership": {"ownershipList": [], "maxAge": 1}, "balanceSheetHistoryQuarterly": {"balanceSheetStatements": [{"maxAge": 1, "endDate": "2020-06-30", "totalStockholderEquity": 80027000, "netTangibleAssets": -41284000}, {"maxAge": 1, "endDate": "2020-03-31", "cash": 258315000, "shortTermInvestments": 2160542000, "netReceivables": 14481892000, "inventory": 1129851000, "otherCurrentAssets": 4897865000, "totalCurrentAssets": 22928465000, "longTermInvestments": 60971000, "propertyPlantEquipment": 1879140000, "goodWill": 116264000, "intangibleAssets": 5047000, "otherAssets": 5888569000, "deferredLongTermAssetCharges": 5794049000, "totalAssets": 30878456000, "accountsPayable": 2647548000, "otherCurrentLiab": 4608012000, "longTermDebt": 1222680000, "otherLiab": 97873000, "minorityInterest": 189531000, "totalCurrentLiabilities": 29068499000, "totalLiab": 30608898000, "commonStock": 2115708000, "treasuryStock": -2035681000, "otherStockholderEquity": -2035681000, "totalStockholderEquity": 80027000, "netTangibleAssets": -41284000}, {"maxAge": 1, "endDate": "2019-12-31", "totalStockholderEquity": 3292343000, "netTangibleAssets": 3171204000}, {"maxAge": 1, "endDate": "2019-09-30", "cash": 252385000, "shortTermInvestments": 3508379000, "netReceivables": 16925267000, "inventory": 1200651000, "otherCurrentAssets": 5175152000, "totalCurrentAssets": 27061834000, "longTermInvestments": 45930000, "propertyPlantEquipment": 1941117000, "goodWill": 116264000, "intangibleAssets": 4875000, "otherAssets": 5942014000, "deferredLongTermAssetCharges": 5794049000, "totalAssets": 35112034000, "accountsPayable": 4062614000, "otherCurrentLiab": 4414213000, "longTermDebt": 1548528000, "otherLiab": 336029000, "minorityInterest": 194648000, "totalCurrentLiabilities": 29740486000, "totalLiab": 31625043000, "commonStock": 2115708000, "treasuryStock": 1176635000, "otherStockholderEquity": 1176635000, "totalStockholderEquity": 3292343000, "netTangibleAssets": 3171204000}], "maxAge": 86400}, "earningsHistory": {"history": [{"maxAge": 1, "epsActual": {}, "epsEstimate": {}, "epsDifference": {}, "surprisePercent": {}, "quarter": {}, "period": "-4q"}, {"maxAge": 1, "epsActual": {}, "epsEstimate": {}, "epsDifference": {}, "surprisePercent": {}, "quarter": {}, "period": "-3q"}, {"maxAge": 1, "epsActual": {}, "epsEstimate": {}, "epsDifference": {}, "surprisePercent": {}, "quarter": {}, "period": "-2q"}, {"maxAge": 1, "epsActual": {}, "epsEstimate": {}, "epsDifference": {}, "surprisePercent": {}, "quarter": {}, "period": "-1q"}], "maxAge": 86400}, "indexTrend": {"maxAge": 1, "symbol": "SP5", "peRatio": 19.7411, "pegRatio": 1.34172, "estimates": [{"period": "0q", "growth": 0.549}, {"period": "+1q", "growth": 0.431}, {"period": "0y", "growth": 0.305}, {"period": "+1y", "growth": 0.109}, {"period": "+5y", "growth": 0.120865}, {"period": "-5y"}]}, "industryTrend": {"maxAge": 1, "symbol": null, "estimates": []}, "insiderTransactions": {"transactions": [{"maxAge": 1, "shares": 1000000, "filerUrl": "", "transactionText": "", "filerName": "Babcock Borsig Ltd", "filerRelation": "Promoter", "moneyText": "", "startDate": "2019-09-24", "ownership": "D"}, {"maxAge": 1, "shares": 2863636, "filerUrl": "", "transactionText": "", "filerName": "Babcock Borsig Ltd", "filerRelation": "Promoter", "moneyText": "", "startDate": "2018-09-29", "ownership": "D"}, {"maxAge": 1, "shares": 5562636, "filerUrl": "", "transactionText": "", "filerName": "Babcock Borsig Ltd", "filerRelation": "Promoter", "moneyText": "", "startDate": "2018-03-31", "ownership": "D"}, {"maxAge": 1, "shares": 2937364, "filerUrl": "", "transactionText": "", "filerName": "Babcock Borsig Ltd", "filerRelation": "Promoter", "moneyText": "", "startDate": "2018-03-31", "ownership": "D"}, {"maxAge": 1, "shares": 0, "filerUrl": "", "transactionText": "", "filerName": "Babcock Borsig Ltd", "filerRelation": "Promoter", "moneyText": "", "startDate": "2017-03-30", "ownership": "I"}, {"maxAge": 1, "shares": 24000, "filerUrl": "", "transactionText": "", "filerName": "Khaitan (Isha)", "filerRelation": "Promoter", "moneyText": "", "startDate": "2015-03-31", "ownership": "D"}, {"maxAge": 1, "shares": 5000000, "filerUrl": "", "transactionText": "", "filerName": "MKN Investment Pvt Ltd", "filerRelation": "Institution- Corporation", "moneyText": "", "startDate": "2015-03-16", "ownership": "D"}, {"maxAge": 1, "shares": 2500000, "filerUrl": "", "transactionText": "", "filerName": "Jhunjhunwala (Rekha Rakesh)", "filerRelation": "UNREPORTED", "moneyText": "", "startDate": "2015-03-04", "ownership": "D"}, {"maxAge": 1, "shares": 30705, "filerUrl": "", "transactionText": "", "filerName": "Kotak India Focus Fund", "filerRelation": "Investment Management Company", "moneyText": "", "startDate": "2013-03-25", "ownership": "D"}, {"maxAge": 1, "shares": 386631, "filerUrl": "", "transactionText": "", "filerName": "Sundaram Mutual Fund A/c Sundaram Select Thematic Funds Cape", "filerRelation": "Investment Advisor", "moneyText": "", "startDate": "2011-07-18", "ownership": "D"}, {"maxAge": 1, "shares": 1300000, "filerUrl": "", "transactionText": "", "filerName": "Babcock Borsig Ltd", "filerRelation": "Institution- Corporation", "moneyText": "", "startDate": "2011-04-28", "ownership": "D"}, {"maxAge": 1, "shares": 3000000, "filerUrl": "", "transactionText": "", "filerName": "Jan Hit Seva Trust", "filerRelation": "Institution- Corporation", "moneyText": "", "startDate": "2011-04-28", "ownership": "D"}, {"maxAge": 1, "shares": 130147, "filerUrl": "", "transactionText": "", "filerName": "Parijat Shipping & Finale Ltd.", "filerRelation": "Institution- Corporation", "moneyText": "", "startDate": "2011-02-21", "ownership": "D"}, {"maxAge": 1, "shares": 83753, "filerUrl": "", "transactionText": "", "filerName": "Zin (Yunus)", "filerRelation": "UNREPORTED", "moneyText": "", "startDate": "2011-02-18", "ownership": "D"}, {"maxAge": 1, "shares": 1520656, "filerUrl": "", "transactionText": "", "filerName": "IBC Knowledge Park Pvt. Ltd.", "filerRelation": "Institution- Corporation", "moneyText": "", "startDate": "2011-02-18", "ownership": "D"}, {"maxAge": 1, "shares": 72231, "filerUrl": "", "transactionText": "", "filerName": "Fidelity Capital Investment Inc", "filerRelation": "Investment Advisor", "moneyText": "", "startDate": "2010-05-24", "ownership": "D"}, {"maxAge": 1, "shares": 1000, "filerUrl": "", "transactionText": "", "filerName": "Chatterjee (Dibakar)", "filerRelation": "UNREPORTED", "moneyText": "", "startDate": "2009-11-09", "ownership": "D"}], "maxAge": 1}, "quoteType": {"exchange": "BSE", "quoteType": "EQUITY", "symbol": "MBECL.BO", "underlyingSymbol": "MBECL.BO", "shortName": "MCNALLY BHARAT ENGINEERING COM", "longName": "McNally Bharat Engineering Company Limited", "firstTradeDateEpochUtc": "2003-01-08 09:15:00", "timeZoneFullName": "Asia/Kolkata", "timeZoneShortName": "IST", "uuid": "e0b7a201-90b1-361b-8c65-a5c1ae544d65", "gmtOffSetMilliseconds": 19800000, "maxAge": 1}, "incomeStatementHistory": {"incomeStatementHistory": [{"maxAge": 1, "endDate": "2020-03-31", "totalRevenue": 7300467000, "costOfRevenue": 4951761000, "grossProfit": 2348706000, "researchDevelopment": {}, "sellingGeneralAdministrative": 1034568000, "nonRecurring": {}, "otherOperatingExpenses": 4743277000, "totalOperatingExpenses": 10910713000, "operatingIncome": -3610246000, "totalOtherIncomeExpenseNet": -266658000, "ebit": -3610246000, "interestExpense": -888004000, "incomeBeforeTax": -3876904000, "incomeTaxExpense": -2522000, "minorityInterest": 189531000, "netIncomeFromContinuingOps": -3874382000, "discontinuedOperations": {}, "extraordinaryItems": {}, "effectOfAccountingCharges": {}, "otherItems": {}, "netIncome": -3862304000, "netIncomeApplicableToCommonShares": -3862304000}, {"maxAge": 1, "endDate": "2019-03-31", "totalRevenue": 17414134000, "costOfRevenue": 16320901000, "grossProfit": 1093233000, "researchDevelopment": {}, "sellingGeneralAdministrative": 1421789000, "nonRecurring": {}, "otherOperatingExpenses": 2212675000, "totalOperatingExpenses": 20212278000, "operatingIncome": -2798144000, "totalOtherIncomeExpenseNet": -5218630000, "ebit": -2798144000, "interestExpense": -3916153000, "incomeBeforeTax": -8016774000, "incomeTaxExpense": -110210000, "minorityInterest": 202502000, "netIncomeFromContinuingOps": -7906564000, "discontinuedOperations": {}, "extraordinaryItems": {}, "effectOfAccountingCharges": {}, "otherItems": {}, "netIncome": -7833763000, "netIncomeApplicableToCommonShares": -7833763000}, {"maxAge": 1, "endDate": "2018-03-31", "totalRevenue": 16824876000, "costOfRevenue": 13714118000, "grossProfit": 3110758000, "researchDevelopment": {}, "sellingGeneralAdministrative": 1459037000, "nonRecurring": {}, "otherOperatingExpenses": 2538607000, "totalOperatingExpenses": 18165739000, "operatingIncome": -1340863000, "totalOtherIncomeExpenseNet": -4826924000, "ebit": -1340863000, "interestExpense": -5547059000, "incomeBeforeTax": -6167787000, "incomeTaxExpense": -1465609000, "minorityInterest": 319604000, "netIncomeFromContinuingOps": -4702178000, "discontinuedOperations": {}, "extraordinaryItems": {}, "effectOfAccountingCharges": {}, "otherItems": {}, "netIncome": -4609520000, "netIncomeApplicableToCommonShares": -4609520000}, {"maxAge": 1, "endDate": "2017-03-31", "totalRevenue": 21717924000, "costOfRevenue": 21233773000, "grossProfit": 484151000, "researchDevelopment": {}, "sellingGeneralAdministrative": 1477703000, "nonRecurring": {}, "otherOperatingExpenses": 269003000, "totalOperatingExpenses": 23566269000, "operatingIncome": -1848345000, "totalOtherIncomeExpenseNet": -3876367000, "ebit": -1848345000, "interestExpense": -4314643000, "incomeBeforeTax": -5724712000, "incomeTaxExpense": -5215756000, "minorityInterest": 357174000, "netIncomeFromContinuingOps": -508956000, "discontinuedOperations": {}, "extraordinaryItems": {}, "effectOfAccountingCharges": {}, "otherItems": {}, "netIncome": -569441000, "netIncomeApplicableToCommonShares": -646474000}], "maxAge": 86400}, "fundOwnership": {"ownershipList": [], "maxAge": 1}, "summaryDetail": {"maxAge": 1, "priceHint": 2, "previousClose": 7.72, "open": 7.5, "dayLow": 7.5, "dayHigh": 7.85, "regularMarketPreviousClose": 7.72, "regularMarketOpen": 7.5, "regularMarketDayLow": 7.5, "regularMarketDayHigh": 7.85, "volume": 4358, "regularMarketVolume": 4358, "averageVolume": 40091, "averageVolume10days": 46156, "averageDailyVolume10Day": 46156, "bid": 7.65, "ask": 7.95, "bidSize": 0, "askSize": 0, "marketCap": 1209044224, "fiftyTwoWeekLow": 2.1, "fiftyTwoWeekHigh": 8.37, "fiftyDayAverage": 5.913636, "twoHundredDayAverage": 5.480662, "currency": "INR", "fromCurrency": null, "lastMarket": null, "algorithm": null, "tradeable": false}, "sectorTrend": {"maxAge": 1, "symbol": null, "estimates": []}, "incomeStatementHistoryQuarterly": {"incomeStatementHistory": [{"maxAge": 1, "endDate": "2020-06-30", "totalRevenue": 1049525000, "costOfRevenue": 792443000, "grossProfit": 257082000, "researchDevelopment": {}, "sellingGeneralAdministrative": 157307000, "nonRecurring": {}, "otherOperatingExpenses": 249780000, "totalOperatingExpenses": 1251880000, "operatingIncome": -202355000, "totalOtherIncomeExpenseNet": -104364000, "ebit": -202355000, "interestExpense": -178842000, "incomeBeforeTax": -306719000, "incomeTaxExpense": 0, "minorityInterest": {}, "netIncomeFromContinuingOps": -306719000, "discontinuedOperations": {}, "extraordinaryItems": {}, "effectOfAccountingCharges": {}, "otherItems": {}, "netIncome": -300036000, "netIncomeApplicableToCommonShares": -300036000}, {"maxAge": 1, "endDate": "2020-03-31", "totalRevenue": 1370764000, "costOfRevenue": 809557000, "grossProfit": 561207000, "researchDevelopment": {}, "sellingGeneralAdministrative": 234600000, "nonRecurring": {}, "otherOperatingExpenses": 1587570000, "totalOperatingExpenses": 2676284000, "operatingIncome": -1305520000, "totalOtherIncomeExpenseNet": -323246000, "ebit": -1305520000, "interestExpense": -377556000, "incomeBeforeTax": -1628766000, "incomeTaxExpense": 0, "minorityInterest": 189531000, "netIncomeFromContinuingOps": -1628766000, "discontinuedOperations": {}, "extraordinaryItems": {}, "effectOfAccountingCharges": {}, "otherItems": {}, "netIncome": -1632890000, "netIncomeApplicableToCommonShares": -1632890000}, {"maxAge": 1, "endDate": "2019-12-31", "totalRevenue": 1642375000, "costOfRevenue": 879076000, "grossProfit": 763299000, "researchDevelopment": {}, "sellingGeneralAdministrative": 209485000, "nonRecurring": {}, "otherOperatingExpenses": 2027250000, "totalOperatingExpenses": 3156395000, "operatingIncome": -1514020000, "totalOtherIncomeExpenseNet": 23939000, "ebit": -1514020000, "interestExpense": -33173000, "incomeBeforeTax": -1490081000, "incomeTaxExpense": 0, "minorityInterest": 189531000, "netIncomeFromContinuingOps": -1490081000, "discontinuedOperations": {}, "extraordinaryItems": {}, "effectOfAccountingCharges": {}, "otherItems": {}, "netIncome": -1494852000, "netIncomeApplicableToCommonShares": -1494852000}, {"maxAge": 1, "endDate": "2019-09-30", "totalRevenue": 2067289000, "costOfRevenue": 1692064000, "grossProfit": 375225000, "researchDevelopment": {}, "sellingGeneralAdministrative": 303508000, "nonRecurring": {}, "otherOperatingExpenses": 449644000, "totalOperatingExpenses": 2493426000, "operatingIncome": -426137000, "totalOtherIncomeExpenseNet": -6109000, "ebit": -426137000, "interestExpense": -134425000, "incomeBeforeTax": -432246000, "incomeTaxExpense": -2522000, "minorityInterest": 194648000, "netIncomeFromContinuingOps": -429724000, "discontinuedOperations": {}, "extraordinaryItems": {}, "effectOfAccountingCharges": {}, "otherItems": {}, "netIncome": -424941000, "netIncomeApplicableToCommonShares": -424941000}], "maxAge": 86400}, "cashflowStatementHistoryQuarterly": {"cashflowStatements": [{"maxAge": 1, "endDate": "2020-06-30", "netIncome": -300036000, "changeToLiabilities": 0}, {"maxAge": 1, "endDate": "2020-03-31", "netIncome": -1632890000, "changeToLiabilities": 0}, {"maxAge": 1, "endDate": "2019-12-31", "netIncome": -1494852000, "changeToLiabilities": 0}, {"maxAge": 1, "endDate": "2019-09-30", "netIncome": -424941000, "changeToLiabilities": 0}], "maxAge": 86400}, "insiderHolders": {"holders": [{"maxAge": 1, "name": "Babcock Borsig Ltd", "relation": "Promoter", "url": "", "transactionDescription": "Other", "latestTransDate": "2019-09-24", "positionDirect": 13664636, "positionDirectDate": "2019-09-24"}, {"maxAge": 1, "name": "IBC Knowledge Park Pvt. Ltd.", "relation": "Institution- Corporation", "url": "", "transactionDescription": "Acquisition", "latestTransDate": "2011-02-18", "positionDirect": 1520656, "positionDirectDate": "2011-02-18"}, {"maxAge": 1, "name": "Jan Hit Seva Trust", "relation": "Institution- Corporation", "url": "", "transactionDescription": "Sale", "latestTransDate": "2011-04-28", "positionDirect": 745600, "positionDirectDate": "2011-04-28"}, {"maxAge": 1, "name": "Jhunjhunwala (Rekha Rakesh)", "relation": "UNREPORTED", "url": "", "transactionDescription": "Other", "latestTransDate": "2015-03-04", "positionDirect": 3498349, "positionDirectDate": "2015-03-04"}, {"maxAge": 1, "name": "Khaitan (Isha)", "relation": "Promoter", "url": "", "transactionDescription": "Other", "latestTransDate": "2015-03-31", "positionDirect": 24000, "positionDirectDate": "2015-03-31"}, {"maxAge": 1, "name": "Kotak India Focus Fund", "relation": "Investment Management Company", "url": "", "transactionDescription": "Sale", "latestTransDate": "2013-03-25", "positionDirect": 947055, "positionDirectDate": "2013-03-25"}, {"maxAge": 1, "name": "MKN Investment Pvt Ltd", "relation": "Institution- Corporation", "url": "", "transactionDescription": "Other", "latestTransDate": "2015-03-16", "positionDirect": 5000000, "positionDirectDate": "2015-03-16"}, {"maxAge": 1, "name": "Parijat Shipping & Finale Ltd.", "relation": "Institution- Corporation", "url": "", "transactionDescription": "Acquisition", "latestTransDate": "2011-02-21", "positionDirect": 1650803, "positionDirectDate": "2011-02-21"}, {"maxAge": 1, "name": "Sundaram Mutual Fund A/c Sundaram Select Thematic Funds Cape", "relation": "Investment Advisor", "url": "", "transactionDescription": "Acquisition", "latestTransDate": "2011-07-18", "positionDirect": 691096, "positionDirectDate": "2011-07-18"}, {"maxAge": 1, "name": "Zin (Yunus)", "relation": "UNREPORTED", "url": "", "transactionDescription": "Acquisition", "latestTransDate": "2011-02-18", "positionDirect": 83753, "positionDirectDate": "2011-02-18"}], "maxAge": 1}, "earnings": {"maxAge": 86400, "earningsChart": {"quarterly": [], "earningsDate": ["2020-09-07 05:30:S"]}, "financialsChart": {"yearly": [{"date": 2017, "revenue": 21717924000, "earnings": -569441000}, {"date": 2018, "revenue": 16824876000, "earnings": -4609520000}, {"date": 2019, "revenue": 17414134000, "earnings": -7833763000}, {"date": 2020, "revenue": 7300467000, "earnings": -3862304000}], "quarterly": [{"date": "3Q2019", "revenue": 2067289000, "earnings": -424941000}, {"date": "4Q2019", "revenue": 1642375000, "earnings": -1494852000}, {"date": "1Q2020", "revenue": 1370764000, "earnings": -1632890000}, {"date": "2Q2020", "revenue": 1049525000, "earnings": -300036000}]}, "financialCurrency": "INR"}, "calendarEvents": {"maxAge": 1, "earnings": {"earningsDate": ["2020-09-07 05:30:S"]}}, "upgradeDowngradeHistory": {"history": [], "maxAge": 86400}, "price": {"maxAge": 1, "regularMarketChangePercent": -0.009067318, "regularMarketChange": -0.069999695, "regularMarketTime": "2021-04-30 15:00:10", "priceHint": 2, "regularMarketPrice": 7.65, "regularMarketDayHigh": 7.85, "regularMarketDayLow": 7.5, "regularMarketVolume": 4358, "averageDailyVolume10Day": 46156, "averageDailyVolume3Month": 40091, "regularMarketPreviousClose": 7.72, "regularMarketSource": "FREE_REALTIME", "regularMarketOpen": 7.5, "exchange": "BSE", "exchangeName": "BSE", "exchangeDataDelayedBy": 0, "marketState": "CLOSED", "quoteType": "EQUITY", "symbol": "MBECL.BO", "underlyingSymbol": null, "shortName": "MCNALLY BHARAT ENGINEERING COM", "longName": "McNally Bharat Engineering Company Limited", "currency": "INR", "quoteSourceName": "Delayed Quote", "currencySymbol": "\u20b9", "fromCurrency": null, "lastMarket": null, "marketCap": 1209044224}, "balanceSheetHistory": {"balanceSheetStatements": [{"maxAge": 1, "endDate": "2020-03-31", "cash": 258315000, "shortTermInvestments": 2160542000, "netReceivables": 14481892000, "inventory": 1129851000, "otherCurrentAssets": 4897865000, "totalCurrentAssets": 22928465000, "longTermInvestments": 60971000, "propertyPlantEquipment": 1879140000, "goodWill": 116264000, "intangibleAssets": 5047000, "otherAssets": 5888569000, "deferredLongTermAssetCharges": 5794049000, "totalAssets": 30878456000, "accountsPayable": 2647548000, "otherCurrentLiab": 4608012000, "longTermDebt": 1222680000, "otherLiab": 97873000, "minorityInterest": 189531000, "totalCurrentLiabilities": 29068499000, "totalLiab": 30608898000, "commonStock": 2115708000, "treasuryStock": -2035681000, "otherStockholderEquity": -2035681000, "totalStockholderEquity": 80027000, "netTangibleAssets": -41284000}, {"maxAge": 1, "endDate": "2019-03-31", "cash": 416794000, "shortTermInvestments": 31685000, "netReceivables": 21000789000, "inventory": 1809660000, "otherCurrentAssets": 5041795000, "totalCurrentAssets": 28415380000, "longTermInvestments": 33822000, "propertyPlantEquipment": 1823972000, "goodWill": 116264000, "intangibleAssets": 5106000, "otherAssets": 6264813000, "deferredLongTermAssetCharges": 5794049000, "totalAssets": 36659357000, "accountsPayable": 5670662000, "shortLongTermDebt": 763493000, "otherCurrentLiab": 5119930000, "longTermDebt": 1568251000, "otherLiab": 165049000, "minorityInterest": 202502000, "totalCurrentLiabilities": 33020597000, "totalLiab": 34753897000, "commonStock": 1721518000, "retainedEarnings": -20506066000, "treasuryStock": 8763324000, "capitalSurplus": 11329992000, "otherStockholderEquity": 8763324000, "totalStockholderEquity": 1308768000, "netTangibleAssets": 1187398000}, {"maxAge": 1, "endDate": "2018-03-31", "cash": 984442000, "shortTermInvestments": 48493000, "netReceivables": 32712677000, "inventory": 4175562000, "otherCurrentAssets": 5217936000, "totalCurrentAssets": 43539851000, "longTermInvestments": 190296000, "propertyPlantEquipment": 2046926000, "goodWill": 1552001000, "intangibleAssets": 8518000, "otherAssets": 5997905000, "deferredLongTermAssetCharges": 5680760000, "totalAssets": 53335497000, "accountsPayable": 9543712000, "shortLongTermDebt": 2399268000, "otherCurrentLiab": 6701555000, "longTermDebt": 680720000, "otherLiab": 165196000, "minorityInterest": 319604000, "totalCurrentLiabilities": 51311080000, "totalLiab": 52156996000, "commonStock": 1580446000, "retainedEarnings": -12685542000, "treasuryStock": 16401000, "capitalSurplus": 11412330000, "otherStockholderEquity": 16401000, "totalStockholderEquity": 323635000, "netTangibleAssets": -1236884000}, {"maxAge": 1, "endDate": "2017-03-31", "cash": 925099000, "shortTermInvestments": 198619000, "netReceivables": 32501036000, "inventory": 3373521000, "otherCurrentAssets": 7785138000, "totalCurrentAssets": 44804528000, "longTermInvestments": 221343000, "propertyPlantEquipment": 2321661000, "goodWill": 1562327000, "intangibleAssets": 8519000, "otherAssets": 5904126000, "deferredLongTermAssetCharges": 4229810000, "totalAssets": 54822504000, "accountsPayable": 14043365000, "shortLongTermDebt": 3008384000, "otherCurrentLiab": 6850341000, "longTermDebt": 1678500000, "otherLiab": 191312000, "minorityInterest": 357174000, "totalCurrentLiabilities": 51609127000, "totalLiab": 53478939000, "commonStock": 535938000, "retainedEarnings": -8069060000, "treasuryStock": 104748000, "capitalSurplus": 7581886000, "otherStockholderEquity": 104748000, "totalStockholderEquity": 153512000, "netTangibleAssets": -1417334000}], "maxAge": 86400}, "earningsTrend": {"trend": [{"maxAge": 1, "period": "0q", "endDate": null, "growth": {}, "earningsEstimate": {"avg": 0.0, "low": 0.0, "high": 0.0, "yearAgoEps": {}, "numberOfAnalysts": 0, "growth": {}}, "revenueEstimate": {"avg": 0, "low": 0, "high": 0, "numberOfAnalysts": 0, "yearAgoRevenue": {}, "growth": {}}, "epsTrend": {"current": 0.0, "7daysAgo": 0.0, "30daysAgo": 0.0, "60daysAgo": 0.0, "90daysAgo": 0.0}, "epsRevisions": {"upLast7days": 0, "upLast30days": 0, "downLast30days": 0, "downLast90days": {}}}, {"maxAge": 1, "period": "+1q", "endDate": null, "growth": {}, "earningsEstimate": {"avg": 0.0, "low": 0.0, "high": 0.0, "yearAgoEps": {}, "numberOfAnalysts": 0, "growth": {}}, "revenueEstimate": {"avg": 0, "low": 0, "high": 0, "numberOfAnalysts": 0, "yearAgoRevenue": {}, "growth": {}}, "epsTrend": {"current": 0.0, "7daysAgo": 0.0, "30daysAgo": 0.0, "60daysAgo": 0.0, "90daysAgo": 0.0}, "epsRevisions": {"upLast7days": 0, "upLast30days": 0, "downLast30days": 0, "downLast90days": {}}}, {"maxAge": 1, "period": "0y", "endDate": null, "growth": {}, "earningsEstimate": {"avg": 0.0, "low": 0.0, "high": 0.0, "yearAgoEps": {}, "numberOfAnalysts": 0, "growth": {}}, "revenueEstimate": {"avg": 0, "low": 0, "high": 0, "numberOfAnalysts": 0, "yearAgoRevenue": {}, "growth": {}}, "epsTrend": {"current": 0.0, "7daysAgo": 0.0, "30daysAgo": 0.0, "60daysAgo": 0.0, "90daysAgo": 0.0}, "epsRevisions": {"upLast7days": 0, "upLast30days": 0, "downLast30days": 0, "downLast90days": {}}}, {"maxAge": 1, "period": "+1y", "endDate": null, "growth": {}, "earningsEstimate": {"avg": 0.0, "low": 0.0, "high": 0.0, "yearAgoEps": {}, "numberOfAnalysts": 0, "growth": {}}, "revenueEstimate": {"avg": 0, "low": 0, "high": 0, "numberOfAnalysts": 0, "yearAgoRevenue": {}, "growth": {}}, "epsTrend": {"current": 0.0, "7daysAgo": 0.0, "30daysAgo": 0.0, "60daysAgo": 0.0, "90daysAgo": 0.0}, "epsRevisions": {"upLast7days": 0, "upLast30days": 0, "downLast30days": 0, "downLast90days": {}}}, {"maxAge": 1, "period": "+5y", "endDate": null, "growth": {}, "earningsEstimate": {"avg": {}, "low": {}, "high": {}, "yearAgoEps": {}, "numberOfAnalysts": {}, "growth": {}}, "revenueEstimate": {"avg": {}, "low": {}, "high": {}, "numberOfAnalysts": {}, "yearAgoRevenue": {}, "growth": {}}, "epsTrend": {"current": {}, "7daysAgo": {}, "30daysAgo": {}, "60daysAgo": {}, "90daysAgo": {}}, "epsRevisions": {"upLast7days": {}, "upLast30days": {}, "downLast30days": {}, "downLast90days": {}}}, {"maxAge": 1, "period": "-5y", "endDate": null, "growth": -0.10438, "earningsEstimate": {"avg": {}, "low": {}, "high": {}, "yearAgoEps": {}, "numberOfAnalysts": {}, "growth": {}}, "revenueEstimate": {"avg": {}, "low": {}, "high": {}, "numberOfAnalysts": {}, "yearAgoRevenue": {}, "growth": {}}, "epsTrend": {"current": {}, "7daysAgo": {}, "30daysAgo": {}, "60daysAgo": {}, "90daysAgo": {}}, "epsRevisions": {"upLast7days": {}, "upLast30days": {}, "downLast30days": {}, "downLast90days": {}}}], "maxAge": 1}, "financialData": {"maxAge": 86400, "currentPrice": 7.65, "targetHighPrice": 56.0, "targetLowPrice": 56.0, "targetMeanPrice": 56.0, "targetMedianPrice": 56.0, "recommendationKey": "none", "numberOfAnalystOpinions": 1, "grossProfits": 2348706000, "financialCurrency": "INR"}}}