{"MCCHRLS-B.BO": {"cashflowStatementHistory": {"cashflowStatements": [{"maxAge": 1, "endDate": "2020-03-31", "netIncome": -172070000, "depreciation": 37930000, "changeToNetincome": 48490000, "changeToAccountReceivables": 16910000, "changeToLiabilities": -15780000, "changeToInventory": 8140000, "changeToOperatingActivities": 430270000, "totalCashFromOperatingActivities": 353890000, "capitalExpenditures": -17560000, "investments": 190830000, "otherCashflowsFromInvestingActivities": 2288690000, "totalCashflowsFromInvestingActivities": 434510000, "dividendsPaid": -131010000, "netBorrowings": -521180000, "otherCashflowsFromFinancingActivities": -137340000, "totalCashFromFinancingActivities": -789530000, "changeInCash": -1130000}, {"maxAge": 1, "endDate": "2019-03-31", "netIncome": 281180000, "depreciation": 38110000, "changeToNetincome": -119660000, "changeToAccountReceivables": 22590000, "changeToLiabilities": -2580000, "changeToInventory": 10000, "changeToOperatingActivities": 9910000, "totalCashFromOperatingActivities": 229560000, "capitalExpenditures": -101970000, "investments": 38130000, "otherCashflowsFromInvestingActivities": 65180000, "totalCashflowsFromInvestingActivities": 21990000, "dividendsPaid": -131010000, "netBorrowings": -11160000, "otherCashflowsFromFinancingActivities": -132320000, "totalCashFromFinancingActivities": -274490000, "changeInCash": -22940000}, {"maxAge": 1, "endDate": "2018-03-31", "netIncome": 218020000, "depreciation": 54410000, "changeToNetincome": -10870000, "changeToAccountReceivables": -6690000, "changeToLiabilities": 980000, "changeToInventory": 100000, "changeToOperatingActivities": 22640000, "totalCashFromOperatingActivities": 278590000, "capitalExpenditures": -831850000, "investments": -147380000, "otherCashflowsFromInvestingActivities": 69200000, "totalCashflowsFromInvestingActivities": -870740000, "dividendsPaid": -131010000, "netBorrowings": 841410000, "otherCashflowsFromFinancingActivities": -89400000, "totalCashFromFinancingActivities": 621000000, "changeInCash": 28820000}, {"maxAge": 1, "endDate": "2017-03-31", "netIncome": 293290000, "depreciation": 52740000, "changeToNetincome": -118480000, "changeToAccountReceivables": 8730000, "changeToLiabilities": 9390000, "changeToInventory": 1400000, "changeToOperatingActivities": -36220000, "totalCashFromOperatingActivities": 210880000, "capitalExpenditures": -1002770000, "investments": 388480000, "otherCashflowsFromInvestingActivities": 91460000, "totalCashflowsFromInvestingActivities": -609990000, "dividendsPaid": -5520000, "netBorrowings": 400000000, "otherCashflowsFromFinancingActivities": -1450000, "totalCashFromFinancingActivities": 393030000, "changeInCash": -6080000}], "maxAge": 86400}, "institutionOwnership": {"maxAge": 1, "ownershipList": []}, "balanceSheetHistoryQuarterly": {"balanceSheetStatements": [{"maxAge": 1, "endDate": "2020-06-30"}, {"maxAge": 1, "endDate": "2020-03-31", "cash": 44710000, "shortTermInvestments": 1000000, "netReceivables": 12530000, "inventory": 3200000, "otherCurrentAssets": 72020000, "totalCurrentAssets": 142040000, "longTermInvestments": 23830000, "propertyPlantEquipment": 668030000, "goodWill": 71940000, "intangibleAssets": 170000, "otherAssets": 1341560000, "totalAssets": 2247570000, "accountsPayable": 19040000, "shortLongTermDebt": 22490000, "otherCurrentLiab": 240840000, "longTermDebt": 1179210000, "otherLiab": 2250000, "totalCurrentLiabilities": 297640000, "totalLiab": 1479100000, "commonStock": 131010000, "retainedEarnings": 2674510000, "treasuryStock": -2037050000, "otherStockholderEquity": -2037050000, "totalStockholderEquity": 768470000, "netTangibleAssets": 696360000}, {"maxAge": 1, "endDate": "2019-12-31", "totalStockholderEquity": 936860000, "netTangibleAssets": 864600000}, {"maxAge": 1, "endDate": "2019-09-30", "cash": 46230000, "shortTermInvestments": 30710000, "netReceivables": 94150000, "inventory": 3390000, "otherCurrentAssets": 111950000, "totalCurrentAssets": 286430000, "longTermInvestments": 49220000, "propertyPlantEquipment": 675370000, "goodWill": 71940000, "intangibleAssets": 320000, "otherAssets": 1321090000, "totalAssets": 2404370000, "accountsPayable": 11090000, "otherCurrentLiab": 237670000, "longTermDebt": 1192240000, "otherLiab": 25010000, "totalCurrentLiabilities": 250260000, "totalLiab": 1467510000, "commonStock": 131010000, "treasuryStock": 805850000, "otherStockholderEquity": 805850000, "totalStockholderEquity": 936860000, "netTangibleAssets": 864600000}], "maxAge": 86400}, "indexTrend": {"maxAge": 1, "symbol": "SP5", "peRatio": 19.7411, "pegRatio": 1.34172, "estimates": [{"period": "0q", "growth": 0.549}, {"period": "+1q", "growth": 0.431}, {"period": "0y", "growth": 0.305}, {"period": "+1y", "growth": 0.109}, {"period": "+5y", "growth": 0.120859005}, {"period": "-5y"}]}, "insiderTransactions": {"transactions": [{"maxAge": 1, "shares": 833718, "filerUrl": "", "transactionText": "", "filerName": "Embassy Group Inc", "filerRelation": "Promoter", "moneyText": "", "startDate": "2019-02-28", "ownership": "D"}, {"maxAge": 1, "shares": 39182, "filerUrl": "", "transactionText": "", "filerName": "Virwani (Jitendra Mohandas)", "filerRelation": "Promoter", "moneyText": "", "startDate": "2019-02-28", "ownership": "D"}], "maxAge": 1}, "quoteType": {"exchange": "BSE", "quoteType": "EQUITY", "symbol": "MCCHRLS-B.BO", "underlyingSymbol": "MCCHRLS-B.BO", "shortName": "MAC CHARLES (INDIA) LTD.", "longName": "Mac Charles (India) Limited", "firstTradeDateEpochUtc": "2008-01-28 09:15:00", "timeZoneFullName": "Asia/Kolkata", "timeZoneShortName": "IST", "uuid": "851ff246-97a2-3931-afbe-3d813d64c716", "messageBoardId": null, "gmtOffSetMilliseconds": 19800000, "maxAge": 1}, "incomeStatementHistory": {"incomeStatementHistory": [{"maxAge": 1, "endDate": "2020-03-31", "totalRevenue": 304790000, "costOfRevenue": 73130000, "grossProfit": 231660000, "researchDevelopment": {}, "sellingGeneralAdministrative": {}, "nonRecurring": {}, "otherOperatingExpenses": 92980000, "totalOperatingExpenses": 204040000, "operatingIncome": 100750000, "totalOtherIncomeExpenseNet": -152660000, "ebit": 100750000, "interestExpense": -172280000, "incomeBeforeTax": -51910000, "incomeTaxExpense": -17800000, "minorityInterest": {}, "netIncomeFromContinuingOps": -34110000, "discontinuedOperations": -137960000, "extraordinaryItems": {}, "effectOfAccountingCharges": {}, "otherItems": {}, "netIncome": -172070000, "netIncomeApplicableToCommonShares": -172070000}, {"maxAge": 1, "endDate": "2019-03-31", "totalRevenue": 309290000, "costOfRevenue": 70450000, "grossProfit": 238840000, "researchDevelopment": {}, "sellingGeneralAdministrative": {}, "nonRecurring": {}, "otherOperatingExpenses": 192270000, "totalOperatingExpenses": 300830000, "operatingIncome": 8460000, "totalOtherIncomeExpenseNet": 225680000, "ebit": 8460000, "interestExpense": -157610000, "incomeBeforeTax": 234140000, "incomeTaxExpense": 93890000, "minorityInterest": {}, "netIncomeFromContinuingOps": 140250000, "discontinuedOperations": 140930000, "extraordinaryItems": {}, "effectOfAccountingCharges": {}, "otherItems": {}, "netIncome": 281180000, "netIncomeApplicableToCommonShares": 281180000}, {"maxAge": 1, "endDate": "2018-03-31", "totalRevenue": 787880000, "costOfRevenue": 320790000, "grossProfit": 467090000, "researchDevelopment": {}, "sellingGeneralAdministrative": 20000, "nonRecurring": {}, "otherOperatingExpenses": 150080000, "totalOperatingExpenses": 525300000, "operatingIncome": 262580000, "totalOtherIncomeExpenseNet": 37210000, "ebit": 262580000, "interestExpense": -62740000, "incomeBeforeTax": 299790000, "incomeTaxExpense": 81770000, "minorityInterest": {}, "netIncomeFromContinuingOps": 218020000, "discontinuedOperations": 140930000, "extraordinaryItems": {}, "effectOfAccountingCharges": {}, "otherItems": {}, "netIncome": 218020000, "netIncomeApplicableToCommonShares": 218020000}, {"maxAge": 1, "endDate": "2017-03-31", "totalRevenue": 721640000, "costOfRevenue": 272280000, "grossProfit": 449360000, "researchDevelopment": {}, "sellingGeneralAdministrative": 1330000, "nonRecurring": {}, "otherOperatingExpenses": 103340000, "totalOperatingExpenses": 429720000, "operatingIncome": 291920000, "totalOtherIncomeExpenseNet": 96950000, "ebit": 291920000, "interestExpense": -5260000, "incomeBeforeTax": 388870000, "incomeTaxExpense": 95580000, "minorityInterest": {}, "netIncomeFromContinuingOps": 293290000, "discontinuedOperations": 140930000, "extraordinaryItems": {}, "effectOfAccountingCharges": {}, "otherItems": {}, "netIncome": 293290000, "netIncomeApplicableToCommonShares": 293290000}], "maxAge": 86400}, "fundOwnership": {"maxAge": 1, "ownershipList": []}, "summaryDetail": {"maxAge": 1, "priceHint": 2, "previousClose": 370.5, "open": 365.7, "dayLow": 360.05, "dayHigh": 370.0, "regularMarketPreviousClose": 370.5, "regularMarketOpen": 365.7, "regularMarketDayLow": 360.05, "regularMarketDayHigh": 370.0, "volume": 52, "regularMarketVolume": 52, "averageVolume": 785, "averageVolume10days": 774, "averageDailyVolume10Day": 774, "bid": 355.2, "ask": 370.0, "bidSize": 0, "askSize": 0, "marketCap": 4847407104, "fiftyTwoWeekLow": 167.2, "fiftyTwoWeekHigh": 390.0, "fiftyDayAverage": 220.70572, "twoHundredDayAverage": 235.72372, "trailingAnnualDividendRate": 10.0, "trailingAnnualDividendYield": 0.026990553, "currency": "INR", "fromCurrency": null, "toCurrency": null, "lastMarket": null, "algorithm": null, "tradeable": false}, "incomeStatementHistoryQuarterly": {"incomeStatementHistory": [{"maxAge": 1, "endDate": "2020-06-30", "totalRevenue": 62570000, "costOfRevenue": 17740000, "grossProfit": 44830000, "researchDevelopment": {}, "sellingGeneralAdministrative": {}, "nonRecurring": {}, "otherOperatingExpenses": 8700000, "totalOperatingExpenses": 35590000, "operatingIncome": 26980000, "totalOtherIncomeExpenseNet": -24330000, "ebit": 26980000, "interestExpense": -25750000, "incomeBeforeTax": 2650000, "incomeTaxExpense": 0, "minorityInterest": {}, "netIncomeFromContinuingOps": 2650000, "discontinuedOperations": -8150000, "extraordinaryItems": {}, "effectOfAccountingCharges": {}, "otherItems": {}, "netIncome": -5500000, "netIncomeApplicableToCommonShares": -5500000}, {"maxAge": 1, "endDate": "2020-03-31", "totalRevenue": 66390000, "costOfRevenue": 18470000, "grossProfit": 47920000, "researchDevelopment": {}, "sellingGeneralAdministrative": {}, "nonRecurring": {}, "otherOperatingExpenses": 45380000, "totalOperatingExpenses": 73090000, "operatingIncome": -6700000, "totalOtherIncomeExpenseNet": -31060000, "ebit": -6700000, "interestExpense": -26560000, "incomeBeforeTax": -37760000, "incomeTaxExpense": 9130000, "minorityInterest": {}, "netIncomeFromContinuingOps": -46890000, "discontinuedOperations": 4570000, "extraordinaryItems": {}, "effectOfAccountingCharges": {}, "otherItems": {}, "netIncome": -42320000, "netIncomeApplicableToCommonShares": -42320000}, {"maxAge": 1, "endDate": "2019-12-31", "totalRevenue": 72240000, "costOfRevenue": 17640000, "grossProfit": 54600000, "researchDevelopment": {}, "sellingGeneralAdministrative": {}, "nonRecurring": {}, "otherOperatingExpenses": 4990000, "totalOperatingExpenses": 32340000, "operatingIncome": 39900000, "totalOtherIncomeExpenseNet": -25790000, "ebit": 39900000, "interestExpense": -27490000, "incomeBeforeTax": 14110000, "incomeTaxExpense": -8340000, "minorityInterest": {}, "netIncomeFromContinuingOps": 22450000, "discontinuedOperations": -149030000, "extraordinaryItems": {}, "effectOfAccountingCharges": {}, "otherItems": {}, "netIncome": -126580000, "netIncomeApplicableToCommonShares": -126580000}, {"maxAge": 1, "endDate": "2019-09-30", "totalRevenue": 98560000, "costOfRevenue": 17370000, "grossProfit": 81190000, "researchDevelopment": {}, "sellingGeneralAdministrative": {}, "nonRecurring": {}, "otherOperatingExpenses": 23610000, "totalOperatingExpenses": 50300000, "operatingIncome": 48260000, "totalOtherIncomeExpenseNet": -63940000, "ebit": 48260000, "interestExpense": -75700000, "incomeBeforeTax": -15680000, "incomeTaxExpense": -15670000, "minorityInterest": {}, "netIncomeFromContinuingOps": -10000, "discontinuedOperations": -7680000, "extraordinaryItems": {}, "effectOfAccountingCharges": {}, "otherItems": {}, "netIncome": -7690000, "netIncomeApplicableToCommonShares": -7690000}], "maxAge": 86400}, "cashflowStatementHistoryQuarterly": {"cashflowStatements": [{"maxAge": 1, "endDate": "2020-06-30", "netIncome": -5500000, "changeToLiabilities": 0}, {"maxAge": 1, "endDate": "2020-03-31", "netIncome": -42320000, "changeToLiabilities": 0}, {"maxAge": 1, "endDate": "2019-12-31", "netIncome": -126580000, "changeToLiabilities": 0}, {"maxAge": 1, "endDate": "2019-09-30", "netIncome": -7690000, "changeToLiabilities": 0}], "maxAge": 86400}, "insiderHolders": {"holders": [{"maxAge": 1, "name": "Embassy Group Inc", "relation": "Promoter", "url": "", "transactionDescription": "Sale", "latestTransDate": "2019-02-28", "positionDirect": 9616952, "positionDirectDate": "2019-02-28"}, {"maxAge": 1, "name": "Virwani (Jitendra Mohandas)", "relation": "Promoter", "url": "", "transactionDescription": "Sale", "latestTransDate": "2019-02-28", "positionDirect": 48835, "positionDirectDate": "2019-02-28"}], "maxAge": 1}, "calendarEvents": {"maxAge": 1, "earnings": {"earningsDate": []}}, "price": {"maxAge": 1, "regularMarketChangePercent": -0.0013495277, "regularMarketChange": -0.5, "regularMarketTime": "2021-04-30 15:02:59", "priceHint": 2, "regularMarketPrice": 370.0, "regularMarketDayHigh": 370.0, "regularMarketDayLow": 360.05, "regularMarketVolume": 52, "averageDailyVolume10Day": 774, "averageDailyVolume3Month": 785, "regularMarketPreviousClose": 370.5, "regularMarketSource": "FREE_REALTIME", "regularMarketOpen": 365.7, "exchange": "BSE", "exchangeName": "BSE", "exchangeDataDelayedBy": 0, "marketState": "CLOSED", "quoteType": "EQUITY", "symbol": "MCCHRLS-B.BO", "underlyingSymbol": null, "shortName": "MAC CHARLES (INDIA) LTD.", "longName": "Mac Charles (India) Limited", "currency": "INR", "quoteSourceName": "Delayed Quote", "currencySymbol": "\u20b9", "fromCurrency": null, "toCurrency": null, "lastMarket": null, "marketCap": 4847407104}, "balanceSheetHistory": {"balanceSheetStatements": [{"maxAge": 1, "endDate": "2020-03-31", "cash": 44710000, "shortTermInvestments": 1000000, "netReceivables": 12530000, "inventory": 3200000, "otherCurrentAssets": 72020000, "totalCurrentAssets": 142040000, "longTermInvestments": 23830000, "propertyPlantEquipment": 668030000, "goodWill": 71940000, "intangibleAssets": 170000, "otherAssets": 1341560000, "totalAssets": 2247570000, "accountsPayable": 19040000, "shortLongTermDebt": 22490000, "otherCurrentLiab": 240840000, "longTermDebt": 1179210000, "otherLiab": 2250000, "totalCurrentLiabilities": 297640000, "totalLiab": 1479100000, "commonStock": 131010000, "retainedEarnings": 2674510000, "treasuryStock": -2037050000, "otherStockholderEquity": -2037050000, "totalStockholderEquity": 768470000, "netTangibleAssets": 696360000}, {"maxAge": 1, "endDate": "2019-03-31", "cash": 49390000, "shortTermInvestments": 1000000, "netReceivables": 384010000, "inventory": 11340000, "otherCurrentAssets": 28800000, "totalCurrentAssets": 679360000, "longTermInvestments": 41890000, "propertyPlantEquipment": 731600000, "goodWill": 71940000, "intangibleAssets": 220000, "otherAssets": 3589350000, "totalAssets": 5114360000, "accountsPayable": 34820000, "shortLongTermDebt": 22860000, "otherCurrentLiab": 2195580000, "longTermDebt": 1644040000, "otherLiab": 57590000, "totalCurrentLiabilities": 2314770000, "totalLiab": 4016400000, "commonStock": 131010000, "retainedEarnings": 3003110000, "treasuryStock": -2036160000, "otherStockholderEquity": -2036160000, "totalStockholderEquity": 1097960000, "netTangibleAssets": 1025800000}, {"maxAge": 1, "endDate": "2018-03-31", "cash": 68460000, "shortTermInvestments": 1000000, "netReceivables": 419930000, "inventory": 11350000, "otherCurrentAssets": 14790000, "totalCurrentAssets": 741600000, "longTermInvestments": 57250000, "propertyPlantEquipment": 771070000, "goodWill": 71940000, "intangibleAssets": 80000, "otherAssets": 2837440000, "totalAssets": 4479380000, "accountsPayable": 29020000, "shortLongTermDebt": 14160000, "otherCurrentLiab": 123730000, "longTermDebt": 1226910000, "otherLiab": 108690000, "totalCurrentLiabilities": 216920000, "totalLiab": 1552520000, "commonStock": 131040000, "retainedEarnings": 2797160000, "treasuryStock": -1340000, "otherStockholderEquity": -1340000, "totalStockholderEquity": 2926860000, "netTangibleAssets": 2854840000}, {"maxAge": 1, "endDate": "2017-03-31", "cash": 39640000, "shortTermInvestments": 1000000, "netReceivables": 454510000, "inventory": 11450000, "otherCurrentAssets": 2790000, "totalCurrentAssets": 592010000, "longTermInvestments": 68800000, "propertyPlantEquipment": 830220000, "goodWill": 71940000, "intangibleAssets": 20000, "otherAssets": 2009500000, "totalAssets": 3572490000, "accountsPayable": 28040000, "shortLongTermDebt": 15600000, "otherCurrentLiab": 111930000, "longTermDebt": 384400000, "otherLiab": 143520000, "totalCurrentLiabilities": 181600000, "totalLiab": 709520000, "commonStock": 131040000, "retainedEarnings": 2736050000, "treasuryStock": -4120000, "otherStockholderEquity": -4120000, "totalStockholderEquity": 2862970000, "netTangibleAssets": 2791010000}], "maxAge": 86400}, "financialData": {"maxAge": 86400, "currentPrice": 370.0, "recommendationKey": "none", "grossProfits": 231660000, "financialCurrency": "INR"}}}