{"MCDHOLDING.BO": {"cashflowStatementHistory": {"cashflowStatements": [{"maxAge": 1, "endDate": "2020-03-31", "netIncome": -68409349, "depreciation": 34503, "changeToNetincome": 8904723, "changeToAccountReceivables": 3592842, "changeToLiabilities": 14744382, "totalCashFromOperatingActivities": -41132899, "capitalExpenditures": -58315, "otherCashflowsFromInvestingActivities": 13027304, "totalCashflowsFromInvestingActivities": 12968989, "netBorrowings": -4200000, "otherCashflowsFromFinancingActivities": -354762, "totalCashFromFinancingActivities": -4554762, "changeInCash": -32718672}, {"maxAge": 1, "endDate": "2019-03-31", "netIncome": 30066359, "depreciation": 18446, "changeToNetincome": -112066610, "changeToAccountReceivables": -16428614, "changeToLiabilities": 8065199, "totalCashFromOperatingActivities": -90345220, "capitalExpenditures": -9259, "investments": 114199516, "otherCashflowsFromInvestingActivities": 15188111, "totalCashflowsFromInvestingActivities": 129378368, "netBorrowings": -4200000, "otherCashflowsFromFinancingActivities": -296955, "totalCashFromFinancingActivities": -296955, "changeInCash": 38736193}, {"maxAge": 1, "endDate": "2018-03-31", "netIncome": -16074471, "depreciation": 29372, "changeToNetincome": -10189085, "changeToAccountReceivables": 247909, "changeToLiabilities": 7252395, "totalCashFromOperatingActivities": -18733880, "capitalExpenditures": -9259, "investments": 114199516, "otherCashflowsFromInvestingActivities": 10189085, "totalCashflowsFromInvestingActivities": 10189085, "netBorrowings": -4200000, "otherCashflowsFromFinancingActivities": -296955, "totalCashFromFinancingActivities": -296955, "changeInCash": -8544795}, {"maxAge": 1, "endDate": "2017-03-31", "netIncome": -211402682, "depreciation": 71888, "changeToNetincome": 147118873, "changeToAccountReceivables": -1468952064, "changeToLiabilities": 17008332, "totalCashFromOperatingActivities": -1516155653, "capitalExpenditures": -115650, "investments": 1516998115, "otherCashflowsFromInvestingActivities": 9402454, "totalCashflowsFromInvestingActivities": 1526284919, "netBorrowings": -4200000, "otherCashflowsFromFinancingActivities": -296955, "totalCashFromFinancingActivities": -296955, "changeInCash": 10129265}], "maxAge": 86400}, "institutionOwnership": {"ownershipList": [], "maxAge": 1}, "balanceSheetHistoryQuarterly": {"balanceSheetStatements": [{"maxAge": 1, "endDate": "2020-06-30", "totalStockholderEquity": 5703432883, "netTangibleAssets": 5703432883}, {"maxAge": 1, "endDate": "2020-03-31", "cash": 9080062, "otherCurrentAssets": 17913616, "totalCurrentAssets": 27223250, "longTermInvestments": 5830318055, "propertyPlantEquipment": 40899, "otherAssets": 6740495, "totalAssets": 5864322699, "accountsPayable": 591732, "otherCurrentLiab": 6355932, "otherLiab": 8068617, "totalCurrentLiabilities": 152821198, "totalLiab": 160889815, "commonStock": 139922580, "retainedEarnings": 5406861101, "capitalSurplus": 156649203, "totalStockholderEquity": 5703432884, "netTangibleAssets": 5703432884}, {"maxAge": 1, "endDate": "2019-12-31", "cash": 406773, "otherCurrentAssets": 23694030, "totalCurrentAssets": 24100803, "longTermInvestments": 197081781, "propertyPlantEquipment": 78789, "otherAssets": -1, "totalAssets": 221261372, "otherCurrentLiab": 106723443, "totalCurrentLiabilities": 167537229, "totalLiab": 167537229, "commonStock": 139922580, "treasuryStock": -86198437, "otherStockholderEquity": -86198437, "totalStockholderEquity": 53724143, "netTangibleAssets": 53724143}, {"maxAge": 1, "endDate": "2019-09-30", "cash": 3603373, "otherCurrentAssets": 23254981, "totalCurrentAssets": 26858354, "longTermInvestments": 200311145, "propertyPlantEquipment": 91508, "totalAssets": 227261007, "otherCurrentLiab": 14706028, "otherLiab": 77027647, "totalCurrentLiabilities": 75519814, "totalLiab": 152547461, "commonStock": 139922580, "treasuryStock": -65209034, "otherStockholderEquity": -65209034, "totalStockholderEquity": 74713546, "netTangibleAssets": 74713546}], "maxAge": 86400}, "indexTrend": {"maxAge": 1, "symbol": "SP5", "peRatio": 19.7411, "pegRatio": 1.34172, "estimates": [{"period": "0q", "growth": 0.549}, {"period": "+1q", "growth": 0.431}, {"period": "0y", "growth": 0.305}, {"period": "+1y", "growth": 0.109}, {"period": "+5y", "growth": 0.120865}, {"period": "-5y"}]}, "insiderTransactions": {"transactions": [{"maxAge": 1, "shares": 201, "filerUrl": "", "transactionText": "", "filerName": "Mallya Pvt Ltd", "filerRelation": "Promoter", "moneyText": "", "startDate": "2018-05-03", "ownership": "D"}, {"maxAge": 1, "shares": 54, "filerUrl": "", "transactionText": "", "filerName": "Pillai (Rup Narayan)", "filerRelation": "Director", "moneyText": "", "startDate": "2013-03-28", "ownership": "D"}, {"maxAge": 1, "shares": 25655, "filerUrl": "", "transactionText": "", "filerName": "SBIMF Magnum Sector Funds Umbrella Emerging Businesses Fund", "filerRelation": "UNREPORTED", "moneyText": "", "startDate": "2010-11-10", "ownership": "D"}], "maxAge": 1}, "quoteType": {"exchange": "BSE", "quoteType": "EQUITY", "symbol": "MCDHOLDING.BO", "underlyingSymbol": "MCDHOLDING.BO", "shortName": "MCDOWELL HOLDINGS LTD.", "longName": "McDowell Holdings Limited", "firstTradeDateEpochUtc": "2001-09-27 09:15:00", "timeZoneFullName": "Asia/Kolkata", "timeZoneShortName": "IST", "uuid": "943e3b46-4c2f-363e-80c4-c3ee3ccf10f0", "gmtOffSetMilliseconds": 19800000, "maxAge": 1}, "incomeStatementHistory": {"incomeStatementHistory": [{"maxAge": 1, "endDate": "2020-03-31", "totalRevenue": 81157623, "costOfRevenue": 2113, "grossProfit": 81155510, "researchDevelopment": {}, "sellingGeneralAdministrative": 56821915, "nonRecurring": {}, "otherOperatingExpenses": -72788052, "totalOperatingExpenses": -15929521, "operatingIncome": 97087144, "totalOtherIncomeExpenseNet": -165895574, "ebit": 97087144, "interestExpense": -60588895, "incomeBeforeTax": -68808430, "incomeTaxExpense": -399081, "minorityInterest": {}, "netIncomeFromContinuingOps": -68409349, "discontinuedOperations": {}, "extraordinaryItems": {}, "effectOfAccountingCharges": {}, "otherItems": {}, "netIncome": -68409349, "netIncomeApplicableToCommonShares": -68409349}, {"maxAge": 1, "endDate": "2019-03-31", "totalRevenue": 112363566, "costOfRevenue": 0, "grossProfit": 112363566, "researchDevelopment": {}, "sellingGeneralAdministrative": 19776645, "nonRecurring": {}, "otherOperatingExpenses": 61934460, "totalOperatingExpenses": 81729551, "operatingIncome": 30634015, "totalOtherIncomeExpenseNet": -67656, "ebit": 30634015, "interestExpense": -466430, "incomeBeforeTax": 30566359, "incomeTaxExpense": 500000, "minorityInterest": {}, "netIncomeFromContinuingOps": 30066359, "discontinuedOperations": {}, "extraordinaryItems": {}, "effectOfAccountingCharges": {}, "otherItems": {}, "netIncome": 30066359, "netIncomeApplicableToCommonShares": 30066359}, {"maxAge": 1, "endDate": "2018-03-31", "totalRevenue": 10189085, "costOfRevenue": 0, "grossProfit": 10189085, "researchDevelopment": {}, "sellingGeneralAdministrative": 6247149, "nonRecurring": {}, "otherOperatingExpenses": 11166297, "totalOperatingExpenses": 17442818, "operatingIncome": -7253733, "totalOtherIncomeExpenseNet": -8830406, "ebit": -7253733, "interestExpense": -9037403, "incomeBeforeTax": -16084139, "incomeTaxExpense": -9668, "minorityInterest": {}, "netIncomeFromContinuingOps": -16074471, "discontinuedOperations": {}, "extraordinaryItems": {}, "effectOfAccountingCharges": {}, "otherItems": {}, "netIncome": -16074471, "netIncomeApplicableToCommonShares": -16074471}, {"maxAge": 1, "endDate": "2017-03-31", "totalRevenue": 9402454, "costOfRevenue": 0, "grossProfit": 9402454, "researchDevelopment": {}, "sellingGeneralAdministrative": 6177019, "nonRecurring": {}, "otherOperatingExpenses": 8729002, "totalOperatingExpenses": 14977909, "operatingIncome": -5575455, "totalOtherIncomeExpenseNet": -205492163, "ebit": -5575455, "interestExpense": -36032234, "incomeBeforeTax": -211067618, "incomeTaxExpense": 335064, "minorityInterest": {}, "netIncomeFromContinuingOps": -211402682, "discontinuedOperations": {}, "extraordinaryItems": {}, "effectOfAccountingCharges": {}, "otherItems": {}, "netIncome": -211402682, "netIncomeApplicableToCommonShares": -211402682}], "maxAge": 86400}, "fundOwnership": {"ownershipList": [], "maxAge": 1}, "summaryDetail": {"maxAge": 1, "priceHint": 2, "previousClose": 38.5, "open": 39.1, "dayLow": 37.25, "dayHigh": 40.0, "regularMarketPreviousClose": 38.5, "regularMarketOpen": 39.1, "regularMarketDayLow": 37.25, "regularMarketDayHigh": 40.0, "volume": 4020, "regularMarketVolume": 4020, "averageVolume": 15094, "averageVolume10days": 3416, "averageDailyVolume10Day": 3416, "bid": 37.7, "ask": 41.25, "bidSize": 0, "askSize": 0, "marketCap": 538003968, "fiftyTwoWeekLow": 10.95, "fiftyTwoWeekHigh": 46.0, "fiftyDayAverage": 33.719696, "twoHundredDayAverage": 27.022058, "currency": "INR", "fromCurrency": null, "lastMarket": null, "algorithm": null, "tradeable": false}, "incomeStatementHistoryQuarterly": {"incomeStatementHistory": [{"maxAge": 1, "endDate": "2020-06-30", "totalRevenue": 6705932, "costOfRevenue": 0, "grossProfit": 6705932, "researchDevelopment": {}, "sellingGeneralAdministrative": 11082189, "nonRecurring": {}, "otherOperatingExpenses": 886581, "totalOperatingExpenses": 11975039, "operatingIncome": -5269107, "totalOtherIncomeExpenseNet": -3110577, "ebit": -5269107, "interestExpense": -2602822, "incomeBeforeTax": -8379684, "incomeTaxExpense": 0, "minorityInterest": {}, "netIncomeFromContinuingOps": -8379684, "discontinuedOperations": {}, "extraordinaryItems": {}, "effectOfAccountingCharges": {}, "otherItems": {}, "netIncome": -8379684, "netIncomeApplicableToCommonShares": -8379684}, {"maxAge": 1, "endDate": "2020-03-31", "totalRevenue": 68130319, "costOfRevenue": 2113, "grossProfit": 68128206, "researchDevelopment": {}, "sellingGeneralAdministrative": -1931404, "nonRecurring": {}, "otherOperatingExpenses": 16200752, "totalOperatingExpenses": 14281982, "operatingIncome": 53848337, "totalOtherIncomeExpenseNet": -54431636, "ebit": 53848337, "interestExpense": -2617535, "incomeBeforeTax": -583299, "incomeTaxExpense": -399081, "minorityInterest": {}, "netIncomeFromContinuingOps": -184218, "discontinuedOperations": {}, "extraordinaryItems": {}, "effectOfAccountingCharges": {}, "otherItems": {}, "netIncome": -184218, "netIncomeApplicableToCommonShares": -184218}, {"maxAge": 1, "endDate": "2019-12-31", "totalRevenue": 1273405, "costOfRevenue": 0, "grossProfit": 1273405, "researchDevelopment": {}, "sellingGeneralAdministrative": 18530721, "nonRecurring": {}, "otherOperatingExpenses": 1023231, "totalOperatingExpenses": 19566672, "operatingIncome": -18293267, "totalOtherIncomeExpenseNet": -2696137, "ebit": -18293267, "interestExpense": -2663332, "incomeBeforeTax": -20989404, "incomeTaxExpense": 0, "minorityInterest": {}, "netIncomeFromContinuingOps": -20989404, "discontinuedOperations": {}, "extraordinaryItems": {}, "effectOfAccountingCharges": {}, "otherItems": {}, "netIncome": -20989404, "netIncomeApplicableToCommonShares": -20989404}, {"maxAge": 1, "endDate": "2019-09-30", "totalRevenue": 11682618, "costOfRevenue": 0, "grossProfit": 11682618, "researchDevelopment": {}, "sellingGeneralAdministrative": 20829105, "nonRecurring": {}, "otherOperatingExpenses": 3349065, "totalOperatingExpenses": 24185920, "operatingIncome": -12503302, "totalOtherIncomeExpenseNet": -56165958, "ebit": -12503302, "interestExpense": -3221171, "incomeBeforeTax": -68669260, "incomeTaxExpense": 0, "minorityInterest": {}, "netIncomeFromContinuingOps": -68669260, "discontinuedOperations": {}, "extraordinaryItems": {}, "effectOfAccountingCharges": {}, "otherItems": {}, "netIncome": -68669260, "netIncomeApplicableToCommonShares": -68669260}], "maxAge": 86400}, "cashflowStatementHistoryQuarterly": {"cashflowStatements": [{"maxAge": 1, "endDate": "2020-06-30", "netIncome": -8379684, "changeToLiabilities": 0}, {"maxAge": 1, "endDate": "2020-03-31", "netIncome": -184218, "depreciation": 10521, "changeToNetincome": -11285419, "changeToAccountReceivables": -2383177, "changeToLiabilities": 11516097, "totalCashFromOperatingActivities": -2326196, "otherCashflowsFromInvestingActivities": 12634686, "totalCashflowsFromInvestingActivities": 12634686, "netBorrowings": -4200000, "otherCashflowsFromFinancingActivities": 2564799, "totalCashFromFinancingActivities": -1635201, "changeInCash": 8673289}, {"maxAge": 1, "endDate": "2019-12-31", "netIncome": -20989404, "depreciation": 12720, "changeToNetincome": 7394982, "changeToAccountReceivables": 2790316, "changeToLiabilities": 10241899, "totalCashFromOperatingActivities": -549487, "otherCashflowsFromInvestingActivities": 16219, "totalCashflowsFromInvestingActivities": 16219, "netBorrowings": -4200000, "otherCashflowsFromFinancingActivities": -2663332, "totalCashFromFinancingActivities": -2663332, "changeInCash": -3196600}, {"maxAge": 1, "endDate": "2019-09-30", "netIncome": -68669260, "depreciation": 12720, "changeToNetincome": 7394982, "changeToAccountReceivables": 2790316, "changeToLiabilities": 0, "totalCashFromOperatingActivities": -549487, "otherCashflowsFromInvestingActivities": 16219, "totalCashflowsFromInvestingActivities": 16219, "netBorrowings": -4200000, "otherCashflowsFromFinancingActivities": -2663332, "totalCashFromFinancingActivities": -2663332, "changeInCash": -3196600}], "maxAge": 86400}, "insiderHolders": {"holders": [{"maxAge": 1, "name": "Mallya Pvt Ltd", "relation": "Promoter", "url": "", "transactionDescription": "Sale", "latestTransDate": "2018-05-03", "positionDirect": 0, "positionDirectDate": "2018-05-03"}, {"maxAge": 1, "name": "Pillai (Rup Narayan)", "relation": "Director", "url": "", "transactionDescription": "Acquisition", "latestTransDate": "2013-03-28", "positionDirect": 54, "positionDirectDate": "2013-03-28"}, {"maxAge": 1, "name": "SBIMF Magnum Sector Funds Umbrella Emerging Businesses Fund", "relation": "UNREPORTED", "url": "", "transactionDescription": "Acquisition", "latestTransDate": "2010-11-10", "positionDirect": 622579, "positionDirectDate": "2010-11-10"}], "maxAge": 1}, "calendarEvents": {"maxAge": 1, "earnings": {"earningsDate": []}}, "upgradeDowngradeHistory": {"history": [], "maxAge": 86400}, "price": {"maxAge": 1, "regularMarketChangePercent": -0.0012986815, "regularMarketChange": -0.049999237, "regularMarketTime": "2021-04-30 15:10:56", "priceHint": 2, "regularMarketPrice": 38.45, "regularMarketDayHigh": 40.0, "regularMarketDayLow": 37.25, "regularMarketVolume": 4020, "averageDailyVolume10Day": 3416, "averageDailyVolume3Month": 15094, "regularMarketPreviousClose": 38.5, "regularMarketSource": "FREE_REALTIME", "regularMarketOpen": 39.1, "exchange": "BSE", "exchangeName": "BSE", "exchangeDataDelayedBy": 0, "marketState": "CLOSED", "quoteType": "EQUITY", "symbol": "MCDHOLDING.BO", "underlyingSymbol": null, "shortName": "MCDOWELL HOLDINGS LTD.", "longName": "McDowell Holdings Limited", "currency": "INR", "quoteSourceName": "Delayed Quote", "currencySymbol": "\u20b9", "fromCurrency": null, "lastMarket": null, "marketCap": 538003968}, "balanceSheetHistory": {"balanceSheetStatements": [{"maxAge": 1, "endDate": "2020-03-31", "cash": 9080062, "otherCurrentAssets": 17913616, "totalCurrentAssets": 27223250, "longTermInvestments": 5830318055, "propertyPlantEquipment": 40899, "otherAssets": 6740495, "totalAssets": 5864322699, "accountsPayable": 591732, "otherCurrentLiab": 6355932, "otherLiab": 8068617, "totalCurrentLiabilities": 152821198, "totalLiab": 160889815, "commonStock": 139922580, "retainedEarnings": 5406861101, "capitalSurplus": 156649203, "totalStockholderEquity": 5703432884, "netTangibleAssets": 5703432884}, {"maxAge": 1, "endDate": "2019-03-31", "cash": 41798734, "otherCurrentAssets": 33181644, "totalCurrentAssets": 85217987, "longTermInvestments": 9040662197, "propertyPlantEquipment": 44455, "otherAssets": 2907480, "totalAssets": 9128832119, "accountsPayable": 1413769, "otherCurrentLiab": 14706028, "otherLiab": 1571432, "totalCurrentLiabilities": 255972662, "totalLiab": 257544094, "commonStock": 139922580, "retainedEarnings": 8574716242, "treasuryStock": -17473000, "capitalSurplus": 156649203, "otherStockholderEquity": -17473000, "totalStockholderEquity": 8871288025, "netTangibleAssets": 8871288025}, {"maxAge": 1, "endDate": "2018-03-31", "cash": 3062541, "netReceivables": 10281923, "otherCurrentAssets": 19616196, "totalCurrentAssets": 32960660, "longTermInvestments": 308347436, "propertyPlantEquipment": 53714, "totalAssets": 341361810, "otherCurrentLiab": 16825604, "totalCurrentLiabilities": 249478895, "totalLiab": 249478895, "commonStock": 139922580, "retainedEarnings": -204688868, "capitalSurplus": 156649203, "totalStockholderEquity": 91882915, "netTangibleAssets": 91882915}, {"maxAge": 1, "endDate": "2017-03-31", "cash": 11607336, "netReceivables": 10281923, "otherCurrentAssets": 19864105, "totalCurrentAssets": 41753364, "longTermInvestments": 308347436, "propertyPlantEquipment": 83085, "otherAssets": 1, "totalAssets": 350183886, "otherCurrentLiab": 16997791, "totalCurrentLiabilities": 242226500, "totalLiab": 242226500, "commonStock": 139922580, "retainedEarnings": -188614397, "capitalSurplus": 156649203, "totalStockholderEquity": 107957386, "netTangibleAssets": 107957386}], "maxAge": 86400}, "financialData": {"maxAge": 86400, "currentPrice": 38.45, "recommendationKey": "none", "grossProfits": 81155510, "financialCurrency": "INR"}}}