{"MCDOWELL-N.NS": {"assetProfile": {"address1": "UB Tower", "address2": "No. 24, Vittal Mallya Road", "city": "Bengaluru", "zip": "560001", "country": "India", "phone": "91 80 3985 6500", "fax": "91 80 3985 6862", "website": "http://www.diageoindia.com", "industry": "Beverages\u2014Wineries & Distilleries", "sector": "Consumer Defensive", "longBusinessSummary": "United Spirits Limited manufactures, purchases, and sells alcoholic beverages and other allied spirits in India and internationally. Its alcoholic beverages include Scotch whisky, Indian made foreign liquor whisky, brandy, rum, vodka, gin, and wine. The company primarily owns McDowell's No.1, Royal Challenge, Signature, Antiquity, Black Dog, Director's Special Black, McDowell's Rum, McDowell's Brandy, Bagpiper, Old Tavern, and Haywards brands. It also manufactures, imports, and sells Diageo's iconic brands, such as Haig Gold Label, Captain Morgan, Johnnie Walker, J&B, Baileys, Lagavulin, Talisker, VAT 69, Black & White, Smirnoff, and Ciroc. In addition, the company holds the perpetual right to the Bangalore Franchise of the Board of Control for Cricket in India \u00c2\u0096 Indian Premier League. It also exports its products. The company was formerly known as McDowell & Company Limited and changed its name to United Spirits Limited in October 2006. United Spirits Limited was founded in 1826 and is headquartered in Bengaluru, India. United Spirits Limited operates as a subsidiary of Relay B.V.", "fullTimeEmployees": 3382, "companyOfficers": [{"maxAge": 1, "name": "Mr. Anand  Kripalu", "age": 61, "title": "MD, CEO & Additional Director", "yearBorn": 1959, "fiscalYear": 2020, "totalPay": 150617769, "exercisedValue": 0, "unexercisedValue": 0}, {"maxAge": 1, "name": "Mr. Pradeep  Jain", "age": 52, "title": "Chief Financial Officer", "yearBorn": 1968, "exercisedValue": 0, "unexercisedValue": 0}, {"maxAge": 1, "name": "Subroto  Geed", "age": 45, "title": "Exec. VP & COO", "yearBorn": 1975, "exercisedValue": 0, "unexercisedValue": 0}, {"maxAge": 1, "name": "Ms. Mamta  Sundara", "age": 43, "title": "Exec. VP & Gen. Counsel", "yearBorn": 1977, "exercisedValue": 0, "unexercisedValue": 0}, {"maxAge": 1, "name": "Mr. Aarif  Aziz", "age": 45, "title": "Chief HR Officer", "yearBorn": 1975, "exercisedValue": 0, "unexercisedValue": 0}, {"maxAge": 1, "name": "Mr. Mathew  Xavier", "age": 56, "title": "Exec. VP & COO of South", "yearBorn": 1964, "exercisedValue": 0, "unexercisedValue": 0}, {"maxAge": 1, "name": "Mr. Kedar Vivekananda Ulman", "age": 46, "title": "Chief Supply Chain Officer", "yearBorn": 1974, "exercisedValue": 0, "unexercisedValue": 0}, {"maxAge": 1, "name": "Ms. Abanti  Sankaranarayanan", "age": 51, "title": "Chief Strategy & Corp. Affairs Officer", "yearBorn": 1969, "exercisedValue": 0, "unexercisedValue": 0}, {"maxAge": 1, "name": "Mr. Prathmesh  Mishra", "age": 50, "title": "Chief Commercial Officer", "yearBorn": 1970, "exercisedValue": 0, "unexercisedValue": 0}, {"maxAge": 1, "name": "Amarpreet Singh Anand", "age": 44, "title": "Exec. VP & Portfolio Head", "yearBorn": 1976, "exercisedValue": 0, "unexercisedValue": 0}], "auditRisk": 4, "boardRisk": 2, "compensationRisk": 1, "shareHolderRightsRisk": 8, "overallRisk": 3, "governanceEpochDate": "2021-04-01 05:30:00", "compensationAsOfEpochDate": "2020-12-31 05:30:00", "maxAge": 86400}, "cashflowStatementHistory": {"cashflowStatements": [{"maxAge": 1, "endDate": "2020-03-31", "netIncome": 6589000000, "depreciation": 2864000000, "changeToNetincome": 19000000, "changeToAccountReceivables": 2713000000, "changeToLiabilities": -2010000000, "changeToInventory": 68000000, "changeToOperatingActivities": -2467000000, "totalCashFromOperatingActivities": 7832000000, "capitalExpenditures": -2116000000, "otherCashflowsFromInvestingActivities": 62000000, "totalCashflowsFromInvestingActivities": -1936000000, "netBorrowings": -5588000000, "otherCashflowsFromFinancingActivities": -1811000000, "totalCashFromFinancingActivities": -7399000000, "changeInCash": -1503000000}, {"maxAge": 1, "endDate": "2019-03-31", "netIncome": 7002000000, "depreciation": 2125000000, "changeToNetincome": -1831000000, "changeToAccountReceivables": 838000000, "changeToLiabilities": -602000000, "changeToInventory": -146000000, "changeToOperatingActivities": 2075000000, "totalCashFromOperatingActivities": 9483000000, "capitalExpenditures": -1730000000, "investments": -270000000, "otherCashflowsFromInvestingActivities": 64000000, "totalCashflowsFromInvestingActivities": -655000000, "netBorrowings": -5790000000, "otherCashflowsFromFinancingActivities": -2293000000, "totalCashFromFinancingActivities": -8083000000, "changeInCash": 745000000}, {"maxAge": 1, "endDate": "2018-03-31", "netIncome": 6338000000, "depreciation": 1904000000, "changeToNetincome": 1329000000, "changeToAccountReceivables": 1056000000, "changeToLiabilities": 2512000000, "changeToInventory": 79000000, "changeToOperatingActivities": -3986000000, "totalCashFromOperatingActivities": 9251000000, "capitalExpenditures": -1843000000, "investments": 213000000, "otherCashflowsFromInvestingActivities": 42000000, "totalCashflowsFromInvestingActivities": 1044000000, "netBorrowings": -7133000000, "otherCashflowsFromFinancingActivities": -2528000000, "totalCashFromFinancingActivities": -9661000000, "changeInCash": 634000000}, {"maxAge": 1, "endDate": "2017-03-31", "netIncome": 1001000000, "depreciation": 1838000000, "changeToNetincome": 2246000000, "changeToAccountReceivables": -6560000000, "changeToLiabilities": 2169000000, "changeToInventory": 379000000, "changeToOperatingActivities": 5392000000, "totalCashFromOperatingActivities": 6468000000, "capitalExpenditures": -2802000000, "investments": 111000000, "otherCashflowsFromInvestingActivities": 198000000, "totalCashflowsFromInvestingActivities": -2273000000, "netBorrowings": -997000000, "otherCashflowsFromFinancingActivities": -3752000000, "totalCashFromFinancingActivities": -4749000000, "changeInCash": -502000000}], "maxAge": 86400}, "institutionOwnership": {"ownershipList": [], "maxAge": 1}, "majorHoldersBreakdown": {"maxAge": 1, "insidersPercentHeld": 0.60858, "institutionsPercentHeld": 0.17059, "institutionsFloatPercentHeld": 0.43583, "institutionsCount": 135}, "balanceSheetHistoryQuarterly": {"balanceSheetStatements": [{"maxAge": 1, "endDate": "2020-12-31", "totalStockholderEquity": 36150000000, "netTangibleAssets": 31978000000}, {"maxAge": 1, "endDate": "2020-09-30", "cash": 784000000, "netReceivables": 24641000000, "inventory": 22705000000, "otherCurrentAssets": 2722000000, "totalCurrentAssets": 50852000000, "longTermInvestments": 1973000000, "propertyPlantEquipment": 16360000000, "goodWill": 210000000, "intangibleAssets": 3962000000, "otherAssets": 16327000000, "deferredLongTermAssetCharges": 1866000000, "totalAssets": 89684000000, "accountsPayable": 13674000000, "shortLongTermDebt": 9527000000, "otherCurrentLiab": 20255000000, "longTermDebt": 20000000, "otherLiab": 541000000, "minorityInterest": -507000000, "totalCurrentLiabilities": 52488000000, "totalLiab": 54041000000, "commonStock": 1453000000, "treasuryStock": 34697000000, "otherStockholderEquity": 34697000000, "totalStockholderEquity": 36150000000, "netTangibleAssets": 31978000000}, {"maxAge": 1, "endDate": "2020-06-30", "totalStockholderEquity": 37280000000, "netTangibleAssets": 33064000000}, {"maxAge": 1, "endDate": "2020-03-31", "cash": 661000000, "netReceivables": 26053000000, "inventory": 19275000000, "otherCurrentAssets": 1421000000, "totalCurrentAssets": 48703000000, "longTermInvestments": 219000000, "propertyPlantEquipment": 16554000000, "goodWill": 210000000, "intangibleAssets": 4006000000, "otherAssets": 18821000000, "deferredLongTermAssetCharges": 1590000000, "totalAssets": 88513000000, "accountsPayable": 11689000000, "shortLongTermDebt": 7530000000, "otherCurrentLiab": 9146000000, "longTermDebt": 147000000, "otherLiab": 358000000, "minorityInterest": -413000000, "totalCurrentLiabilities": 49938000000, "totalLiab": 51646000000, "commonStock": 1453000000, "retainedEarnings": -15322000000, "treasuryStock": 5467000000, "capitalSurplus": 45682000000, "otherStockholderEquity": 6664000000, "totalStockholderEquity": 37280000000, "netTangibleAssets": 33064000000}], "maxAge": 86400}, "indexTrend": {"maxAge": 1, "symbol": "SP5", "peRatio": 19.7411, "pegRatio": 1.34172, "estimates": [{"period": "0q", "growth": 0.549}, {"period": "+1q", "growth": 0.431}, {"period": "0y", "growth": 0.305}, {"period": "+1y", "growth": 0.109}, {"period": "+5y", "growth": 0.120865}, {"period": "-5y"}]}, "esgScores": {"maxAge": 86400, "totalEsg": 23.76, "environmentScore": 8.6, "socialScore": 8.85, "governanceScore": 6.31, "ratingYear": 2021, "ratingMonth": 3, "highestControversy": 3.0, "esgPerformance": null, "peerCount": 95, "peerGroup": "Food Products", "relatedControversy": ["Business Ethics Incidents"], "peerEsgScorePerformance": {"min": 12.05, "avg": 27.711157894736846, "max": 47.58}, "peerGovernancePerformance": {"min": 3.33, "avg": 6.481630434782607, "max": 14.87}, "peerSocialPerformance": {"min": 4.37, "avg": 11.312500000000002, "max": 19.94}, "peerEnvironmentPerformance": {"min": 2.99, "avg": 9.68467391304348, "max": 19.37}, "peerHighestControversyPerformance": {"min": 0.0, "avg": 2.1473684210526316, "max": 5.0}, "percentile": 34.27, "environmentPercentile": 0.0, "socialPercentile": 0.0, "governancePercentile": 0.0, "adult": false, "alcoholic": true, "animalTesting": false, "catholic": false, "controversialWeapons": false, "smallArms": false, "furLeather": false, "gambling": false, "gmo": false, "militaryContract": false, "nuclear": false, "pesticides": false, "palmOil": false, "coal": false, "tobacco": false}, "defaultKeyStatistics": {"maxAge": 1, "priceHint": 2, "enterpriseValue": 390494191616, "profitMargins": 0.029560002, "floatShares": 263444741, "sharesOutstanding": 709342976, "heldPercentInsiders": 0.60858, "heldPercentInstitutions": 0.17059, "beta": 0.461854, "category": null, "bookValue": 50.845, "priceToBook": 10.21831, "fundFamily": null, "legalType": null, "lastFiscalYearEnd": "2020-03-31 05:30:00", "nextFiscalYearEnd": "2022-03-31 05:30:00", "mostRecentQuarter": "2020-12-31 05:30:00", "earningsQuarterlyGrowth": 0.22, "netIncomeToCommon": 2332999936, "trailingEps": 3.292, "lastSplitFactor": "5:1", "lastSplitDate": "2018-06-15 05:30:00", "enterpriseToRevenue": 4.948, "enterpriseToEbitda": 48.471}, "summaryProfile": {"address1": "UB Tower", "address2": "No. 24, Vittal Mallya Road", "city": "Bengaluru", "zip": "560001", "country": "India", "phone": "91 80 3985 6500", "fax": "91 80 3985 6862", "website": "http://www.diageoindia.com", "industry": "Beverages\u2014Wineries & Distilleries", "sector": "Consumer Defensive", "longBusinessSummary": "United Spirits Limited manufactures, purchases, and sells alcoholic beverages and other allied spirits in India and internationally. Its alcoholic beverages include Scotch whisky, Indian made foreign liquor whisky, brandy, rum, vodka, gin, and wine. The company primarily owns McDowell's No.1, Royal Challenge, Signature, Antiquity, Black Dog, Director's Special Black, McDowell's Rum, McDowell's Brandy, Bagpiper, Old Tavern, and Haywards brands. It also manufactures, imports, and sells Diageo's iconic brands, such as Haig Gold Label, Captain Morgan, Johnnie Walker, J&B, Baileys, Lagavulin, Talisker, VAT 69, Black & White, Smirnoff, and Ciroc. In addition, the company holds the perpetual right to the Bangalore Franchise of the Board of Control for Cricket in India \u00c2\u0096 Indian Premier League. It also exports its products. The company was formerly known as McDowell & Company Limited and changed its name to United Spirits Limited in October 2006. United Spirits Limited was founded in 1826 and is headquartered in Bengaluru, India. United Spirits Limited operates as a subsidiary of Relay B.V.", "fullTimeEmployees": 3382, "companyOfficers": [], "maxAge": 86400}, "netSharePurchaseActivity": {"maxAge": 1, "period": "6m", "buyInfoCount": 0, "buyInfoShares": 0, "sellInfoCount": 0, "netInfoCount": 0, "netInfoShares": 0, "netPercentInsiderShares": 0.0, "totalInsiderShares": 431265344}, "insiderTransactions": {"transactions": [{"maxAge": 1, "shares": 321759899, "filerUrl": "", "transactionText": "", "filerName": "Relay B V", "filerRelation": "Institution- Corporation", "moneyText": "", "startDate": "2019-08-20", "ownership": "D"}, {"maxAge": 1, "shares": 153, "filerUrl": "", "transactionText": "", "filerName": "Kasi (Vegulaparanan Viswanathan)", "filerRelation": "Director", "moneyText": "", "startDate": "2017-09-19", "ownership": "D"}, {"maxAge": 1, "shares": 500, "filerUrl": "", "transactionText": "", "filerName": "Seth (Rohini)", "filerRelation": "UNREPORTED", "moneyText": "", "startDate": "2017-04-21", "ownership": "D"}, {"maxAge": 1, "shares": 500, "filerUrl": "", "transactionText": "", "filerName": "Seth (Rohini)", "filerRelation": "UNREPORTED", "moneyText": "", "startDate": "2017-04-20", "ownership": "D"}, {"maxAge": 1, "shares": 20000, "filerUrl": "", "transactionText": "", "filerName": "United Breweries Holdings Ltd", "filerRelation": "Promoter", "moneyText": "", "startDate": "2016-02-17", "ownership": "D"}, {"maxAge": 1, "shares": 10, "filerUrl": "", "transactionText": "", "filerName": "Ramachandran (V)", "filerRelation": "Company Secretary", "moneyText": "", "startDate": "2015-05-01", "ownership": "D"}, {"maxAge": 1, "shares": 37785214, "filerUrl": "", "transactionText": "", "filerName": "Relay B V", "filerRelation": "Institution- Corporation", "moneyText": "", "startDate": "2014-07-03", "ownership": "D"}, {"maxAge": 1, "shares": 3500000, "filerUrl": "", "transactionText": "", "filerName": "Relay B V", "filerRelation": "Institution- Corporation", "moneyText": "", "startDate": "2014-02-04", "ownership": "D"}, {"maxAge": 1, "shares": 1967940, "filerUrl": "", "transactionText": "", "filerName": "Relay B V", "filerRelation": "Institution- Corporation", "moneyText": "", "startDate": "2013-11-28", "ownership": "D"}, {"maxAge": 1, "shares": 21826417, "filerUrl": "", "transactionText": "", "filerName": "Relay B V", "filerRelation": "Institution- Corporation", "moneyText": "", "startDate": "2013-07-04", "ownership": "D"}, {"maxAge": 1, "shares": 14532775, "filerUrl": "", "transactionText": "", "filerName": "Relay B V", "filerRelation": "Institution- Corporation", "moneyText": "", "startDate": "2013-05-27", "ownership": "D"}, {"maxAge": 1, "shares": 2885070, "filerUrl": "", "transactionText": "", "filerName": "Platinum Investment Management Ltd A/c Plat", "filerRelation": "Investment Advisor", "moneyText": "", "startDate": "2013-05-27", "ownership": "D"}, {"maxAge": 1, "shares": 18000, "filerUrl": "", "transactionText": "", "filerName": "Platinum Investment Management Ltd A/c Plat", "filerRelation": "Investment Advisor", "moneyText": "", "startDate": "2012-01-10", "ownership": "D"}, {"maxAge": 1, "shares": 2000, "filerUrl": "", "transactionText": "", "filerName": "Rekhi (Vijay Kumar)", "filerRelation": "Managing Director", "moneyText": "", "startDate": "2010-06-15", "ownership": "D"}, {"maxAge": 1, "shares": 2000, "filerUrl": "", "transactionText": "", "filerName": "Rekhi (Vijay Kumar)", "filerRelation": "Managing Director", "moneyText": "", "startDate": "2010-05-31", "ownership": "D"}, {"maxAge": 1, "shares": 2000, "filerUrl": "", "transactionText": "", "filerName": "Rekhi (Vijay Kumar)", "filerRelation": "Managing Director", "moneyText": "", "startDate": "2010-03-30", "ownership": "D"}, {"maxAge": 1, "shares": 2300, "filerUrl": "", "transactionText": "", "filerName": "Rekhi (Vijay Kumar)", "filerRelation": "Managing Director", "moneyText": "", "startDate": "2010-03-04", "ownership": "D"}], "maxAge": 1}, "quoteType": {"exchange": "NSI", "quoteType": "EQUITY", "symbol": "MCDOWELL-N.NS", "underlyingSymbol": "MCDOWELL-N.NS", "shortName": "UNITED SPIRITS", "longName": "United Spirits Limited", "firstTradeDateEpochUtc": "2002-07-01 09:15:00", "timeZoneFullName": "Asia/Kolkata", "timeZoneShortName": "IST", "uuid": "a79e4470-cf1b-38ba-94e8-ab4604b8501a", "gmtOffSetMilliseconds": 19800000, "maxAge": 1}, "incomeStatementHistory": {"incomeStatementHistory": [{"maxAge": 1, "endDate": "2020-03-31", "totalRevenue": 93254000000, "costOfRevenue": 51002000000, "grossProfit": 42252000000, "researchDevelopment": {}, "sellingGeneralAdministrative": 15081000000, "nonRecurring": {}, "otherOperatingExpenses": 11999000000, "totalOperatingExpenses": 80451000000, "operatingIncome": 12803000000, "totalOtherIncomeExpenseNet": -1200000000, "ebit": 12803000000, "interestExpense": -2120000000, "incomeBeforeTax": 11603000000, "incomeTaxExpense": 5397000000, "minorityInterest": -413000000, "netIncomeFromContinuingOps": 6206000000, "discontinuedOperations": {}, "extraordinaryItems": {}, "effectOfAccountingCharges": {}, "otherItems": {}, "netIncome": 6589000000, "netIncomeApplicableToCommonShares": 6589000000}, {"maxAge": 1, "endDate": "2019-03-31", "totalRevenue": 93408000000, "costOfRevenue": 46903000000, "grossProfit": 46505000000, "researchDevelopment": {}, "sellingGeneralAdministrative": 18386000000, "nonRecurring": {}, "otherOperatingExpenses": 12825000000, "totalOperatingExpenses": 81619000000, "operatingIncome": 11789000000, "totalOtherIncomeExpenseNet": -1672000000, "ebit": 11789000000, "interestExpense": -2372000000, "incomeBeforeTax": 10117000000, "incomeTaxExpense": 3281000000, "minorityInterest": -31000000, "netIncomeFromContinuingOps": 6836000000, "discontinuedOperations": {}, "extraordinaryItems": {}, "effectOfAccountingCharges": {}, "otherItems": {}, "netIncome": 7002000000, "netIncomeApplicableToCommonShares": 7002000000}, {"maxAge": 1, "endDate": "2018-03-31", "totalRevenue": 85906000000, "costOfRevenue": 43187000000, "grossProfit": 42719000000, "researchDevelopment": {}, "sellingGeneralAdministrative": 17383000000, "nonRecurring": {}, "otherOperatingExpenses": 11704000000, "totalOperatingExpenses": 75724000000, "operatingIncome": 10182000000, "totalOtherIncomeExpenseNet": -1064000000, "ebit": 10182000000, "interestExpense": -2775000000, "incomeBeforeTax": 9118000000, "incomeTaxExpense": 2599000000, "minorityInterest": 136000000, "netIncomeFromContinuingOps": 6519000000, "discontinuedOperations": {}, "extraordinaryItems": {}, "effectOfAccountingCharges": {}, "otherItems": {}, "netIncome": 6338000000, "netIncomeApplicableToCommonShares": 6338000000}, {"maxAge": 1, "endDate": "2017-03-31", "totalRevenue": 88175000000, "costOfRevenue": 49869000000, "grossProfit": 38306000000, "researchDevelopment": {}, "sellingGeneralAdministrative": 15722000000, "nonRecurring": {}, "otherOperatingExpenses": 12546000000, "totalOperatingExpenses": 79978000000, "operatingIncome": 8197000000, "totalOtherIncomeExpenseNet": -6570000000, "ebit": 8197000000, "interestExpense": -3751000000, "incomeBeforeTax": 1627000000, "incomeTaxExpense": 697000000, "minorityInterest": -25000000, "netIncomeFromContinuingOps": 930000000, "discontinuedOperations": {}, "extraordinaryItems": {}, "effectOfAccountingCharges": {}, "otherItems": {}, "netIncome": 1001000000, "netIncomeApplicableToCommonShares": 1001000000}], "maxAge": 86400}, "fundOwnership": {"ownershipList": [], "maxAge": 1}, "summaryDetail": {"maxAge": 1, "priceHint": 2, "previousClose": 525.25, "open": 523.95, "dayLow": 516.0, "dayHigh": 532.25, "regularMarketPreviousClose": 525.25, "regularMarketOpen": 523.95, "regularMarketDayLow": 516.0, "regularMarketDayHigh": 532.25, "exDividendDate": "2013-09-16 05:30:00", "payoutRatio": 0.0, "beta": 0.461854, "trailingPE": 157.82199, "volume": 999338, "regularMarketVolume": 999338, "averageVolume": 2795067, "averageVolume10days": 1280340, "averageDailyVolume10Day": 1280340, "bid": 0.0, "ask": 0.0, "bidSize": 0, "askSize": 0, "marketCap": 368293904384, "fiftyTwoWeekLow": 477.55, "fiftyTwoWeekHigh": 661.65, "priceToSalesTrailing12Months": 4.6670284, "fiftyDayAverage": 550.8103, "twoHundredDayAverage": 560.1181, "currency": "INR", "fromCurrency": null, "lastMarket": null, "algorithm": null, "tradeable": false}, "incomeStatementHistoryQuarterly": {"incomeStatementHistory": [{"maxAge": 1, "endDate": "2020-12-31", "totalRevenue": 26730000000, "costOfRevenue": 13765000000, "grossProfit": 12965000000, "researchDevelopment": {}, "sellingGeneralAdministrative": 3946000000, "nonRecurring": {}, "otherOperatingExpenses": 4499000000, "totalOperatingExpenses": 22943000000, "operatingIncome": 3787000000, "totalOtherIncomeExpenseNet": -44000000, "ebit": 3787000000, "interestExpense": -429000000, "incomeBeforeTax": 3743000000, "incomeTaxExpense": 940000000, "minorityInterest": {}, "netIncomeFromContinuingOps": 2803000000, "discontinuedOperations": {}, "extraordinaryItems": {}, "effectOfAccountingCharges": {}, "otherItems": {}, "netIncome": 2870000000, "netIncomeApplicableToCommonShares": 2870000000}, {"maxAge": 1, "endDate": "2020-09-30", "totalRevenue": 21960000000, "costOfRevenue": 12393000000, "grossProfit": 9567000000, "researchDevelopment": {}, "sellingGeneralAdministrative": 3281000000, "nonRecurring": {}, "otherOperatingExpenses": 3464000000, "totalOperatingExpenses": 19746000000, "operatingIncome": 2214000000, "totalOtherIncomeExpenseNet": -452000000, "ebit": 2214000000, "interestExpense": -558000000, "incomeBeforeTax": 1762000000, "incomeTaxExpense": 511000000, "minorityInterest": -507000000, "netIncomeFromContinuingOps": 1251000000, "discontinuedOperations": {}, "extraordinaryItems": {}, "effectOfAccountingCharges": {}, "otherItems": {}, "netIncome": 1294000000, "netIncomeApplicableToCommonShares": 1294000000}, {"maxAge": 1, "endDate": "2020-06-30", "totalRevenue": 10319000000, "costOfRevenue": 5986000000, "grossProfit": 4333000000, "researchDevelopment": {}, "sellingGeneralAdministrative": 1765000000, "nonRecurring": {}, "otherOperatingExpenses": 2831000000, "totalOperatingExpenses": 11977000000, "operatingIncome": -1658000000, "totalOtherIncomeExpenseNet": -1257000000, "ebit": -1658000000, "interestExpense": -555000000, "incomeBeforeTax": -2915000000, "incomeTaxExpense": -449000000, "minorityInterest": -507000000, "netIncomeFromContinuingOps": -2466000000, "discontinuedOperations": {}, "extraordinaryItems": {}, "effectOfAccountingCharges": {}, "otherItems": {}, "netIncome": -2415000000, "netIncomeApplicableToCommonShares": -2415000000}, {"maxAge": 1, "endDate": "2020-03-31", "totalRevenue": 19905000000, "costOfRevenue": 12177000000, "grossProfit": 7728000000, "researchDevelopment": {}, "sellingGeneralAdministrative": 4897000000, "nonRecurring": {}, "otherOperatingExpenses": 902000000, "totalOperatingExpenses": 18343000000, "operatingIncome": 1562000000, "totalOtherIncomeExpenseNet": 273000000, "ebit": 1562000000, "interestExpense": -529000000, "incomeBeforeTax": 1835000000, "incomeTaxExpense": 1342000000, "minorityInterest": -413000000, "netIncomeFromContinuingOps": 493000000, "discontinuedOperations": {}, "extraordinaryItems": {}, "effectOfAccountingCharges": {}, "otherItems": {}, "netIncome": 584000000, "netIncomeApplicableToCommonShares": 584000000}], "maxAge": 86400}, "cashflowStatementHistoryQuarterly": {"cashflowStatements": [{"maxAge": 1, "endDate": "2020-12-31", "netIncome": 2870000000, "changeToLiabilities": 0}, {"maxAge": 1, "endDate": "2020-09-30", "netIncome": 1294000000, "changeToLiabilities": 0}, {"maxAge": 1, "endDate": "2020-06-30", "netIncome": -2415000000, "changeToLiabilities": 0}, {"maxAge": 1, "endDate": "2020-03-31", "netIncome": 584000000, "changeToLiabilities": 0}], "maxAge": 86400}, "insiderHolders": {"holders": [{"maxAge": 1, "name": "Kasi (Vegulaparanan Viswanathan)", "relation": "Director", "url": "", "transactionDescription": "Sale", "latestTransDate": "2017-09-19", "positionDirect": 0, "positionDirectDate": "2017-09-19"}, {"maxAge": 1, "name": "Platinum Investment Management Ltd A/c Plat", "relation": "Investment Advisor", "url": "", "transactionDescription": "Sale", "latestTransDate": "2013-05-27", "positionDirect": 3661531, "positionDirectDate": "2013-05-27"}, {"maxAge": 1, "name": "Ramachandran (V)", "relation": "Company Secretary", "url": "", "transactionDescription": "Acquisition", "latestTransDate": "2015-05-01", "positionDirect": 10, "positionDirectDate": "2015-05-01"}, {"maxAge": 1, "name": "Rekhi (Vijay Kumar)", "relation": "Managing Director", "url": "", "transactionDescription": "Sale", "latestTransDate": "2010-06-15", "positionDirect": 152, "positionDirectDate": "2010-06-15"}, {"maxAge": 1, "name": "Relay B V", "relation": "Institution- Corporation", "url": "", "transactionDescription": "Acquisition", "latestTransDate": "2019-08-20", "positionDirect": 401372245, "positionDirectDate": "2019-08-20"}, {"maxAge": 1, "name": "Seth (Rohini)", "relation": "UNREPORTED", "url": "", "transactionDescription": "Sale", "latestTransDate": "2017-04-21", "positionDirect": 0, "positionDirectDate": "2017-04-21"}, {"maxAge": 1, "name": "United Breweries Holdings Ltd", "relation": "Promoter", "url": "", "transactionDescription": "Sale", "latestTransDate": "2016-02-17", "positionDirect": 4188556, "positionDirectDate": "2016-02-17"}], "maxAge": 1}, "calendarEvents": {"maxAge": 1, "earnings": {"earningsDate": []}, "exDividendDate": "2013-09-16 05:30:00"}, "upgradeDowngradeHistory": {"history": [], "maxAge": 86400}, "price": {"maxAge": 1, "regularMarketChangePercent": -0.010851998, "regularMarketChange": -5.700012, "regularMarketTime": "2021-04-30 15:29:58", "priceHint": 2, "regularMarketPrice": 519.55, "regularMarketDayHigh": 532.25, "regularMarketDayLow": 516.0, "regularMarketVolume": 999338, "averageDailyVolume10Day": 1280340, "averageDailyVolume3Month": 2795067, "regularMarketPreviousClose": 525.25, "regularMarketSource": "FREE_REALTIME", "regularMarketOpen": 523.95, "exchange": "NSI", "exchangeName": "NSE", "exchangeDataDelayedBy": 15, "marketState": "CLOSED", "quoteType": "EQUITY", "symbol": "MCDOWELL-N.NS", "underlyingSymbol": null, "shortName": "UNITED SPIRITS", "longName": "United Spirits Limited", "currency": "INR", "quoteSourceName": "Delayed Quote", "currencySymbol": "\u20b9", "fromCurrency": null, "lastMarket": null, "marketCap": 368293904384}, "balanceSheetHistory": {"balanceSheetStatements": [{"maxAge": 1, "endDate": "2020-03-31", "cash": 661000000, "netReceivables": 26053000000, "inventory": 19275000000, "otherCurrentAssets": 1421000000, "totalCurrentAssets": 48703000000, "longTermInvestments": 219000000, "propertyPlantEquipment": 16554000000, "goodWill": 210000000, "intangibleAssets": 4006000000, "otherAssets": 18821000000, "deferredLongTermAssetCharges": 1590000000, "totalAssets": 88513000000, "accountsPayable": 11689000000, "shortLongTermDebt": 7530000000, "otherCurrentLiab": 9146000000, "longTermDebt": 147000000, "otherLiab": 358000000, "minorityInterest": -413000000, "totalCurrentLiabilities": 49938000000, "totalLiab": 51646000000, "commonStock": 1453000000, "retainedEarnings": -15322000000, "treasuryStock": 5467000000, "capitalSurplus": 45682000000, "otherStockholderEquity": 6664000000, "totalStockholderEquity": 37280000000, "netTangibleAssets": 33064000000}, {"maxAge": 1, "endDate": "2019-03-31", "cash": 2164000000, "netReceivables": 28141000000, "inventory": 19343000000, "otherCurrentAssets": 1639000000, "totalCurrentAssets": 52638000000, "longTermInvestments": 252000000, "propertyPlantEquipment": 15201000000, "goodWill": 493000000, "intangibleAssets": 3902000000, "otherAssets": 18603000000, "deferredLongTermAssetCharges": 2900000000, "totalAssets": 91089000000, "accountsPayable": 13837000000, "shortLongTermDebt": 38000000, "otherCurrentLiab": 10410000000, "longTermDebt": 7661000000, "otherLiab": 535000000, "minorityInterest": -31000000, "totalCurrentLiabilities": 51878000000, "totalLiab": 60217000000, "commonStock": 1453000000, "retainedEarnings": -21641000000, "treasuryStock": 5409000000, "capitalSurplus": 45682000000, "otherStockholderEquity": 6606000000, "totalStockholderEquity": 30903000000, "netTangibleAssets": 26508000000}, {"maxAge": 1, "endDate": "2018-03-31", "cash": 1419000000, "shortTermInvestments": 1062000000, "netReceivables": 29904000000, "inventory": 19197000000, "otherCurrentAssets": 2477000000, "totalCurrentAssets": 55202000000, "propertyPlantEquipment": 14732000000, "goodWill": 361000000, "intangibleAssets": 3838000000, "otherAssets": 15125000000, "deferredLongTermAssetCharges": 1714000000, "totalAssets": 89258000000, "accountsPayable": 14022000000, "shortLongTermDebt": 3527000000, "otherCurrentLiab": 10672000000, "longTermDebt": 7601000000, "otherLiab": 526000000, "minorityInterest": 136000000, "totalCurrentLiabilities": 56777000000, "totalLiab": 64931000000, "commonStock": 1453000000, "retainedEarnings": -28284000000, "treasuryStock": 5340000000, "capitalSurplus": 45682000000, "otherStockholderEquity": 6537000000, "totalStockholderEquity": 24191000000, "netTangibleAssets": 19992000000}, {"maxAge": 1, "endDate": "2017-03-31", "cash": 785000000, "shortTermInvestments": 3000000, "netReceivables": 30735000000, "inventory": 19276000000, "otherCurrentAssets": 4414000000, "totalCurrentAssets": 56252000000, "propertyPlantEquipment": 16547000000, "goodWill": 680000000, "intangibleAssets": 3932000000, "otherAssets": 11548000000, "deferredLongTermAssetCharges": 1781000000, "totalAssets": 88959000000, "accountsPayable": 12219000000, "shortLongTermDebt": 3604000000, "otherCurrentLiab": 9197000000, "longTermDebt": 8628000000, "otherLiab": 442000000, "minorityInterest": -25000000, "totalCurrentLiabilities": 61989000000, "totalLiab": 71128000000, "commonStock": 1453000000, "retainedEarnings": -34731000000, "treasuryStock": 5452000000, "capitalSurplus": 45682000000, "otherStockholderEquity": 6649000000, "totalStockholderEquity": 17856000000, "netTangibleAssets": 13244000000}], "maxAge": 86400}, "financialData": {"maxAge": 86400, "currentPrice": 519.55, "recommendationKey": "none", "totalCash": 784000000, "totalCashPerShare": 1.106, "ebitda": 8056249856, "totalDebt": 19570999296, "totalRevenue": 78914002944, "debtToEquity": 54.908, "revenuePerShare": 111.352, "grossProfits": 42252000000, "earningsGrowth": 0.22, "revenueGrowth": 0.033, "grossMargins": 0.43835998, "ebitdaMargins": 0.10208999, "operatingMargins": 0.074829996, "profitMargins": 0.029560002, "financialCurrency": "INR"}}}