{"MCL.NS": {"assetProfile": {"address1": "D & I Excelus", "address2": "Plot No. 2107/D 203, 2nd Floor Opp. Home School, Waghawadi Road", "city": "Bhavnagar", "zip": "364001", "country": "India", "phone": "91 27 8300 1034", "website": "http://www.madhavcopper.com", "industry": "Copper", "sector": "Basic Materials", "longBusinessSummary": "Madhav Copper Limited manufactures and sells copper products in India. The company offers copper fabricated products, enameled copper wires, paper covered copper conductors, poly wrap submersible winding wires, fiberglass copper conductors, tapped insulated copper conductors, and bare copper wires, as well as copper bus bars, strips, rods, and profiles. Its products are used in pumps, motors, transformers, generators, hydro generators, alternators, wind generators, panels, and switch gears; automatic coil winding machines; and to fabricate in automatic CNC machines. Madhav Copper Limited was incorporated in 2012 and is based in Bhavnagar, India.", "fullTimeEmployees": 42, "companyOfficers": [{"maxAge": 1, "name": "Mr. Nileshbhai Natubhai Patel", "age": 40, "title": "Chairman & Whole Time Director", "yearBorn": 1980, "fiscalYear": 2020, "totalPay": 472400, "exercisedValue": 0, "unexercisedValue": 0}, {"maxAge": 1, "name": "Mr. Rohitbhai Bhikhabhai Chauhan", "age": 38, "title": "MD & Director", "yearBorn": 1982, "fiscalYear": 2020, "totalPay": 472400, "exercisedValue": 0, "unexercisedValue": 0}, {"maxAge": 1, "name": "Mr. Kamlesh Bhaktibhai Solanki", "age": 51, "title": "Chief Financial Officer", "yearBorn": 1969, "fiscalYear": 2020, "totalPay": 194400, "exercisedValue": 0, "unexercisedValue": 0}, {"maxAge": 1, "name": "Ms. Swati  Kathrotiya", "title": "Company Sec. & Compliance Officer", "exercisedValue": 0, "unexercisedValue": 0}], "compensationAsOfEpochDate": "2020-12-31 05:30:00", "maxAge": 86400}, "cashflowStatementHistory": {"cashflowStatements": [{"maxAge": 1, "endDate": "2020-03-31", "netIncome": 44496678, "depreciation": 23512675, "changeToNetincome": 17795280, "changeToAccountReceivables": 104867201, "changeToLiabilities": -76363149, "changeToInventory": -37647509, "changeToOperatingActivities": -207916181, "totalCashFromOperatingActivities": -131255005, "capitalExpenditures": -32632943, "otherCashflowsFromInvestingActivities": 320709, "totalCashflowsFromInvestingActivities": -30059280, "netBorrowings": -2777957, "otherCashflowsFromFinancingActivities": -11393762, "totalCashFromFinancingActivities": 232626065, "changeInCash": 71311778, "issuanceOfStock": 246797784}, {"maxAge": 1, "endDate": "2019-03-31", "netIncome": 36416708, "depreciation": 17724556, "changeToNetincome": 27078492, "changeToAccountReceivables": -98529429, "changeToLiabilities": 118670738, "changeToInventory": -52616689, "changeToOperatingActivities": 37968282, "totalCashFromOperatingActivities": 86712658, "capitalExpenditures": -87857900, "otherCashflowsFromInvestingActivities": 519548, "totalCashflowsFromInvestingActivities": -86811206, "netBorrowings": 12961570, "otherCashflowsFromFinancingActivities": -12623701, "totalCashFromFinancingActivities": 337869, "changeInCash": 239320, "issuanceOfStock": 246797784}, {"maxAge": 1, "endDate": "2018-03-31", "netIncome": 23676825, "depreciation": 6126008, "changeToNetincome": 14303629, "changeToAccountReceivables": -50829825, "changeToLiabilities": 13615053, "changeToInventory": 60249718, "changeToOperatingActivities": 3916114, "totalCashFromOperatingActivities": 71057520, "capitalExpenditures": -26391657, "investments": -7960077, "otherCashflowsFromInvestingActivities": 519548, "totalCashflowsFromInvestingActivities": -30042911, "netBorrowings": -34910300, "otherCashflowsFromFinancingActivities": -6904211, "totalCashFromFinancingActivities": -41814511, "changeInCash": -799901, "issuanceOfStock": 246797784}, {"maxAge": 1, "endDate": "2017-03-31", "netIncome": 8409553, "depreciation": 4466535, "changeToNetincome": 11023030, "changeToAccountReceivables": -51420374, "changeToLiabilities": 39294576, "changeToInventory": -56061521, "changeToOperatingActivities": -15730486, "totalCashFromOperatingActivities": -60018687, "capitalExpenditures": -22063616, "investments": -7960077, "otherCashflowsFromInvestingActivities": 519548, "totalCashflowsFromInvestingActivities": -19729232, "netBorrowings": 48736882, "otherCashflowsFromFinancingActivities": -8824450, "totalCashFromFinancingActivities": 80599896, "changeInCash": 851977, "issuanceOfStock": 40687464}], "maxAge": 86400}, "institutionOwnership": {"ownershipList": [], "maxAge": 1}, "majorHoldersBreakdown": {"maxAge": 1}, "balanceSheetHistoryQuarterly": {"balanceSheetStatements": [{"maxAge": 1, "endDate": "2020-12-31", "totalStockholderEquity": 439116499, "netTangibleAssets": 439116499}, {"maxAge": 1, "endDate": "2020-09-30", "cash": 26343698, "netReceivables": 446526373, "inventory": 88365264, "totalCurrentAssets": 561235335, "longTermInvestments": 11460077, "propertyPlantEquipment": 137620027, "totalAssets": 710315439, "accountsPayable": 138986023, "otherCurrentLiab": 115144056, "longTermDebt": 13501500, "otherLiab": 3567361, "totalCurrentLiabilities": 254130079, "totalLiab": 271198940, "commonStock": 135714000, "treasuryStock": 303402499, "otherStockholderEquity": 303402499, "totalStockholderEquity": 439116499, "netTangibleAssets": 439116499}, {"maxAge": 1, "endDate": "2020-06-30", "totalStockholderEquity": 421798495, "netTangibleAssets": 421798495}, {"maxAge": 1, "endDate": "2019-12-31"}], "maxAge": 86400}, "indexTrend": {"maxAge": 1, "symbol": "SP5", "peRatio": 19.7411, "pegRatio": 1.34172, "estimates": [{"period": "0q", "growth": 0.549}, {"period": "+1q", "growth": 0.431}, {"period": "0y", "growth": 0.305}, {"period": "+1y", "growth": 0.109}, {"period": "+5y", "growth": 0.120865}, {"period": "-5y"}]}, "defaultKeyStatistics": {"maxAge": 1, "priceHint": 2, "enterpriseValue": 2362051072, "profitMargins": 0.0194, "floatShares": 6273507, "sharesOutstanding": 27142800, "beta": 0.838483, "category": null, "bookValue": 16.133, "priceToBook": 5.4391623, "fundFamily": null, "legalType": null, "lastFiscalYearEnd": "2020-03-31 05:30:00", "nextFiscalYearEnd": "2022-03-31 05:30:00", "mostRecentQuarter": "2020-12-31 05:30:00", "netIncomeToCommon": 58528584, "trailingEps": 2.012, "lastSplitFactor": "2:1", "lastSplitDate": "2019-10-22 05:30:00", "enterpriseToRevenue": 0.783, "enterpriseToEbitda": 20.194}, "summaryProfile": {"address1": "D & I Excelus", "address2": "Plot No. 2107/D 203, 2nd Floor Opp. Home School, Waghawadi Road", "city": "Bhavnagar", "zip": "364001", "country": "India", "phone": "91 27 8300 1034", "website": "http://www.madhavcopper.com", "industry": "Copper", "sector": "Basic Materials", "longBusinessSummary": "Madhav Copper Limited manufactures and sells copper products in India. The company offers copper fabricated products, enameled copper wires, paper covered copper conductors, poly wrap submersible winding wires, fiberglass copper conductors, tapped insulated copper conductors, and bare copper wires, as well as copper bus bars, strips, rods, and profiles. Its products are used in pumps, motors, transformers, generators, hydro generators, alternators, wind generators, panels, and switch gears; automatic coil winding machines; and to fabricate in automatic CNC machines. Madhav Copper Limited was incorporated in 2012 and is based in Bhavnagar, India.", "fullTimeEmployees": 42, "companyOfficers": [], "maxAge": 86400}, "netSharePurchaseActivity": {"maxAge": 1, "period": "6m", "buyInfoCount": 0, "buyInfoShares": 0, "sellInfoCount": 0, "netInfoCount": 0, "netInfoShares": 0, "totalInsiderShares": 0}, "quoteType": {"exchange": "NSI", "quoteType": "EQUITY", "symbol": "MCL.NS", "underlyingSymbol": "MCL.NS", "shortName": "Madhav Copper Limited", "longName": "Madhav Copper Limited", "firstTradeDateEpochUtc": "2017-03-15 09:15:00", "timeZoneFullName": "Asia/Kolkata", "timeZoneShortName": "IST", "uuid": "655e02a5-2eba-3df4-9532-9fc2bfd14aec", "gmtOffSetMilliseconds": 19800000, "maxAge": 1}, "incomeStatementHistory": {"incomeStatementHistory": [{"maxAge": 1, "endDate": "2020-03-31", "totalRevenue": 2022783485, "costOfRevenue": 1847336961, "grossProfit": 175446524, "researchDevelopment": {}, "sellingGeneralAdministrative": 13348884, "nonRecurring": {}, "otherOperatingExpenses": 73482836, "totalOperatingExpenses": 1957681356, "operatingIncome": 65102129, "totalOtherIncomeExpenseNet": -4336420, "ebit": 65102129, "interestExpense": -10561534, "incomeBeforeTax": 60765709, "incomeTaxExpense": 16269031, "minorityInterest": {}, "netIncomeFromContinuingOps": 44496678, "discontinuedOperations": {}, "extraordinaryItems": {}, "effectOfAccountingCharges": {}, "otherItems": {}, "netIncome": 44496678, "netIncomeApplicableToCommonShares": 44496678}, {"maxAge": 1, "endDate": "2019-03-31", "totalRevenue": 2128774855, "costOfRevenue": 1993650729, "grossProfit": 135124126, "researchDevelopment": {}, "sellingGeneralAdministrative": 6104742, "nonRecurring": {}, "otherOperatingExpenses": 39580420, "totalOperatingExpenses": 2057060447, "operatingIncome": 71714408, "totalOtherIncomeExpenseNet": -12525884, "ebit": 71714408, "interestExpense": -10439422, "incomeBeforeTax": 59188524, "incomeTaxExpense": 22771816, "minorityInterest": {}, "netIncomeFromContinuingOps": 36416708, "discontinuedOperations": {}, "extraordinaryItems": {}, "effectOfAccountingCharges": {}, "otherItems": {}, "netIncome": 36416708, "netIncomeApplicableToCommonShares": 36416708}, {"maxAge": 1, "endDate": "2018-03-31", "totalRevenue": 1688193679, "costOfRevenue": 1625660572, "grossProfit": 62533107, "researchDevelopment": {}, "sellingGeneralAdministrative": 4926947, "nonRecurring": {}, "otherOperatingExpenses": 12507425, "totalOperatingExpenses": 1649702707, "operatingIncome": 38490972, "totalOtherIncomeExpenseNet": -6499965, "ebit": 38490972, "interestExpense": -6904211, "incomeBeforeTax": 31991007, "incomeTaxExpense": 8314182, "minorityInterest": {}, "netIncomeFromContinuingOps": 23676825, "discontinuedOperations": {}, "extraordinaryItems": {}, "effectOfAccountingCharges": {}, "otherItems": {}, "netIncome": 23676825, "netIncomeApplicableToCommonShares": 23676825}, {"maxAge": 1, "endDate": "2017-03-31", "totalRevenue": 714429553, "costOfRevenue": 679160614, "grossProfit": 35268939, "researchDevelopment": {}, "sellingGeneralAdministrative": 3641431, "nonRecurring": {}, "otherOperatingExpenses": 7375487, "totalOperatingExpenses": 694644067, "operatingIncome": 19785486, "totalOtherIncomeExpenseNet": -8495797, "ebit": 19785486, "interestExpense": -8824449, "incomeBeforeTax": 11289689, "incomeTaxExpense": 2880136, "minorityInterest": {}, "netIncomeFromContinuingOps": 8409553, "discontinuedOperations": {}, "extraordinaryItems": {}, "effectOfAccountingCharges": {}, "otherItems": {}, "netIncome": 8409553, "netIncomeApplicableToCommonShares": 8409553}], "maxAge": 86400}, "fundOwnership": {"ownershipList": [], "maxAge": 1}, "summaryDetail": {"maxAge": 1, "priceHint": 2, "previousClose": 88.65, "open": 88.65, "dayLow": 87.1, "dayHigh": 91.0, "regularMarketPreviousClose": 88.65, "regularMarketOpen": 88.65, "regularMarketDayLow": 87.1, "regularMarketDayHigh": 91.0, "payoutRatio": 0.0, "beta": 0.838483, "trailingPE": 43.61332, "volume": 55994, "regularMarketVolume": 55994, "averageVolume": 32780, "averageVolume10days": 7655, "averageDailyVolume10Day": 7655, "bid": 0.0, "ask": 0.0, "marketCap": 2381780736, "fiftyTwoWeekLow": 52.1, "fiftyTwoWeekHigh": 116.0, "priceToSalesTrailing12Months": 0.78933436, "fiftyDayAverage": 92.509094, "twoHundredDayAverage": 81.486786, "currency": "INR", "fromCurrency": null, "lastMarket": null, "algorithm": null, "tradeable": false}, "incomeStatementHistoryQuarterly": {"incomeStatementHistory": [{"maxAge": 1, "endDate": "2020-12-31", "totalRevenue": 1052605165, "costOfRevenue": 993254476, "grossProfit": 59350689, "researchDevelopment": {}, "sellingGeneralAdministrative": 3256368, "nonRecurring": {}, "otherOperatingExpenses": 17907490, "totalOperatingExpenses": 1020921293, "operatingIncome": 31683872, "totalOtherIncomeExpenseNet": 124879, "ebit": 31683872, "interestExpense": -885531, "incomeBeforeTax": 31808751, "incomeTaxExpense": 9345373, "minorityInterest": {}, "netIncomeFromContinuingOps": 22463378, "discontinuedOperations": {}, "extraordinaryItems": {}, "effectOfAccountingCharges": {}, "otherItems": {}, "netIncome": 22463378, "netIncomeApplicableToCommonShares": 22463378}, {"maxAge": 1, "endDate": "2020-09-30", "totalRevenue": 1040655669, "costOfRevenue": 987642116, "grossProfit": 53013553, "researchDevelopment": {}, "sellingGeneralAdministrative": 2616237, "nonRecurring": {}, "otherOperatingExpenses": 19628631, "totalOperatingExpenses": 1015919049, "operatingIncome": 24736620, "totalOtherIncomeExpenseNet": -4478919, "ebit": 24736620, "interestExpense": -6022125, "incomeBeforeTax": 20257701, "incomeTaxExpense": 6103727, "minorityInterest": {}, "netIncomeFromContinuingOps": 14153974, "discontinuedOperations": {}, "extraordinaryItems": {}, "effectOfAccountingCharges": {}, "otherItems": {}, "netIncome": 14153974, "netIncomeApplicableToCommonShares": 14153974}, {"maxAge": 1, "endDate": "2020-06-30", "totalRevenue": 661704303, "costOfRevenue": 623419588, "grossProfit": 38284715, "researchDevelopment": {}, "sellingGeneralAdministrative": 2292619, "nonRecurring": {}, "otherOperatingExpenses": 15277901, "totalOperatingExpenses": 646757492, "operatingIncome": 14946811, "totalOtherIncomeExpenseNet": -2689839, "ebit": 14946811, "interestExpense": -3486358, "incomeBeforeTax": 12256972, "incomeTaxExpense": 3597970, "minorityInterest": {}, "netIncomeFromContinuingOps": 8659002, "discontinuedOperations": {}, "extraordinaryItems": {}, "effectOfAccountingCharges": {}, "otherItems": {}, "netIncome": 8659002, "netIncomeApplicableToCommonShares": 8659002}, {"maxAge": 1, "endDate": "2019-12-31", "totalRevenue": 443925362, "costOfRevenue": 413532020, "grossProfit": 30393342, "researchDevelopment": {}, "sellingGeneralAdministrative": 2784973, "nonRecurring": {}, "otherOperatingExpenses": 19355851, "totalOperatingExpenses": 443400998, "operatingIncome": 524364, "totalOtherIncomeExpenseNet": -3235866, "ebit": 524364, "interestExpense": -3374818, "incomeBeforeTax": -2711502, "incomeTaxExpense": -580711, "minorityInterest": {}, "netIncomeFromContinuingOps": -2130791, "discontinuedOperations": {}, "extraordinaryItems": {}, "effectOfAccountingCharges": {}, "otherItems": {}, "netIncome": -2130791, "netIncomeApplicableToCommonShares": -2130791}], "maxAge": 86400}, "cashflowStatementHistoryQuarterly": {"cashflowStatements": [{"maxAge": 1, "endDate": "2020-12-31", "netIncome": 22463378, "changeToLiabilities": 0}, {"maxAge": 1, "endDate": "2020-09-30", "netIncome": 14153974, "depreciation": 6032065, "changeToNetincome": 16823256, "changeToAccountReceivables": 1321261, "changeToLiabilities": 41176211, "changeToInventory": 9556395, "changeToOperatingActivities": -62359270, "totalCashFromOperatingActivities": 26703892, "capitalExpenditures": -16268875, "totalCashflowsFromInvestingActivities": -16268875, "netBorrowings": -5029735, "otherCashflowsFromFinancingActivities": -6022124, "totalCashFromFinancingActivities": -11051859, "changeInCash": -616844}, {"maxAge": 1, "endDate": "2020-06-30", "netIncome": 8659002, "depreciation": 5767384, "changeToNetincome": -95455, "changeToAccountReceivables": -23708168, "changeToLiabilities": 20385208, "changeToInventory": 9638833, "changeToOperatingActivities": -23133759, "totalCashFromOperatingActivities": -2486955, "capitalExpenditures": -10448413, "totalCashflowsFromInvestingActivities": -10448413, "netBorrowings": -6340057, "otherCashflowsFromFinancingActivities": -3486358, "totalCashFromFinancingActivities": -9826415, "changeInCash": -22761784}, {"maxAge": 1, "endDate": "2019-12-31", "netIncome": -2130791, "depreciation": 5767384, "changeToNetincome": -95455, "changeToAccountReceivables": -23708168, "changeToLiabilities": 0, "changeToInventory": 9638833, "changeToOperatingActivities": -23133759, "totalCashFromOperatingActivities": -2486955, "capitalExpenditures": -10448413, "totalCashflowsFromInvestingActivities": -10448413, "netBorrowings": -6340057, "otherCashflowsFromFinancingActivities": -3486358, "totalCashFromFinancingActivities": -9826415, "changeInCash": -22761784}], "maxAge": 86400}, "insiderHolders": {"holders": [], "maxAge": 1}, "calendarEvents": {"maxAge": 1, "earnings": {"earningsDate": []}}, "upgradeDowngradeHistory": {"history": [], "maxAge": 86400}, "price": {"maxAge": 1, "regularMarketChangePercent": -0.010152302, "regularMarketChange": -0.9000015, "regularMarketTime": "2021-04-30 15:28:09", "priceHint": 2, "regularMarketPrice": 87.75, "regularMarketDayHigh": 91.0, "regularMarketDayLow": 87.1, "regularMarketVolume": 55994, "averageDailyVolume10Day": 7655, "averageDailyVolume3Month": 32780, "regularMarketPreviousClose": 88.65, "regularMarketSource": "FREE_REALTIME", "regularMarketOpen": 88.65, "exchange": "NSI", "exchangeName": "NSE", "exchangeDataDelayedBy": 15, "marketState": "CLOSED", "quoteType": "EQUITY", "symbol": "MCL.NS", "underlyingSymbol": null, "shortName": "Madhav Copper Limited", "longName": "Madhav Copper Limited", "currency": "INR", "quoteSourceName": "Delayed Quote", "currencySymbol": "\u20b9", "fromCurrency": null, "lastMarket": null, "marketCap": 2381780736}, "balanceSheetHistory": {"balanceSheetStatements": [{"maxAge": 1, "endDate": "2020-03-31", "cash": 71867264, "shortTermInvestments": 5582133, "netReceivables": 132559957, "inventory": 236796663, "otherCurrentAssets": 11433665, "totalCurrentAssets": 458504277, "longTermInvestments": 11460077, "propertyPlantEquipment": 128257968, "totalAssets": 598222322, "accountsPayable": 98215607, "shortLongTermDebt": 15224420, "otherCurrentLiab": 28838548, "longTermDebt": 26181614, "otherLiab": 3126794, "totalCurrentLiabilities": 147115419, "totalLiab": 176423827, "commonStock": 135714000, "retainedEarnings": 50284711, "treasuryStock": 1500000, "capitalSurplus": 234299784, "otherStockholderEquity": 1500000, "totalStockholderEquity": 421798495, "netTangibleAssets": 421798495}, {"maxAge": 1, "endDate": "2019-03-31", "cash": 555486, "shortTermInvestments": 2820682, "netReceivables": 237313964, "inventory": 72072280, "otherCurrentAssets": 9561672, "totalCurrentAssets": 322493275, "longTermInvestments": 11812077, "propertyPlantEquipment": 121038653, "totalAssets": 455344005, "accountsPayable": 174578756, "shortLongTermDebt": 16216886, "otherCurrentLiab": 25144145, "longTermDebt": 28959571, "otherLiab": 4179096, "totalCurrentLiabilities": 291701305, "totalLiab": 324839972, "commonStock": 61608000, "retainedEarnings": 67396033, "treasuryStock": 1500000, "otherStockholderEquity": 1500000, "totalStockholderEquity": 130504033, "netTangibleAssets": 130504033}, {"maxAge": 1, "endDate": "2018-03-31", "cash": 316166, "shortTermInvestments": 3728498, "netReceivables": 137937504, "inventory": 17378732, "otherCurrentAssets": 14687686, "totalCurrentAssets": 174048586, "longTermInvestments": 7960077, "propertyPlantEquipment": 55284455, "otherAssets": 1042268, "deferredLongTermAssetCharges": 416471, "totalAssets": 238335386, "accountsPayable": 55908018, "shortLongTermDebt": 3888934, "otherCurrentLiab": 14584572, "longTermDebt": 15998001, "totalCurrentLiabilities": 128250060, "totalLiab": 144248061, "commonStock": 20536000, "retainedEarnings": 36899861, "treasuryStock": 1500000, "capitalSurplus": 35151464, "otherStockholderEquity": 1500000, "totalStockholderEquity": 94087325, "netTangibleAssets": 94087325}, {"maxAge": 1, "endDate": "2017-03-31", "cash": 1116067, "netReceivables": 87250334, "inventory": 79286779, "otherCurrentAssets": 11785787, "totalCurrentAssets": 179438967, "propertyPlantEquipment": 38412865, "otherAssets": 10361282, "totalAssets": 228213114, "accountsPayable": 42292965, "shortLongTermDebt": 7073524, "otherCurrentLiab": 3905329, "longTermDebt": 17894839, "otherLiab": 8600, "totalCurrentLiabilities": 139899175, "totalLiab": 157802614, "commonStock": 20536000, "retainedEarnings": 13223036, "treasuryStock": 1500000, "capitalSurplus": 35151464, "otherStockholderEquity": 1500000, "totalStockholderEquity": 70410500, "netTangibleAssets": 70410500}], "maxAge": 86400}, "financialData": {"maxAge": 86400, "currentPrice": 87.75, "recommendationKey": "none", "totalCash": 26343698, "totalCashPerShare": 0.973, "ebitda": 116966736, "totalDebt": 13501500, "totalRevenue": 3017454848, "debtToEquity": 3.075, "revenuePerShare": 103.715, "grossProfits": 175446524, "revenueGrowth": 1.371, "grossMargins": 0.06573, "ebitdaMargins": 0.03876, "operatingMargins": 0.03034, "profitMargins": 0.0194, "financialCurrency": "INR"}}}