{"MCLEODRUSS.NS": {"assetProfile": {"address1": "Four Mangoe Lane", "address2": "Surendra Mohan Ghosh Sarani", "city": "Kolkata", "zip": "700001", "country": "India", "phone": "91 33 2210 1221", "fax": "91 33 2248 8114", "website": "http://www.mcleodrussel.com", "industry": "Packaged Foods", "sector": "Consumer Defensive", "longBusinessSummary": "McLeod Russel India Limited, together with its subsidiaries, cultivates, processes, manufactures, and sells teas in India and internationally. The company operates tea estates covering 25,211 hectares in India, Vietnam, Uganda, and Rwanda. It also trades in black tea. In addition, the company exports its products to Europe, the Middle East, and North America. McLeod Russel India Limited was founded in 1869 and is based in Kolkata, India.", "fullTimeEmployees": 47707, "companyOfficers": [{"maxAge": 1, "name": "Mr. Aditya  Khaitan", "age": 52, "title": "Chairman & MD", "yearBorn": 1968, "fiscalYear": 2020, "totalPay": 34888800, "exercisedValue": 0, "unexercisedValue": 0}, {"maxAge": 1, "name": "Mr. Pradip  Bhar", "age": 63, "title": "Chief Financial Officer", "yearBorn": 1957, "exercisedValue": 0, "unexercisedValue": 0}, {"maxAge": 1, "name": "Mr. Azam  Monem", "age": 61, "title": "Whole Time Director", "yearBorn": 1959, "fiscalYear": 2020, "totalPay": 18823795, "exercisedValue": 0, "unexercisedValue": 0}, {"maxAge": 1, "name": "Mr. Alok Kumar Samant", "title": "Compliance Officer & Company Sec.", "exercisedValue": 0, "unexercisedValue": 0}, {"maxAge": 1, "name": "B. K. Newar", "age": 59, "title": "VP", "yearBorn": 1961, "fiscalYear": 2019, "exercisedValue": 0, "unexercisedValue": 0}], "compensationAsOfEpochDate": "2020-12-31 05:30:00", "maxAge": 86400}, "recommendationTrend": {"trend": [{"period": "0m", "strongBuy": 0, "buy": 0, "hold": 0, "sell": 0, "strongSell": 0}, {"period": "-1m", "strongBuy": 0, "buy": 0, "hold": 0, "sell": 0, "strongSell": 0}, {"period": "-2m", "strongBuy": 0, "buy": 0, "hold": 0, "sell": 0, "strongSell": 0}, {"period": "-3m", "strongBuy": 0, "buy": 0, "hold": 0, "sell": 0, "strongSell": 0}], "maxAge": 86400}, "cashflowStatementHistory": {"cashflowStatements": [{"maxAge": 1, "endDate": "2020-03-31", "netIncome": -1477897000, "depreciation": 777032000, "changeToNetincome": 1219094000, "changeToAccountReceivables": -4650000, "changeToLiabilities": -927532000, "changeToInventory": 423690000, "changeToOperatingActivities": 828560000, "totalCashFromOperatingActivities": 840763000, "capitalExpenditures": -386859000, "investments": 641588000, "otherCashflowsFromInvestingActivities": -9537613000, "totalCashflowsFromInvestingActivities": -7404176000, "dividendsPaid": -705712000, "netBorrowings": 5288008000, "otherCashflowsFromFinancingActivities": -964277000, "totalCashFromFinancingActivities": 3618019000, "effectOfExchangeRate": 175000, "changeInCash": -2945219000}, {"maxAge": 1, "endDate": "2019-03-31", "netIncome": 318454000, "depreciation": 836253000, "changeToNetincome": -487839000, "changeToAccountReceivables": 265126000, "changeToLiabilities": 1360492000, "changeToInventory": 75105000, "changeToOperatingActivities": 428940000, "totalCashFromOperatingActivities": 2801498000, "capitalExpenditures": -605326000, "investments": 1294250000, "otherCashflowsFromInvestingActivities": -9764714000, "totalCashflowsFromInvestingActivities": -3233683000, "dividendsPaid": -48647000, "netBorrowings": 7214706000, "otherCashflowsFromFinancingActivities": -3277515000, "totalCashFromFinancingActivities": 3198416000, "effectOfExchangeRate": 1000, "changeInCash": 2766232000, "repurchaseOfStock": -690128000}, {"maxAge": 1, "endDate": "2018-03-31", "netIncome": 2079182000, "depreciation": 1007523000, "changeToNetincome": -1730196000, "changeToAccountReceivables": 453569000, "changeToLiabilities": 103034000, "changeToInventory": 35501000, "changeToOperatingActivities": 428940000, "totalCashFromOperatingActivities": 1963328000, "capitalExpenditures": -1019980000, "investments": 1922863000, "otherCashflowsFromInvestingActivities": 1100970000, "totalCashflowsFromInvestingActivities": -1473298000, "dividendsPaid": -20597000, "netBorrowings": 1550062000, "otherCashflowsFromFinancingActivities": -1804911000, "totalCashFromFinancingActivities": -275446000, "effectOfExchangeRate": 1000, "changeInCash": 228465000, "repurchaseOfStock": -690128000}, {"maxAge": 1, "endDate": "2017-03-31", "netIncome": 585683000, "depreciation": 1017799000, "changeToNetincome": -125898000, "changeToAccountReceivables": -187436000, "changeToLiabilities": -65174000, "changeToInventory": 129390000, "changeToOperatingActivities": 428940000, "totalCashFromOperatingActivities": 1371884000, "capitalExpenditures": -1320669000, "investments": 38345000, "otherCashflowsFromInvestingActivities": 885574000, "totalCashflowsFromInvestingActivities": -681439000, "dividendsPaid": -286657000, "netBorrowings": 997731000, "otherCashflowsFromFinancingActivities": -1355850000, "totalCashFromFinancingActivities": -644776000, "effectOfExchangeRate": 1000, "changeInCash": 45669000, "repurchaseOfStock": -690128000}], "maxAge": 86400}, "indexTrend": {"maxAge": 1, "symbol": "SP5", "peRatio": 19.7411, "pegRatio": 1.34172, "estimates": [{"period": "0q", "growth": 0.549}, {"period": "+1q", "growth": 0.431}, {"period": "0y", "growth": 0.305}, {"period": "+1y", "growth": 0.109}, {"period": "+5y", "growth": 0.120865}, {"period": "-5y"}]}, "defaultKeyStatistics": {"maxAge": 1, "priceHint": 2, "enterpriseValue": 22530144256, "profitMargins": -0.00604, "floatShares": 66403284, "sharesOutstanding": 104456000, "heldPercentInsiders": 0.36758998, "heldPercentInstitutions": 0.051939998, "beta": 2.239835, "category": null, "bookValue": 183.537, "priceToBook": 0.123408355, "fundFamily": null, "legalType": null, "lastFiscalYearEnd": "2020-03-31 05:30:00", "nextFiscalYearEnd": "2022-03-31 05:30:00", "mostRecentQuarter": "2020-12-31 05:30:00", "netIncomeToCommon": -81797000, "trailingEps": -0.785, "lastSplitFactor": null, "enterpriseToRevenue": 1.663, "enterpriseToEbitda": 12.094}, "industryTrend": {"maxAge": 1, "symbol": null, "estimates": []}, "quoteType": {"exchange": "NSI", "quoteType": "EQUITY", "symbol": "MCLEODRUSS.NS", "underlyingSymbol": "MCLEODRUSS.NS", "shortName": "MCLEOD RUSSEL INDI", "longName": "McLeod Russel India Limited", "firstTradeDateEpochUtc": "2002-08-12 09:15:00", "timeZoneFullName": "Asia/Kolkata", "timeZoneShortName": "IST", "uuid": "086bd685-2151-3956-a640-6c2e0c075265", "gmtOffSetMilliseconds": 19800000, "maxAge": 1}, "incomeStatementHistory": {"incomeStatementHistory": [{"maxAge": 1, "endDate": "2020-03-31", "totalRevenue": 11427195000, "costOfRevenue": 1951033000, "grossProfit": 9476162000, "researchDevelopment": {}, "sellingGeneralAdministrative": 5703433000, "nonRecurring": {}, "otherOperatingExpenses": 3304587000, "totalOperatingExpenses": 11738551000, "operatingIncome": -311356000, "totalOtherIncomeExpenseNet": -1580301000, "ebit": -311356000, "interestExpense": -2266921000, "incomeBeforeTax": -1891657000, "incomeTaxExpense": -413760000, "minorityInterest": {}, "netIncomeFromContinuingOps": -1477897000, "discontinuedOperations": {}, "extraordinaryItems": {}, "effectOfAccountingCharges": {}, "otherItems": {}, "netIncome": -1477897000, "netIncomeApplicableToCommonShares": -1477897000}, {"maxAge": 1, "endDate": "2019-03-31", "totalRevenue": 17229235000, "costOfRevenue": 3637898000, "grossProfit": 13591337000, "researchDevelopment": {}, "sellingGeneralAdministrative": 8221594000, "nonRecurring": {}, "otherOperatingExpenses": 5554989000, "totalOperatingExpenses": 18300911000, "operatingIncome": -1071676000, "totalOtherIncomeExpenseNet": 1678545000, "ebit": -1071676000, "interestExpense": -3375702000, "incomeBeforeTax": 606869000, "incomeTaxExpense": 218719000, "minorityInterest": {}, "netIncomeFromContinuingOps": 388150000, "discontinuedOperations": {}, "extraordinaryItems": {}, "effectOfAccountingCharges": {}, "otherItems": {}, "netIncome": 318454000, "netIncomeApplicableToCommonShares": 318454000}, {"maxAge": 1, "endDate": "2018-03-31", "totalRevenue": 20552931000, "costOfRevenue": 4284108000, "grossProfit": 16268823000, "researchDevelopment": {}, "sellingGeneralAdministrative": 9088481000, "nonRecurring": {}, "otherOperatingExpenses": 5508989000, "totalOperatingExpenses": 19903816000, "operatingIncome": 649115000, "totalOtherIncomeExpenseNet": 1866363000, "ebit": 649115000, "interestExpense": -1803748000, "incomeBeforeTax": 2515478000, "incomeTaxExpense": 323930000, "minorityInterest": 233674000, "netIncomeFromContinuingOps": 2191548000, "discontinuedOperations": {}, "extraordinaryItems": {}, "effectOfAccountingCharges": {}, "otherItems": {}, "netIncome": 2079182000, "netIncomeApplicableToCommonShares": 2079182000}, {"maxAge": 1, "endDate": "2017-03-31", "totalRevenue": 18708213000, "costOfRevenue": 3924614000, "grossProfit": 14783599000, "researchDevelopment": {}, "sellingGeneralAdministrative": 8425483000, "nonRecurring": {}, "otherOperatingExpenses": 4766240000, "totalOperatingExpenses": 18151656000, "operatingIncome": 556557000, "totalOtherIncomeExpenseNet": -11242000, "ebit": 556557000, "interestExpense": -1358954000, "incomeBeforeTax": 545315000, "incomeTaxExpense": -99165000, "minorityInterest": 222289000, "netIncomeFromContinuingOps": 644480000, "discontinuedOperations": {}, "extraordinaryItems": {}, "effectOfAccountingCharges": {}, "otherItems": {}, "netIncome": 585683000, "netIncomeApplicableToCommonShares": 585683000}], "maxAge": 86400}, "fundOwnership": {"ownershipList": [], "maxAge": 1}, "summaryDetail": {"maxAge": 1, "priceHint": 2, "previousClose": 22.1, "open": 21.5, "dayLow": 21.5, "dayHigh": 23.2, "regularMarketPreviousClose": 22.1, "regularMarketOpen": 21.5, "regularMarketDayLow": 21.5, "regularMarketDayHigh": 23.2, "exDividendDate": "2018-08-01 05:30:00", "payoutRatio": 0.0, "beta": 2.239835, "volume": 783166, "regularMarketVolume": 783166, "averageVolume": 454484, "averageVolume10days": 307347, "averageDailyVolume10Day": 307347, "bid": 0.0, "ask": 0.0, "bidSize": 0, "askSize": 0, "marketCap": 2360560384, "fiftyTwoWeekLow": 2.3, "fiftyTwoWeekHigh": 28.45, "priceToSalesTrailing12Months": 0.17423302, "fiftyDayAverage": 21.64853, "twoHundredDayAverage": 20.932625, "trailingAnnualDividendRate": 0.5, "trailingAnnualDividendYield": 0.022624435, "currency": "INR", "fromCurrency": null, "lastMarket": null, "algorithm": null, "tradeable": false}, "insiderHolders": {"holders": [{"maxAge": 1, "name": "Baheti (Kamal)", "relation": "Promoter", "url": "", "transactionDescription": "Sale", "latestTransDate": "2019-09-06", "positionDirect": 0, "positionDirectDate": "2019-09-06"}, {"maxAge": 1, "name": "Estate (Deepak Khaitan D K)", "relation": "UNREPORTED", "url": "", "transactionDescription": "Other", "latestTransDate": "2016-10-31", "positionDirect": 0, "positionDirectDate": "2016-10-31"}, {"maxAge": 1, "name": "HDFC Small and Mid Cap Fund", "relation": "Institution- Corporation", "url": "", "transactionDescription": "Sale", "latestTransDate": "2019-11-28", "positionDirect": 3186000, "positionDirectDate": "2019-11-28"}, {"maxAge": 1, "name": "ICICI Prudential Dynamic Plan", "relation": "Partner", "url": "", "transactionDescription": "Other", "latestTransDate": "2020-05-04", "positionDirect": 1587436, "positionDirectDate": "2020-05-04"}, {"maxAge": 1, "name": "Ichamati Investments Pvt Ltd", "relation": "Promoter", "url": "", "transactionDescription": "Sale", "latestTransDate": "2019-09-06", "positionDirect": 17124210, "positionDirectDate": "2019-09-06"}, {"maxAge": 1, "name": "Khaitan (Brij Mohan)", "relation": "Non Executive Chairman", "url": "", "transactionDescription": "Other", "latestTransDate": "2017-09-25", "positionDirect": 36588, "positionDirectDate": "2017-09-25"}, {"maxAge": 1, "name": "Khaitan (Deepak) HUF", "relation": "Promoter", "url": "", "transactionDescription": "Other", "latestTransDate": "2017-04-25", "positionDirect": 0, "positionDirectDate": "2017-04-25"}, {"maxAge": 1, "name": "Khaitan (Yashodhara)", "relation": "Promoter", "url": "", "transactionDescription": "Other", "latestTransDate": "2017-04-25", "positionDirect": 72504, "positionDirectDate": "2017-04-25"}, {"maxAge": 1, "name": "Shah (Niraj Rajnikant)", "relation": "Promoter", "url": "", "transactionDescription": "Acquisition", "latestTransDate": "2021-04-09", "positionDirect": 7512737, "positionDirectDate": "2021-04-09"}, {"maxAge": 1, "name": "Zen Industrial Services Ltd", "relation": "UNREPORTED", "url": "", "transactionDescription": "Sale", "latestTransDate": "2019-06-17", "positionDirect": 0, "positionDirectDate": "2019-06-17"}], "maxAge": 1}, "calendarEvents": {"maxAge": 1, "earnings": {"earningsDate": []}, "exDividendDate": "2018-08-01 05:30:00"}, "upgradeDowngradeHistory": {"history": [], "maxAge": 86400}, "price": {"maxAge": 1, "regularMarketChangePercent": 0.024886841, "regularMarketChange": 0.54999924, "regularMarketTime": "2021-04-30 15:29:49", "priceHint": 2, "regularMarketPrice": 22.65, "regularMarketDayHigh": 23.2, "regularMarketDayLow": 21.5, "regularMarketVolume": 783166, "averageDailyVolume10Day": 307347, "averageDailyVolume3Month": 454484, "regularMarketPreviousClose": 22.1, "regularMarketSource": "FREE_REALTIME", "regularMarketOpen": 21.5, "exchange": "NSI", "exchangeName": "NSE", "exchangeDataDelayedBy": 15, "marketState": "CLOSED", "quoteType": "EQUITY", "symbol": "MCLEODRUSS.NS", "underlyingSymbol": null, "shortName": "MCLEOD RUSSEL INDI", "longName": "McLeod Russel India Limited", "currency": "INR", "quoteSourceName": "Delayed Quote", "currencySymbol": "\u20b9", "fromCurrency": null, "lastMarket": null, "marketCap": 2360560384}, "balanceSheetHistory": {"balanceSheetStatements": [{"maxAge": 1, "endDate": "2020-03-31", "cash": 516192000, "netReceivables": 570065000, "inventory": 1943036000, "otherCurrentAssets": 1481998000, "totalCurrentAssets": 4587287000, "longTermInvestments": 108127000, "propertyPlantEquipment": 13035123000, "goodWill": 1993743000, "intangibleAssets": 153431000, "otherAssets": 29474712000, "totalAssets": 49352423000, "accountsPayable": 893227000, "shortLongTermDebt": 2119389000, "otherCurrentLiab": 1266740000, "longTermDebt": 1857662000, "otherLiab": 1860468000, "totalCurrentLiabilities": 27034605000, "totalLiab": 30808205000, "commonStock": 522279000, "retainedEarnings": 13229782000, "treasuryStock": 4351927000, "capitalSurplus": 440230000, "otherStockholderEquity": 4351927000, "totalStockholderEquity": 18544218000, "netTangibleAssets": 16397044000}, {"maxAge": 1, "endDate": "2019-03-31", "cash": 3461412000, "shortTermInvestments": 75000000, "netReceivables": 686368000, "inventory": 2261008000, "otherCurrentAssets": 2804633000, "totalCurrentAssets": 9372171000, "longTermInvestments": 1014768000, "propertyPlantEquipment": 13486314000, "goodWill": 1974666000, "intangibleAssets": 184918000, "otherAssets": 19560914000, "totalAssets": 45593751000, "accountsPayable": 1742383000, "shortLongTermDebt": 1676257000, "otherCurrentLiab": 1399587000, "longTermDebt": 2226978000, "otherLiab": 2412407000, "totalCurrentLiabilities": 20812183000, "totalLiab": 25451568000, "commonStock": 522279000, "retainedEarnings": 14549137000, "treasuryStock": 4630537000, "capitalSurplus": 440230000, "otherStockholderEquity": 4715875000, "totalStockholderEquity": 20142183000, "netTangibleAssets": 17982599000}, {"maxAge": 1, "endDate": "2018-03-31", "cash": 695180000, "shortTermInvestments": 65311000, "netReceivables": 9284916000, "inventory": 2336113000, "otherCurrentAssets": 1932050000, "totalCurrentAssets": 14402680000, "longTermInvestments": 961006000, "propertyPlantEquipment": 18973593000, "goodWill": 3073248000, "intangibleAssets": 220491000, "otherAssets": 797286000, "totalAssets": 38428304000, "accountsPayable": 1266106000, "shortLongTermDebt": 1600133000, "otherCurrentLiab": 719904000, "longTermDebt": 4079034000, "otherLiab": 2120613000, "minorityInterest": 233674000, "totalCurrentLiabilities": 10321363000, "totalLiab": 16521010000, "commonStock": 547279000, "retainedEarnings": 14183286000, "treasuryStock": 5837697000, "capitalSurplus": 1105358000, "otherStockholderEquity": 5923035000, "totalStockholderEquity": 21673620000, "netTangibleAssets": 18379881000}, {"maxAge": 1, "endDate": "2017-03-31", "cash": 466792000, "netReceivables": 6331406000, "inventory": 2371614000, "otherCurrentAssets": 1651230000, "totalCurrentAssets": 10931793000, "longTermInvestments": 722499000, "propertyPlantEquipment": 19114812000, "goodWill": 2910503000, "intangibleAssets": 259382000, "otherAssets": 580100000, "totalAssets": 34519089000, "accountsPayable": 1166154000, "shortLongTermDebt": 946415000, "otherCurrentLiab": 611104000, "longTermDebt": 2263474000, "otherLiab": 2382130000, "minorityInterest": 222289000, "totalCurrentLiabilities": 10062889000, "totalLiab": 14708493000, "commonStock": 547279000, "retainedEarnings": 12274815000, "treasuryStock": 5660855000, "capitalSurplus": 1105358000, "otherStockholderEquity": 5796193000, "totalStockholderEquity": 19588307000, "netTangibleAssets": 16418422000}], "maxAge": 86400}, "earningsTrend": {"trend": [{"maxAge": 1, "period": "0q", "endDate": null, "growth": {}, "earningsEstimate": {"avg": 0.0, "low": 0.0, "high": 0.0, "yearAgoEps": {}, "numberOfAnalysts": 0, "growth": {}}, "revenueEstimate": {"avg": 0, "low": 0, "high": 0, "numberOfAnalysts": 0, "yearAgoRevenue": {}, "growth": {}}, "epsTrend": {"current": 0.0, "7daysAgo": 0.0, "30daysAgo": 0.0, "60daysAgo": 0.0, "90daysAgo": 0.0}, "epsRevisions": {"upLast7days": 0, "upLast30days": 0, "downLast30days": 0, "downLast90days": {}}}, {"maxAge": 1, "period": "+1q", "endDate": null, "growth": {}, "earningsEstimate": {"avg": 0.0, "low": 0.0, "high": 0.0, "yearAgoEps": {}, "numberOfAnalysts": 0, "growth": {}}, "revenueEstimate": {"avg": 0, "low": 0, "high": 0, "numberOfAnalysts": 0, "yearAgoRevenue": {}, "growth": {}}, "epsTrend": {"current": 0.0, "7daysAgo": 0.0, "30daysAgo": 0.0, "60daysAgo": 0.0, "90daysAgo": 0.0}, "epsRevisions": {"upLast7days": 0, "upLast30days": 0, "downLast30days": 0, "downLast90days": {}}}, {"maxAge": 1, "period": "0y", "endDate": null, "growth": {}, "earningsEstimate": {"avg": 0.0, "low": 0.0, "high": 0.0, "yearAgoEps": {}, "numberOfAnalysts": 0, "growth": {}}, "revenueEstimate": {"avg": 0, "low": 0, "high": 0, "numberOfAnalysts": 0, "yearAgoRevenue": {}, "growth": {}}, "epsTrend": {"current": 0.0, "7daysAgo": 0.0, "30daysAgo": 0.0, "60daysAgo": 0.0, "90daysAgo": 0.0}, "epsRevisions": {"upLast7days": 0, "upLast30days": 0, "downLast30days": 0, "downLast90days": {}}}, {"maxAge": 1, "period": "+1y", "endDate": null, "growth": {}, "earningsEstimate": {"avg": 0.0, "low": 0.0, "high": 0.0, "yearAgoEps": {}, "numberOfAnalysts": 0, "growth": {}}, "revenueEstimate": {"avg": 0, "low": 0, "high": 0, "numberOfAnalysts": 0, "yearAgoRevenue": {}, "growth": {}}, "epsTrend": {"current": 0.0, "7daysAgo": 0.0, "30daysAgo": 0.0, "60daysAgo": 0.0, "90daysAgo": 0.0}, "epsRevisions": {"upLast7days": 0, "upLast30days": 0, "downLast30days": 0, "downLast90days": {}}}, {"maxAge": 1, "period": "+5y", "endDate": null, "growth": 0.1, "earningsEstimate": {"avg": {}, "low": {}, "high": {}, "yearAgoEps": {}, "numberOfAnalysts": {}, "growth": {}}, "revenueEstimate": {"avg": {}, "low": {}, "high": {}, "numberOfAnalysts": {}, "yearAgoRevenue": {}, "growth": {}}, "epsTrend": {"current": {}, "7daysAgo": {}, "30daysAgo": {}, "60daysAgo": {}, "90daysAgo": {}}, "epsRevisions": {"upLast7days": {}, "upLast30days": {}, "downLast30days": {}, "downLast90days": {}}}, {"maxAge": 1, "period": "-5y", "endDate": null, "growth": -0.09668, "earningsEstimate": {"avg": {}, "low": {}, "high": {}, "yearAgoEps": {}, "numberOfAnalysts": {}, "growth": {}}, "revenueEstimate": {"avg": {}, "low": {}, "high": {}, "numberOfAnalysts": {}, "yearAgoRevenue": {}, "growth": {}}, "epsTrend": {"current": {}, "7daysAgo": {}, "30daysAgo": {}, "60daysAgo": {}, "90daysAgo": {}}, "epsRevisions": {"upLast7days": {}, "upLast30days": {}, "downLast30days": {}, "downLast90days": {}}}], "maxAge": 1}, "institutionOwnership": {"ownershipList": [], "maxAge": 1}, "majorHoldersBreakdown": {"maxAge": 1, "insidersPercentHeld": 0.36758998, "institutionsPercentHeld": 0.051939998, "institutionsFloatPercentHeld": 0.08214, "institutionsCount": 3}, "balanceSheetHistoryQuarterly": {"balanceSheetStatements": [{"maxAge": 1, "endDate": "2020-12-31", "totalStockholderEquity": 19168600000, "netTangibleAssets": 17037200000}, {"maxAge": 1, "endDate": "2020-09-30", "cash": 950600000, "netReceivables": 1478500000, "inventory": 3864700000, "otherCurrentAssets": 1638000000, "totalCurrentAssets": 7931800000, "longTermInvestments": 721800000, "propertyPlantEquipment": 12646100000, "goodWill": 1993700000, "intangibleAssets": 137700000, "otherAssets": 28692000000, "totalAssets": 52123100000, "accountsPayable": 1167300000, "otherCurrentLiab": 8247200000, "longTermDebt": 1502300000, "otherLiab": 1857600000, "totalCurrentLiabilities": 29558500000, "totalLiab": 32954500000, "commonStock": 522200000, "treasuryStock": 18646400000, "otherStockholderEquity": 18646400000, "totalStockholderEquity": 19168600000, "netTangibleAssets": 17037200000}, {"maxAge": 1, "endDate": "2020-06-30", "totalStockholderEquity": 18544200000, "netTangibleAssets": 16397100000}, {"maxAge": 1, "endDate": "2020-03-31", "cash": 516192000, "netReceivables": 570065000, "inventory": 1943036000, "otherCurrentAssets": 1481998000, "totalCurrentAssets": 4587287000, "longTermInvestments": 108127000, "propertyPlantEquipment": 13035123000, "goodWill": 1993743000, "intangibleAssets": 153431000, "otherAssets": 29474712000, "totalAssets": 49352423000, "accountsPayable": 893227000, "shortLongTermDebt": 2119389000, "otherCurrentLiab": 1266740000, "longTermDebt": 1857662000, "otherLiab": 1860468000, "totalCurrentLiabilities": 27034605000, "totalLiab": 30808205000, "commonStock": 522279000, "retainedEarnings": 13229782000, "treasuryStock": 4351927000, "capitalSurplus": 440230000, "otherStockholderEquity": 4351927000, "totalStockholderEquity": 18544218000, "netTangibleAssets": 16397044000}], "maxAge": 86400}, "earningsHistory": {"history": [{"maxAge": 1, "epsActual": {}, "epsEstimate": {}, "epsDifference": {}, "surprisePercent": {}, "quarter": {}, "period": "-4q"}, {"maxAge": 1, "epsActual": {}, "epsEstimate": {}, "epsDifference": {}, "surprisePercent": {}, "quarter": {}, "period": "-3q"}, {"maxAge": 1, "epsActual": {}, "epsEstimate": {}, "epsDifference": {}, "surprisePercent": {}, "quarter": {}, "period": "-2q"}, {"maxAge": 1, "epsActual": {}, "epsEstimate": {}, "epsDifference": {}, "surprisePercent": {}, "quarter": {}, "period": "-1q"}], "maxAge": 86400}, "summaryProfile": {"address1": "Four Mangoe Lane", "address2": "Surendra Mohan Ghosh Sarani", "city": "Kolkata", "zip": "700001", "country": "India", "phone": "91 33 2210 1221", "fax": "91 33 2248 8114", "website": "http://www.mcleodrussel.com", "industry": "Packaged Foods", "sector": "Consumer Defensive", "longBusinessSummary": "McLeod Russel India Limited, together with its subsidiaries, cultivates, processes, manufactures, and sells teas in India and internationally. The company operates tea estates covering 25,211 hectares in India, Vietnam, Uganda, and Rwanda. It also trades in black tea. In addition, the company exports its products to Europe, the Middle East, and North America. McLeod Russel India Limited was founded in 1869 and is based in Kolkata, India.", "fullTimeEmployees": 47707, "companyOfficers": [], "maxAge": 86400}, "netSharePurchaseActivity": {"maxAge": 1, "period": "6m", "buyInfoCount": 0, "buyInfoShares": 0, "sellInfoCount": 0, "netInfoCount": 0, "netInfoShares": 0, "netPercentInsiderShares": 0.0, "totalInsiderShares": 38406392}, "insiderTransactions": {"transactions": [{"maxAge": 1, "shares": 2128824, "filerUrl": "", "transactionText": "", "filerName": "Shah (Niraj Rajnikant)", "filerRelation": "Promoter", "moneyText": "", "startDate": "2021-04-09", "ownership": "D"}, {"maxAge": 1, "shares": 246185, "filerUrl": "", "transactionText": "", "filerName": "Shah (Niraj Rajnikant)", "filerRelation": "Promoter", "moneyText": "", "startDate": "2021-02-11", "ownership": "D"}, {"maxAge": 1, "shares": 2408750, "filerUrl": "", "transactionText": "", "filerName": "ICICI Prudential Dynamic Plan", "filerRelation": "Partner", "moneyText": "", "startDate": "2020-05-04", "ownership": "D"}, {"maxAge": 1, "shares": 2468300, "filerUrl": "", "transactionText": "", "filerName": "HDFC Small and Mid Cap Fund", "filerRelation": "Institution- Corporation", "moneyText": "", "startDate": "2019-11-28", "ownership": "D"}, {"maxAge": 1, "shares": 17067500, "filerUrl": "", "transactionText": "", "filerName": "Ichamati Investments Pvt Ltd", "filerRelation": "Promoter", "moneyText": "", "startDate": "2019-09-06", "ownership": "D"}, {"maxAge": 1, "shares": 17067500, "filerUrl": "", "transactionText": "", "filerName": "Baheti (Kamal)", "filerRelation": "Promoter", "moneyText": "", "startDate": "2019-09-06", "ownership": "D"}, {"maxAge": 1, "shares": 85366, "filerUrl": "", "transactionText": "", "filerName": "Zen Industrial Services Ltd", "filerRelation": "UNREPORTED", "moneyText": "", "startDate": "2019-06-17", "ownership": "D"}, {"maxAge": 1, "shares": 10000000, "filerUrl": "", "transactionText": "", "filerName": "Baheti (Kamal)", "filerRelation": "Chief Financial Officer", "moneyText": "", "startDate": "2017-11-30", "ownership": "D"}, {"maxAge": 1, "shares": 300, "filerUrl": "", "transactionText": "", "filerName": "Khaitan (Brij Mohan)", "filerRelation": "Non Executive Chairman", "moneyText": "", "startDate": "2017-09-25", "ownership": "D"}, {"maxAge": 1, "shares": 43200, "filerUrl": "", "transactionText": "", "filerName": "Khaitan (Deepak) HUF", "filerRelation": "Promoter", "moneyText": "", "startDate": "2017-04-25", "ownership": "D"}, {"maxAge": 1, "shares": 43200, "filerUrl": "", "transactionText": "", "filerName": "Khaitan (Yashodhara)", "filerRelation": "Promoter", "moneyText": "", "startDate": "2017-04-25", "ownership": "D"}, {"maxAge": 1, "shares": 11818, "filerUrl": "", "transactionText": "", "filerName": "Estate (Deepak Khaitan D K)", "filerRelation": "UNREPORTED", "moneyText": "", "startDate": "2016-10-31", "ownership": "D"}, {"maxAge": 1, "shares": 5909, "filerUrl": "", "transactionText": "", "filerName": "Khaitan (Yashodhara)", "filerRelation": "Promoter", "moneyText": "", "startDate": "2016-10-31", "ownership": "D"}, {"maxAge": 1, "shares": 700000, "filerUrl": "", "transactionText": "", "filerName": "Woodside Parks Ltd", "filerRelation": "Institution- Corporation", "moneyText": "", "startDate": "2016-03-29", "ownership": "D"}, {"maxAge": 1, "shares": 806801, "filerUrl": "", "transactionText": "", "filerName": "Woodside Parks Ltd", "filerRelation": "Institution- Corporation", "moneyText": "", "startDate": "2016-03-28", "ownership": "D"}, {"maxAge": 1, "shares": 600000, "filerUrl": "", "transactionText": "", "filerName": "Woodside Parks Ltd", "filerRelation": "Institution- Corporation", "moneyText": "", "startDate": "2016-03-24", "ownership": "D"}, {"maxAge": 1, "shares": 1600000, "filerUrl": "", "transactionText": "", "filerName": "Woodside Parks Ltd", "filerRelation": "Institution- Corporation", "moneyText": "", "startDate": "2016-03-22", "ownership": "D"}, {"maxAge": 1, "shares": 800000, "filerUrl": "", "transactionText": "", "filerName": "Woodside Parks Ltd", "filerRelation": "Institution- Corporation", "moneyText": "", "startDate": "2016-03-21", "ownership": "D"}, {"maxAge": 1, "shares": 7467, "filerUrl": "", "transactionText": "", "filerName": "Khaitan (Amritanshu)", "filerRelation": "Director (Non-Executive)", "moneyText": "", "startDate": "2015-08-25", "ownership": "D"}, {"maxAge": 1, "shares": 10000, "filerUrl": "", "transactionText": "", "filerName": "Khaitan (Yashodhara)", "filerRelation": "UNREPORTED", "moneyText": "", "startDate": "2015-08-25", "ownership": "D"}, {"maxAge": 1, "shares": 5000, "filerUrl": "", "transactionText": "", "filerName": "Khaitan (Isha)", "filerRelation": "UNREPORTED", "moneyText": "", "startDate": "2015-08-25", "ownership": "D"}, {"maxAge": 1, "shares": 10000, "filerUrl": "", "transactionText": "", "filerName": "Khaitan (Aditya)", "filerRelation": "Executive Vice Chairman", "moneyText": "", "startDate": "2015-08-25", "ownership": "D"}, {"maxAge": 1, "shares": 300, "filerUrl": "", "transactionText": "", "filerName": "Khaitan (Shanti)", "filerRelation": "Promoter", "moneyText": "", "startDate": "2015-03-31", "ownership": "D"}, {"maxAge": 1, "shares": 2200, "filerUrl": "", "transactionText": "", "filerName": "Khaitan (Kavita)", "filerRelation": "Promoter", "moneyText": "", "startDate": "2015-03-31", "ownership": "D"}, {"maxAge": 1, "shares": 1500, "filerUrl": "", "transactionText": "", "filerName": "Khaitan (Padam Kumar)", "filerRelation": "Director (Non-Executive)", "moneyText": "", "startDate": "2015-03-31", "ownership": "D"}, {"maxAge": 1, "shares": 7533, "filerUrl": "", "transactionText": "", "filerName": "Khaitan (Amritanshu)", "filerRelation": "Director (Non-Executive)", "moneyText": "", "startDate": "2015-03-31", "ownership": "D"}, {"maxAge": 1, "shares": 13395, "filerUrl": "", "transactionText": "", "filerName": "Khaitan (Yashodhara)", "filerRelation": "Promoter", "moneyText": "", "startDate": "2015-03-31", "ownership": "D"}, {"maxAge": 1, "shares": 2204229, "filerUrl": "", "transactionText": "", "filerName": "CLSA Mauritius Ltd", "filerRelation": "Private Equity", "moneyText": "", "startDate": "2015-01-06", "ownership": "D"}, {"maxAge": 1, "shares": 550, "filerUrl": "", "transactionText": "", "filerName": "Takru (Rajeev)", "filerRelation": "Wholetime Director", "moneyText": "", "startDate": "2013-04-18", "ownership": "D"}, {"maxAge": 1, "shares": 250, "filerUrl": "", "transactionText": "", "filerName": "Takru (Rajeev)", "filerRelation": "Wholetime Director", "moneyText": "", "startDate": "2012-12-21", "ownership": "D"}, {"maxAge": 1, "shares": 1000, "filerUrl": "", "transactionText": "", "filerName": "Ichamati Investments Pvt Ltd", "filerRelation": "Promoter", "moneyText": "", "startDate": "2012-11-13", "ownership": "D"}, {"maxAge": 1, "shares": 500, "filerUrl": "", "transactionText": "", "filerName": "Takru (Rajeev)", "filerRelation": "Wholetime Director", "moneyText": "", "startDate": "2012-07-05", "ownership": "D"}, {"maxAge": 1, "shares": 87277, "filerUrl": "", "transactionText": "", "filerName": "CLSA Mauritius Ltd", "filerRelation": "Private Equity", "moneyText": "", "startDate": "2011-12-30", "ownership": "D"}, {"maxAge": 1, "shares": 300, "filerUrl": "", "transactionText": "", "filerName": "Takru (Rajeev)", "filerRelation": "Wholetime Director", "moneyText": "", "startDate": "2011-08-16", "ownership": "D"}, {"maxAge": 1, "shares": 20000, "filerUrl": "", "transactionText": "", "filerName": "Babcock Borsig Ltd", "filerRelation": "Institution- Corporation", "moneyText": "", "startDate": "2010-12-14", "ownership": "D"}, {"maxAge": 1, "shares": 171266, "filerUrl": "", "transactionText": "", "filerName": "Babcock Borsig Ltd", "filerRelation": "Institution- Corporation", "moneyText": "", "startDate": "2010-12-10", "ownership": "D"}, {"maxAge": 1, "shares": 1310586, "filerUrl": "", "transactionText": "", "filerName": "Emerging Markets Growth Fund, Inc.", "filerRelation": "UNREPORTED", "moneyText": "", "startDate": "2010-11-26", "ownership": "D"}, {"maxAge": 1, "shares": 50000, "filerUrl": "", "transactionText": "", "filerName": "Babcock Borsig Ltd", "filerRelation": "Institution- Corporation", "moneyText": "", "startDate": "2010-09-30", "ownership": "D"}, {"maxAge": 1, "shares": 73635, "filerUrl": "", "transactionText": "", "filerName": "Bishnauth Investments, Ltd.", "filerRelation": "Institution- Corporation", "moneyText": "", "startDate": "2010-07-13", "ownership": "D"}], "maxAge": 1}, "sectorTrend": {"maxAge": 1, "symbol": null, "estimates": []}, "incomeStatementHistoryQuarterly": {"incomeStatementHistory": [{"maxAge": 1, "endDate": "2020-12-31", "totalRevenue": 4475400000, "costOfRevenue": 1184200000, "grossProfit": 3291200000, "researchDevelopment": {}, "sellingGeneralAdministrative": 1310300000, "nonRecurring": {}, "otherOperatingExpenses": 1217100000, "totalOperatingExpenses": 3907200000, "operatingIncome": 568200000, "totalOtherIncomeExpenseNet": -518000000, "ebit": 568200000, "interestExpense": -527400000, "incomeBeforeTax": 50200000, "incomeTaxExpense": 39800000, "minorityInterest": {}, "netIncomeFromContinuingOps": 10400000, "discontinuedOperations": {}, "extraordinaryItems": {}, "effectOfAccountingCharges": {}, "otherItems": {}, "netIncome": 10400000, "netIncomeApplicableToCommonShares": 10400000}, {"maxAge": 1, "endDate": "2020-09-30", "totalRevenue": 4989700000, "costOfRevenue": -788300000, "grossProfit": 5778000000, "researchDevelopment": {}, "sellingGeneralAdministrative": 2094300000, "nonRecurring": {}, "otherOperatingExpenses": 1236400000, "totalOperatingExpenses": 2842100000, "operatingIncome": 2147600000, "totalOtherIncomeExpenseNet": -528400000, "ebit": 2147600000, "interestExpense": -562400000, "incomeBeforeTax": 1619200000, "incomeTaxExpense": 99600000, "minorityInterest": {}, "netIncomeFromContinuingOps": 1519600000, "discontinuedOperations": {}, "extraordinaryItems": {}, "effectOfAccountingCharges": {}, "otherItems": {}, "netIncome": 1519600000, "netIncomeApplicableToCommonShares": 1519600000}, {"maxAge": 1, "endDate": "2020-06-30", "totalRevenue": 1933000000, "costOfRevenue": -12700000, "grossProfit": 1945700000, "researchDevelopment": {}, "sellingGeneralAdministrative": 1346000000, "nonRecurring": {}, "otherOperatingExpenses": 817600000, "totalOperatingExpenses": 2329700000, "operatingIncome": -396700000, "totalOtherIncomeExpenseNet": -552300000, "ebit": -396700000, "interestExpense": -583300000, "incomeBeforeTax": -949000000, "incomeTaxExpense": -43800000, "minorityInterest": {}, "netIncomeFromContinuingOps": -905200000, "discontinuedOperations": {}, "extraordinaryItems": {}, "effectOfAccountingCharges": {}, "otherItems": {}, "netIncome": -905200000, "netIncomeApplicableToCommonShares": -905200000}, {"maxAge": 1, "endDate": "2020-03-31", "totalRevenue": 2150195000, "costOfRevenue": 1785133000, "grossProfit": 365062000, "researchDevelopment": {}, "sellingGeneralAdministrative": 988433000, "nonRecurring": {}, "otherOperatingExpenses": 281887000, "totalOperatingExpenses": 3282151000, "operatingIncome": -1131956000, "totalOtherIncomeExpenseNet": -274101000, "ebit": -1131956000, "interestExpense": -253221000, "incomeBeforeTax": -1406057000, "incomeTaxExpense": -699460000, "minorityInterest": {}, "netIncomeFromContinuingOps": -706597000, "discontinuedOperations": {}, "extraordinaryItems": {}, "effectOfAccountingCharges": {}, "otherItems": {}, "netIncome": -706597000, "netIncomeApplicableToCommonShares": -706597000}], "maxAge": 86400}, "cashflowStatementHistoryQuarterly": {"cashflowStatements": [{"maxAge": 1, "endDate": "2020-12-31", "netIncome": 10400000, "changeToLiabilities": 0}, {"maxAge": 1, "endDate": "2020-09-30", "netIncome": 1519600000, "changeToLiabilities": 0}, {"maxAge": 1, "endDate": "2020-06-30", "netIncome": -905200000, "changeToLiabilities": 0}, {"maxAge": 1, "endDate": "2020-03-31", "netIncome": -706597000, "changeToLiabilities": 0}], "maxAge": 86400}, "earnings": {"maxAge": 86400, "earningsChart": {"quarterly": [], "earningsDate": []}, "financialsChart": {"yearly": [{"date": 2017, "revenue": 18708213000, "earnings": 585683000}, {"date": 2018, "revenue": 20552931000, "earnings": 2079182000}, {"date": 2019, "revenue": 17229235000, "earnings": 318454000}, {"date": 2020, "revenue": 11427195000, "earnings": -1477897000}], "quarterly": [{"date": "1Q2020", "revenue": 2150195000, "earnings": -706597000}, {"date": "2Q2020", "revenue": 1933000000, "earnings": -905200000}, {"date": "3Q2020", "revenue": 4989700000, "earnings": 1519600000}, {"date": "4Q2020", "revenue": 4475400000, "earnings": 10400000}]}, "financialCurrency": "INR"}, "financialData": {"maxAge": 86400, "currentPrice": 22.65, "targetHighPrice": 158.0, "targetLowPrice": 158.0, "targetMeanPrice": 158.0, "targetMedianPrice": 158.0, "recommendationMean": 3.0, "recommendationKey": "hold", "numberOfAnalystOpinions": 1, "totalCash": 950600000, "totalCashPerShare": 9.098, "ebitda": 1862851968, "totalDebt": 21171699712, "totalRevenue": 13548295168, "debtToEquity": 110.45, "revenuePerShare": 129.732, "grossProfits": 9476162000, "revenueGrowth": 0.223, "grossMargins": 0.83996004, "ebitdaMargins": 0.1375, "operatingMargins": 0.08762, "profitMargins": -0.00604, "financialCurrency": "INR"}}}