{"MCLEODRUSS.BO": {"recommendationTrend": {"trend": [{"period": "0m", "strongBuy": 0, "buy": 0, "hold": 0, "sell": 0, "strongSell": 0}, {"period": "-1m", "strongBuy": 0, "buy": 0, "hold": 0, "sell": 0, "strongSell": 0}, {"period": "-2m", "strongBuy": 0, "buy": 0, "hold": 0, "sell": 0, "strongSell": 0}, {"period": "-3m", "strongBuy": 0, "buy": 0, "hold": 0, "sell": 0, "strongSell": 0}], "maxAge": 86400}, "cashflowStatementHistory": {"cashflowStatements": [{"maxAge": 1, "endDate": "2020-03-31", "netIncome": -1477900000, "depreciation": 779500000, "changeToNetincome": 1223700000, "changeToAccountReceivables": -4700000, "changeToLiabilities": -946500000, "changeToInventory": 423700000, "changeToOperatingActivities": 828600000, "totalCashFromOperatingActivities": 826400000, "investments": 641600000, "otherCashflowsFromInvestingActivities": -10187600000, "totalCashflowsFromInvestingActivities": -7404200000, "dividendsPaid": -705700000, "netBorrowings": 5196800000, "otherCashflowsFromFinancingActivities": -873100000, "totalCashFromFinancingActivities": 3618000000, "changeInCash": -2959800000}, {"maxAge": 1, "endDate": "2019-03-31", "netIncome": 318454000, "depreciation": 836253000, "changeToNetincome": -450874000, "changeToAccountReceivables": 811252000, "changeToLiabilities": 1206340000, "changeToInventory": 75105000, "changeToOperatingActivities": 828600000, "totalCashFromOperatingActivities": 2801497000, "capitalExpenditures": -1195621000, "investments": 1284561000, "otherCashflowsFromInvestingActivities": 1814025000, "totalCashflowsFromInvestingActivities": -3233683000, "dividendsPaid": -45178000, "netBorrowings": 7214706000, "otherCashflowsFromFinancingActivities": -3280983000, "totalCashFromFinancingActivities": 3198417000, "changeInCash": 2766231000, "repurchaseOfStock": -690128000}, {"maxAge": 1, "endDate": "2018-03-31", "netIncome": 2079182000, "depreciation": 1007523000, "changeToNetincome": -1730196000, "changeToAccountReceivables": 453569000, "changeToLiabilities": 103034000, "changeToInventory": 35501000, "changeToOperatingActivities": 828600000, "totalCashFromOperatingActivities": 1963328000, "capitalExpenditures": -1019980000, "investments": 1922863000, "otherCashflowsFromInvestingActivities": 1100970000, "totalCashflowsFromInvestingActivities": -1473298000, "dividendsPaid": -20597000, "netBorrowings": 1550062000, "otherCashflowsFromFinancingActivities": -1804911000, "totalCashFromFinancingActivities": -275446000, "changeInCash": 228465000, "repurchaseOfStock": -690128000}, {"maxAge": 1, "endDate": "2017-03-31", "netIncome": 585683000, "depreciation": 1017799000, "changeToNetincome": -125898000, "changeToAccountReceivables": -187436000, "changeToLiabilities": -65174000, "changeToInventory": 129390000, "changeToOperatingActivities": 828600000, "totalCashFromOperatingActivities": 1371884000, "capitalExpenditures": -1320669000, "investments": 38345000, "otherCashflowsFromInvestingActivities": 885574000, "totalCashflowsFromInvestingActivities": -681439000, "dividendsPaid": -286657000, "netBorrowings": 997731000, "otherCashflowsFromFinancingActivities": -1355850000, "totalCashFromFinancingActivities": -644776000, "changeInCash": 45669000, "repurchaseOfStock": -690128000}], "maxAge": 86400}, "institutionOwnership": {"ownershipList": [], "maxAge": 1}, "balanceSheetHistoryQuarterly": {"balanceSheetStatements": [{"maxAge": 1, "endDate": "2020-06-30"}, {"maxAge": 1, "endDate": "2020-03-31", "cash": 544200000, "shortTermInvestments": 149800000, "netReceivables": 420300000, "inventory": 1943000000, "otherCurrentAssets": 1530000000, "totalCurrentAssets": 4587300000, "longTermInvestments": 587500000, "propertyPlantEquipment": 13035100000, "goodWill": 1993700000, "intangibleAssets": 153400000, "otherAssets": 28995400000, "totalAssets": 49352400000, "accountsPayable": 893200000, "otherCurrentLiab": 6265700000, "longTermDebt": 1857700000, "otherLiab": 1915900000, "totalCurrentLiabilities": 27034600000, "totalLiab": 30808200000, "commonStock": 522300000, "treasuryStock": 18021900000, "otherStockholderEquity": 18021900000, "totalStockholderEquity": 18544200000, "netTangibleAssets": 16397100000}, {"maxAge": 1, "endDate": "2019-12-31", "totalStockholderEquity": 19504000000, "netTangibleAssets": 17361800000}, {"maxAge": 1, "endDate": "2019-09-30", "cash": 778600000, "shortTermInvestments": 90600000, "netReceivables": 1252200000, "inventory": 3592600000, "otherCurrentAssets": 2057500000, "totalCurrentAssets": 7771500000, "longTermInvestments": 934300000, "propertyPlantEquipment": 12958500000, "goodWill": 1974700000, "intangibleAssets": 167500000, "otherAssets": 28850400000, "totalAssets": 52656900000, "accountsPayable": 1717000000, "otherCurrentLiab": 5463000000, "longTermDebt": 2010400000, "otherLiab": 2676100000, "totalCurrentLiabilities": 28466400000, "totalLiab": 33152900000, "commonStock": 522300000, "treasuryStock": 18981700000, "otherStockholderEquity": 18981700000, "totalStockholderEquity": 19504000000, "netTangibleAssets": 17361800000}], "maxAge": 86400}, "earningsHistory": {"history": [{"maxAge": 1, "epsActual": {}, "epsEstimate": {}, "epsDifference": {}, "surprisePercent": {}, "quarter": {}, "period": "-4q"}, {"maxAge": 1, "epsActual": {}, "epsEstimate": {}, "epsDifference": {}, "surprisePercent": {}, "quarter": {}, "period": "-3q"}, {"maxAge": 1, "epsActual": {}, "epsEstimate": {}, "epsDifference": {}, "surprisePercent": {}, "quarter": {}, "period": "-2q"}, {"maxAge": 1, "epsActual": {}, "epsEstimate": {}, "epsDifference": {}, "surprisePercent": {}, "quarter": {}, "period": "-1q"}], "maxAge": 86400}, "indexTrend": {"maxAge": 1, "symbol": "SP5", "peRatio": 19.7411, "pegRatio": 1.34172, "estimates": [{"period": "0q", "growth": 0.549}, {"period": "+1q", "growth": 0.431}, {"period": "0y", "growth": 0.305}, {"period": "+1y", "growth": 0.109}, {"period": "+5y", "growth": 0.120865}, {"period": "-5y"}]}, "industryTrend": {"maxAge": 1, "symbol": null, "estimates": []}, "insiderTransactions": {"transactions": [{"maxAge": 1, "shares": 2408750, "filerUrl": "", "transactionText": "", "filerName": "ICICI Prudential Dynamic Plan", "filerRelation": "Partner", "moneyText": "", "startDate": "2020-05-04", "ownership": "D"}, {"maxAge": 1, "shares": 2468300, "filerUrl": "", "transactionText": "", "filerName": "HDFC Small and Mid Cap Fund", "filerRelation": "Institution- Corporation", "moneyText": "", "startDate": "2019-11-28", "ownership": "D"}, {"maxAge": 1, "shares": 17067500, "filerUrl": "", "transactionText": "", "filerName": "Ichamati Investments Pvt Ltd", "filerRelation": "Promoter", "moneyText": "", "startDate": "2019-09-06", "ownership": "D"}, {"maxAge": 1, "shares": 17067500, "filerUrl": "", "transactionText": "", "filerName": "Baheti (Kamal)", "filerRelation": "Promoter", "moneyText": "", "startDate": "2019-09-06", "ownership": "D"}, {"maxAge": 1, "shares": 85366, "filerUrl": "", "transactionText": "", "filerName": "Zen Industrial Services Ltd", "filerRelation": "UNREPORTED", "moneyText": "", "startDate": "2019-06-17", "ownership": "D"}, {"maxAge": 1, "shares": 10000000, "filerUrl": "", "transactionText": "", "filerName": "Baheti (Kamal)", "filerRelation": "Chief Financial Officer", "moneyText": "", "startDate": "2017-11-30", "ownership": "D"}, {"maxAge": 1, "shares": 300, "filerUrl": "", "transactionText": "", "filerName": "Khaitan (Brij Mohan)", "filerRelation": "Non Executive Chairman", "moneyText": "", "startDate": "2017-09-25", "ownership": "D"}, {"maxAge": 1, "shares": 43200, "filerUrl": "", "transactionText": "", "filerName": "Khaitan (Deepak) HUF", "filerRelation": "Promoter", "moneyText": "", "startDate": "2017-04-25", "ownership": "D"}, {"maxAge": 1, "shares": 43200, "filerUrl": "", "transactionText": "", "filerName": "Khaitan (Yashodhara)", "filerRelation": "Promoter", "moneyText": "", "startDate": "2017-04-25", "ownership": "D"}, {"maxAge": 1, "shares": 11818, "filerUrl": "", "transactionText": "", "filerName": "Estate (Deepak Khaitan D K)", "filerRelation": "UNREPORTED", "moneyText": "", "startDate": "2016-10-31", "ownership": "D"}, {"maxAge": 1, "shares": 5909, "filerUrl": "", "transactionText": "", "filerName": "Khaitan (Yashodhara)", "filerRelation": "Promoter", "moneyText": "", "startDate": "2016-10-31", "ownership": "D"}, {"maxAge": 1, "shares": 700000, "filerUrl": "", "transactionText": "", "filerName": "Woodside Parks Ltd", "filerRelation": "Institution- Corporation", "moneyText": "", "startDate": "2016-03-29", "ownership": "D"}, {"maxAge": 1, "shares": 806801, "filerUrl": "", "transactionText": "", "filerName": "Woodside Parks Ltd", "filerRelation": "Institution- Corporation", "moneyText": "", "startDate": "2016-03-28", "ownership": "D"}, {"maxAge": 1, "shares": 600000, "filerUrl": "", "transactionText": "", "filerName": "Woodside Parks Ltd", "filerRelation": "Institution- Corporation", "moneyText": "", "startDate": "2016-03-24", "ownership": "D"}, {"maxAge": 1, "shares": 1600000, "filerUrl": "", "transactionText": "", "filerName": "Woodside Parks Ltd", "filerRelation": "Institution- Corporation", "moneyText": "", "startDate": "2016-03-22", "ownership": "D"}, {"maxAge": 1, "shares": 800000, "filerUrl": "", "transactionText": "", "filerName": "Woodside Parks Ltd", "filerRelation": "Institution- Corporation", "moneyText": "", "startDate": "2016-03-21", "ownership": "D"}, {"maxAge": 1, "shares": 10000, "filerUrl": "", "transactionText": "", "filerName": "Khaitan (Aditya)", "filerRelation": "Executive Vice Chairman", "moneyText": "", "startDate": "2015-08-25", "ownership": "D"}, {"maxAge": 1, "shares": 5000, "filerUrl": "", "transactionText": "", "filerName": "Khaitan (Isha)", "filerRelation": "UNREPORTED", "moneyText": "", "startDate": "2015-08-25", "ownership": "D"}, {"maxAge": 1, "shares": 10000, "filerUrl": "", "transactionText": "", "filerName": "Khaitan (Yashodhara)", "filerRelation": "UNREPORTED", "moneyText": "", "startDate": "2015-08-25", "ownership": "D"}, {"maxAge": 1, "shares": 7467, "filerUrl": "", "transactionText": "", "filerName": "Khaitan (Amritanshu)", "filerRelation": "Director (Non-Executive)", "moneyText": "", "startDate": "2015-08-25", "ownership": "D"}, {"maxAge": 1, "shares": 7533, "filerUrl": "", "transactionText": "", "filerName": "Khaitan (Amritanshu)", "filerRelation": "Director (Non-Executive)", "moneyText": "", "startDate": "2015-03-31", "ownership": "D"}, {"maxAge": 1, "shares": 1500, "filerUrl": "", "transactionText": "", "filerName": "Khaitan (Padam Kumar)", "filerRelation": "Director (Non-Executive)", "moneyText": "", "startDate": "2015-03-31", "ownership": "D"}, {"maxAge": 1, "shares": 300, "filerUrl": "", "transactionText": "", "filerName": "Khaitan (Shanti)", "filerRelation": "Promoter", "moneyText": "", "startDate": "2015-03-31", "ownership": "D"}, {"maxAge": 1, "shares": 13395, "filerUrl": "", "transactionText": "", "filerName": "Khaitan (Yashodhara)", "filerRelation": "Promoter", "moneyText": "", "startDate": "2015-03-31", "ownership": "D"}, {"maxAge": 1, "shares": 2200, "filerUrl": "", "transactionText": "", "filerName": "Khaitan (Kavita)", "filerRelation": "Promoter", "moneyText": "", "startDate": "2015-03-31", "ownership": "D"}, {"maxAge": 1, "shares": 2204229, "filerUrl": "", "transactionText": "", "filerName": "CLSA Mauritius Ltd", "filerRelation": "Private Equity", "moneyText": "", "startDate": "2015-01-06", "ownership": "D"}, {"maxAge": 1, "shares": 550, "filerUrl": "", "transactionText": "", "filerName": "Takru (Rajeev)", "filerRelation": "Wholetime Director", "moneyText": "", "startDate": "2013-04-18", "ownership": "D"}, {"maxAge": 1, "shares": 250, "filerUrl": "", "transactionText": "", "filerName": "Takru (Rajeev)", "filerRelation": "Wholetime Director", "moneyText": "", "startDate": "2012-12-21", "ownership": "D"}, {"maxAge": 1, "shares": 1000, "filerUrl": "", "transactionText": "", "filerName": "Ichamati Investments Pvt Ltd", "filerRelation": "Promoter", "moneyText": "", "startDate": "2012-11-13", "ownership": "D"}, {"maxAge": 1, "shares": 500, "filerUrl": "", "transactionText": "", "filerName": "Takru (Rajeev)", "filerRelation": "Wholetime Director", "moneyText": "", "startDate": "2012-07-05", "ownership": "D"}, {"maxAge": 1, "shares": 87277, "filerUrl": "", "transactionText": "", "filerName": "CLSA Mauritius Ltd", "filerRelation": "Private Equity", "moneyText": "", "startDate": "2011-12-30", "ownership": "D"}, {"maxAge": 1, "shares": 300, "filerUrl": "", "transactionText": "", "filerName": "Takru (Rajeev)", "filerRelation": "Wholetime Director", "moneyText": "", "startDate": "2011-08-16", "ownership": "D"}, {"maxAge": 1, "shares": 20000, "filerUrl": "", "transactionText": "", "filerName": "Babcock Borsig Ltd", "filerRelation": "Institution- Corporation", "moneyText": "", "startDate": "2010-12-14", "ownership": "D"}, {"maxAge": 1, "shares": 171266, "filerUrl": "", "transactionText": "", "filerName": "Babcock Borsig Ltd", "filerRelation": "Institution- Corporation", "moneyText": "", "startDate": "2010-12-10", "ownership": "D"}, {"maxAge": 1, "shares": 1310586, "filerUrl": "", "transactionText": "", "filerName": "Emerging Markets Growth Fund, Inc.", "filerRelation": "UNREPORTED", "moneyText": "", "startDate": "2010-11-26", "ownership": "D"}, {"maxAge": 1, "shares": 50000, "filerUrl": "", "transactionText": "", "filerName": "Babcock Borsig Ltd", "filerRelation": "Institution- Corporation", "moneyText": "", "startDate": "2010-09-30", "ownership": "D"}, {"maxAge": 1, "shares": 73635, "filerUrl": "", "transactionText": "", "filerName": "Bishnauth Investments, Ltd.", "filerRelation": "Institution- Corporation", "moneyText": "", "startDate": "2010-07-13", "ownership": "D"}], "maxAge": 1}, "quoteType": {"exchange": "BSE", "quoteType": "EQUITY", "symbol": "MCLEODRUSS.BO", "underlyingSymbol": "MCLEODRUSS.BO", "shortName": "MCLEOD RUSSEL INDIA LTD.", "longName": "McLeod Russel India Limited", "firstTradeDateEpochUtc": "2000-01-03 09:15:00", "timeZoneFullName": "Asia/Kolkata", "timeZoneShortName": "IST", "uuid": "9cc8a19a-a1af-3f50-a81d-0154de8641c1", "gmtOffSetMilliseconds": 19800000, "maxAge": 1}, "incomeStatementHistory": {"incomeStatementHistory": [{"maxAge": 1, "endDate": "2020-03-31", "totalRevenue": 11427200000, "costOfRevenue": 1460600000, "grossProfit": 9966600000, "researchDevelopment": {}, "sellingGeneralAdministrative": 5694600000, "nonRecurring": {}, "otherOperatingExpenses": 3877600000, "totalOperatingExpenses": 11812300000, "operatingIncome": -385100000, "totalOtherIncomeExpenseNet": -1506500000, "ebit": -385100000, "interestExpense": -2266900000, "incomeBeforeTax": -1891600000, "incomeTaxExpense": -413700000, "minorityInterest": {}, "netIncomeFromContinuingOps": -1477900000, "discontinuedOperations": {}, "extraordinaryItems": {}, "effectOfAccountingCharges": {}, "otherItems": {}, "netIncome": -1477900000, "netIncomeApplicableToCommonShares": -1477900000}, {"maxAge": 1, "endDate": "2019-03-31", "totalRevenue": 17196590000, "costOfRevenue": 3637898000, "grossProfit": 13558692000, "researchDevelopment": {}, "sellingGeneralAdministrative": 8221594000, "nonRecurring": {}, "otherOperatingExpenses": 5532010000, "totalOperatingExpenses": 18277932000, "operatingIncome": -1081342000, "totalOtherIncomeExpenseNet": 1688211000, "ebit": -1081342000, "interestExpense": -3375702000, "incomeBeforeTax": 606869000, "incomeTaxExpense": 218719000, "minorityInterest": {}, "netIncomeFromContinuingOps": 388150000, "discontinuedOperations": {}, "extraordinaryItems": {}, "effectOfAccountingCharges": {}, "otherItems": {}, "netIncome": 318454000, "netIncomeApplicableToCommonShares": 318454000}, {"maxAge": 1, "endDate": "2018-03-31", "totalRevenue": 20552931000, "costOfRevenue": 4284108000, "grossProfit": 16268823000, "researchDevelopment": {}, "sellingGeneralAdministrative": 9088481000, "nonRecurring": {}, "otherOperatingExpenses": 5508989000, "totalOperatingExpenses": 19903816000, "operatingIncome": 649115000, "totalOtherIncomeExpenseNet": 1866363000, "ebit": 649115000, "interestExpense": -1803748000, "incomeBeforeTax": 2515478000, "incomeTaxExpense": 323930000, "minorityInterest": 233674000, "netIncomeFromContinuingOps": 2191548000, "discontinuedOperations": {}, "extraordinaryItems": {}, "effectOfAccountingCharges": {}, "otherItems": {}, "netIncome": 2079182000, "netIncomeApplicableToCommonShares": 2079182000}, {"maxAge": 1, "endDate": "2017-03-31", "totalRevenue": 18708213000, "costOfRevenue": 3924614000, "grossProfit": 14783599000, "researchDevelopment": {}, "sellingGeneralAdministrative": 8425483000, "nonRecurring": {}, "otherOperatingExpenses": 4766240000, "totalOperatingExpenses": 18151656000, "operatingIncome": 556557000, "totalOtherIncomeExpenseNet": -11242000, "ebit": 556557000, "interestExpense": -1358954000, "incomeBeforeTax": 545315000, "incomeTaxExpense": -99165000, "minorityInterest": 222289000, "netIncomeFromContinuingOps": 644480000, "discontinuedOperations": {}, "extraordinaryItems": {}, "effectOfAccountingCharges": {}, "otherItems": {}, "netIncome": 585683000, "netIncomeApplicableToCommonShares": 585683000}], "maxAge": 86400}, "fundOwnership": {"ownershipList": [], "maxAge": 1}, "summaryDetail": {"maxAge": 1, "priceHint": 2, "previousClose": 22.05, "open": 21.6, "dayLow": 21.6, "dayHigh": 23.15, "regularMarketPreviousClose": 22.05, "regularMarketOpen": 21.6, "regularMarketDayLow": 21.6, "regularMarketDayHigh": 23.15, "forwardPE": 2.0450451, "volume": 90597, "regularMarketVolume": 90597, "averageVolume": 140466, "averageVolume10days": 41133, "averageDailyVolume10Day": 41133, "bid": 22.65, "ask": 22.7, "bidSize": 0, "askSize": 0, "marketCap": 2484651264, "fiftyTwoWeekLow": 1.84, "fiftyTwoWeekHigh": 28.45, "fiftyDayAverage": 21.222727, "twoHundredDayAverage": 19.697721, "trailingAnnualDividendRate": 0.5, "trailingAnnualDividendYield": 0.022675738, "currency": "INR", "fromCurrency": null, "lastMarket": null, "algorithm": null, "tradeable": false}, "sectorTrend": {"maxAge": 1, "symbol": null, "estimates": []}, "incomeStatementHistoryQuarterly": {"incomeStatementHistory": [{"maxAge": 1, "endDate": "2020-06-30", "totalRevenue": 1964000000, "costOfRevenue": -12700000, "grossProfit": 1976700000, "researchDevelopment": {}, "sellingGeneralAdministrative": 1346000000, "nonRecurring": {}, "otherOperatingExpenses": 817600000, "totalOperatingExpenses": 2329700000, "operatingIncome": -365700000, "totalOtherIncomeExpenseNet": -583300000, "ebit": -365700000, "interestExpense": -583300000, "incomeBeforeTax": -949000000, "incomeTaxExpense": -43800000, "minorityInterest": {}, "netIncomeFromContinuingOps": -905200000, "discontinuedOperations": {}, "extraordinaryItems": {}, "effectOfAccountingCharges": {}, "otherItems": {}, "netIncome": -905200000, "netIncomeApplicableToCommonShares": -905200000}, {"maxAge": 1, "endDate": "2020-03-31", "totalRevenue": 2150200000, "costOfRevenue": 1294700000, "grossProfit": 855500000, "researchDevelopment": {}, "sellingGeneralAdministrative": 979600000, "nonRecurring": {}, "otherOperatingExpenses": 854900000, "totalOperatingExpenses": 3355900000, "operatingIncome": -1205700000, "totalOtherIncomeExpenseNet": -200100000, "ebit": -1205700000, "interestExpense": -253200000, "incomeBeforeTax": -1405800000, "incomeTaxExpense": -699400000, "minorityInterest": {}, "netIncomeFromContinuingOps": -706400000, "discontinuedOperations": {}, "extraordinaryItems": {}, "effectOfAccountingCharges": {}, "otherItems": {}, "netIncome": -706400000, "netIncomeApplicableToCommonShares": -706400000}, {"maxAge": 1, "endDate": "2019-12-31", "totalRevenue": 3659500000, "costOfRevenue": 939400000, "grossProfit": 2720100000, "researchDevelopment": {}, "sellingGeneralAdministrative": 1494400000, "nonRecurring": {}, "otherOperatingExpenses": 825500000, "totalOperatingExpenses": 3463200000, "operatingIncome": 196300000, "totalOtherIncomeExpenseNet": -441500000, "ebit": 196300000, "interestExpense": -555400000, "incomeBeforeTax": -245200000, "incomeTaxExpense": -15500000, "minorityInterest": {}, "netIncomeFromContinuingOps": -229700000, "discontinuedOperations": {}, "extraordinaryItems": {}, "effectOfAccountingCharges": {}, "otherItems": {}, "netIncome": -229700000, "netIncomeApplicableToCommonShares": -229700000}, {"maxAge": 1, "endDate": "2019-09-30", "totalRevenue": 3288500000, "costOfRevenue": -687300000, "grossProfit": 3975800000, "researchDevelopment": {}, "sellingGeneralAdministrative": 1537000000, "nonRecurring": {}, "otherOperatingExpenses": 1379400000, "totalOperatingExpenses": 2414900000, "operatingIncome": 873600000, "totalOtherIncomeExpenseNet": -1009400000, "ebit": 873600000, "interestExpense": -562700000, "incomeBeforeTax": -135800000, "incomeTaxExpense": 289400000, "minorityInterest": {}, "netIncomeFromContinuingOps": -425200000, "discontinuedOperations": {}, "extraordinaryItems": {}, "effectOfAccountingCharges": {}, "otherItems": {}, "netIncome": -425200000, "netIncomeApplicableToCommonShares": -425200000}], "maxAge": 86400}, "cashflowStatementHistoryQuarterly": {"cashflowStatements": [{"maxAge": 1, "endDate": "2020-06-30", "netIncome": -905200000, "changeToLiabilities": 0}, {"maxAge": 1, "endDate": "2020-03-31", "netIncome": -706400000, "changeToLiabilities": 0}, {"maxAge": 1, "endDate": "2019-12-31", "netIncome": -229700000, "changeToLiabilities": 0}, {"maxAge": 1, "endDate": "2019-09-30", "netIncome": -425200000, "changeToLiabilities": 0}], "maxAge": 86400}, "insiderHolders": {"holders": [{"maxAge": 1, "name": "Baheti (Kamal)", "relation": "Promoter", "url": "", "transactionDescription": "Sale", "latestTransDate": "2019-09-06", "positionDirect": 0, "positionDirectDate": "2019-09-06"}, {"maxAge": 1, "name": "Estate (Deepak Khaitan D K)", "relation": "UNREPORTED", "url": "", "transactionDescription": "Other", "latestTransDate": "2016-10-31", "positionDirect": 0, "positionDirectDate": "2016-10-31"}, {"maxAge": 1, "name": "HDFC Small and Mid Cap Fund", "relation": "Institution- Corporation", "url": "", "transactionDescription": "Sale", "latestTransDate": "2019-11-28", "positionDirect": 3186000, "positionDirectDate": "2019-11-28"}, {"maxAge": 1, "name": "ICICI Prudential Dynamic Plan", "relation": "Partner", "url": "", "transactionDescription": "Other", "latestTransDate": "2020-05-04", "positionDirect": 1587436, "positionDirectDate": "2020-05-04"}, {"maxAge": 1, "name": "Ichamati Investments Pvt Ltd", "relation": "Promoter", "url": "", "transactionDescription": "Sale", "latestTransDate": "2019-09-06", "positionDirect": 17124210, "positionDirectDate": "2019-09-06"}, {"maxAge": 1, "name": "Khaitan (Brij Mohan)", "relation": "Non Executive Chairman", "url": "", "transactionDescription": "Other", "latestTransDate": "2017-09-25", "positionDirect": 36588, "positionDirectDate": "2017-09-25"}, {"maxAge": 1, "name": "Khaitan (Deepak) HUF", "relation": "Promoter", "url": "", "transactionDescription": "Other", "latestTransDate": "2017-04-25", "positionDirect": 0, "positionDirectDate": "2017-04-25"}, {"maxAge": 1, "name": "Khaitan (Yashodhara)", "relation": "Promoter", "url": "", "transactionDescription": "Other", "latestTransDate": "2017-04-25", "positionDirect": 72504, "positionDirectDate": "2017-04-25"}, {"maxAge": 1, "name": "Woodside Parks Ltd", "relation": "Institution- Corporation", "url": "", "transactionDescription": "Acquisition", "latestTransDate": "2016-03-29", "positionDirect": 4506801, "positionDirectDate": "2016-03-29"}, {"maxAge": 1, "name": "Zen Industrial Services Ltd", "relation": "UNREPORTED", "url": "", "transactionDescription": "Sale", "latestTransDate": "2019-06-17", "positionDirect": 0, "positionDirectDate": "2019-06-17"}], "maxAge": 1}, "earnings": {"maxAge": 86400, "earningsChart": {"quarterly": [], "earningsDate": []}, "financialsChart": {"yearly": [{"date": 2017, "revenue": 18708213000, "earnings": 585683000}, {"date": 2018, "revenue": 20552931000, "earnings": 2079182000}, {"date": 2019, "revenue": 17196590000, "earnings": 318454000}, {"date": 2020, "revenue": 11427200000, "earnings": -1477900000}], "quarterly": [{"date": "3Q2019", "revenue": 3288500000, "earnings": -425200000}, {"date": "4Q2019", "revenue": 3659500000, "earnings": -229700000}, {"date": "1Q2020", "revenue": 2150200000, "earnings": -706400000}, {"date": "2Q2020", "revenue": 1964000000, "earnings": -905200000}]}, "financialCurrency": "INR"}, "calendarEvents": {"maxAge": 1, "earnings": {"earningsDate": []}}, "upgradeDowngradeHistory": {"history": [], "maxAge": 86400}, "price": {"maxAge": 1, "regularMarketChangePercent": 0.029478528, "regularMarketChange": 0.6500015, "regularMarketTime": "2021-04-30 15:28:51", "priceHint": 2, "regularMarketPrice": 22.7, "regularMarketDayHigh": 23.15, "regularMarketDayLow": 21.6, "regularMarketVolume": 90597, "averageDailyVolume10Day": 41133, "averageDailyVolume3Month": 140466, "regularMarketPreviousClose": 22.05, "regularMarketSource": "FREE_REALTIME", "regularMarketOpen": 21.6, "exchange": "BSE", "exchangeName": "BSE", "exchangeDataDelayedBy": 0, "marketState": "CLOSED", "quoteType": "EQUITY", "symbol": "MCLEODRUSS.BO", "underlyingSymbol": null, "shortName": "MCLEOD RUSSEL INDIA LTD.", "longName": "McLeod Russel India Limited", "currency": "INR", "quoteSourceName": "Delayed Quote", "currencySymbol": "\u20b9", "fromCurrency": null, "lastMarket": null, "marketCap": 2484651264}, "balanceSheetHistory": {"balanceSheetStatements": [{"maxAge": 1, "endDate": "2020-03-31", "cash": 544200000, "shortTermInvestments": 149800000, "netReceivables": 420300000, "inventory": 1943000000, "otherCurrentAssets": 1530000000, "totalCurrentAssets": 4587300000, "longTermInvestments": 587500000, "propertyPlantEquipment": 13035100000, "goodWill": 1993700000, "intangibleAssets": 153400000, "otherAssets": 28995400000, "totalAssets": 49352400000, "accountsPayable": 893200000, "otherCurrentLiab": 6265700000, "longTermDebt": 1857700000, "otherLiab": 1915900000, "totalCurrentLiabilities": 27034600000, "totalLiab": 30808200000, "commonStock": 522300000, "treasuryStock": 18021900000, "otherStockholderEquity": 18021900000, "totalStockholderEquity": 18544200000, "netTangibleAssets": 16397100000}, {"maxAge": 1, "endDate": "2019-03-31", "cash": 3461412000, "shortTermInvestments": 99655000, "netReceivables": 673218000, "inventory": 2261008000, "otherCurrentAssets": 2843349000, "totalCurrentAssets": 9422392000, "longTermInvestments": 1014768000, "propertyPlantEquipment": 13486314000, "goodWill": 1974666000, "intangibleAssets": 184918000, "otherAssets": 19510700000, "totalAssets": 45593758000, "accountsPayable": 1753806000, "shortLongTermDebt": 1637538000, "otherCurrentLiab": 1432817000, "longTermDebt": 2226978000, "otherLiab": 2415299000, "totalCurrentLiabilities": 20809298000, "totalLiab": 25451575000, "commonStock": 547279000, "retainedEarnings": 14549137000, "treasuryStock": 4605537000, "capitalSurplus": 440230000, "otherStockholderEquity": 4715875000, "totalStockholderEquity": 20142183000, "netTangibleAssets": 17982599000}, {"maxAge": 1, "endDate": "2018-03-31", "cash": 695180000, "shortTermInvestments": 65311000, "netReceivables": 9284916000, "inventory": 2336113000, "otherCurrentAssets": 1932050000, "totalCurrentAssets": 14402680000, "longTermInvestments": 961006000, "propertyPlantEquipment": 18973593000, "goodWill": 3073248000, "intangibleAssets": 220491000, "otherAssets": 797286000, "totalAssets": 38428304000, "accountsPayable": 1266106000, "shortLongTermDebt": 1600133000, "otherCurrentLiab": 719904000, "longTermDebt": 4079034000, "otherLiab": 2120613000, "minorityInterest": 233674000, "totalCurrentLiabilities": 10321363000, "totalLiab": 16521010000, "commonStock": 547279000, "retainedEarnings": 14183286000, "treasuryStock": 5837697000, "capitalSurplus": 1105358000, "otherStockholderEquity": 5923035000, "totalStockholderEquity": 21673620000, "netTangibleAssets": 18379881000}, {"maxAge": 1, "endDate": "2017-03-31", "cash": 466792000, "netReceivables": 6331406000, "inventory": 2371614000, "otherCurrentAssets": 1651230000, "totalCurrentAssets": 10931793000, "longTermInvestments": 722499000, "propertyPlantEquipment": 19114812000, "goodWill": 2910503000, "intangibleAssets": 259382000, "otherAssets": 580100000, "totalAssets": 34519089000, "accountsPayable": 1166154000, "shortLongTermDebt": 946415000, "otherCurrentLiab": 611104000, "longTermDebt": 2263474000, "otherLiab": 2382130000, "minorityInterest": 222289000, "totalCurrentLiabilities": 10062889000, "totalLiab": 14708493000, "commonStock": 547279000, "retainedEarnings": 12274815000, "treasuryStock": 5660855000, "capitalSurplus": 1105358000, "otherStockholderEquity": 5796193000, "totalStockholderEquity": 19588307000, "netTangibleAssets": 16418422000}], "maxAge": 86400}, "earningsTrend": {"trend": [{"maxAge": 1, "period": "0q", "endDate": null, "growth": {}, "earningsEstimate": {"avg": 0.0, "low": 0.0, "high": 0.0, "yearAgoEps": {}, "numberOfAnalysts": 0, "growth": {}}, "revenueEstimate": {"avg": 0, "low": 0, "high": 0, "numberOfAnalysts": 0, "yearAgoRevenue": {}, "growth": {}}, "epsTrend": {"current": 0.0, "7daysAgo": 0.0, "30daysAgo": 0.0, "60daysAgo": 0.0, "90daysAgo": 0.0}, "epsRevisions": {"upLast7days": 0, "upLast30days": 0, "downLast30days": 0, "downLast90days": {}}}, {"maxAge": 1, "period": "+1q", "endDate": null, "growth": {}, "earningsEstimate": {"avg": 0.0, "low": 0.0, "high": 0.0, "yearAgoEps": {}, "numberOfAnalysts": 0, "growth": {}}, "revenueEstimate": {"avg": 0, "low": 0, "high": 0, "numberOfAnalysts": 0, "yearAgoRevenue": {}, "growth": {}}, "epsTrend": {"current": 0.0, "7daysAgo": 0.0, "30daysAgo": 0.0, "60daysAgo": 0.0, "90daysAgo": 0.0}, "epsRevisions": {"upLast7days": 0, "upLast30days": 0, "downLast30days": 0, "downLast90days": {}}}, {"maxAge": 1, "period": "0y", "endDate": null, "growth": {}, "earningsEstimate": {"avg": 0.0, "low": 0.0, "high": 0.0, "yearAgoEps": {}, "numberOfAnalysts": 0, "growth": {}}, "revenueEstimate": {"avg": 0, "low": 0, "high": 0, "numberOfAnalysts": 0, "yearAgoRevenue": {}, "growth": {}}, "epsTrend": {"current": 0.0, "7daysAgo": 0.0, "30daysAgo": 0.0, "60daysAgo": 0.0, "90daysAgo": 0.0}, "epsRevisions": {"upLast7days": 0, "upLast30days": 0, "downLast30days": 0, "downLast90days": {}}}, {"maxAge": 1, "period": "+1y", "endDate": null, "growth": {}, "earningsEstimate": {"avg": 0.0, "low": 0.0, "high": 0.0, "yearAgoEps": {}, "numberOfAnalysts": 0, "growth": {}}, "revenueEstimate": {"avg": 0, "low": 0, "high": 0, "numberOfAnalysts": 0, "yearAgoRevenue": {}, "growth": {}}, "epsTrend": {"current": 0.0, "7daysAgo": 0.0, "30daysAgo": 0.0, "60daysAgo": 0.0, "90daysAgo": 0.0}, "epsRevisions": {"upLast7days": 0, "upLast30days": 0, "downLast30days": 0, "downLast90days": {}}}, {"maxAge": 1, "period": "+5y", "endDate": null, "growth": 0.1, "earningsEstimate": {"avg": {}, "low": {}, "high": {}, "yearAgoEps": {}, "numberOfAnalysts": {}, "growth": {}}, "revenueEstimate": {"avg": {}, "low": {}, "high": {}, "numberOfAnalysts": {}, "yearAgoRevenue": {}, "growth": {}}, "epsTrend": {"current": {}, "7daysAgo": {}, "30daysAgo": {}, "60daysAgo": {}, "90daysAgo": {}}, "epsRevisions": {"upLast7days": {}, "upLast30days": {}, "downLast30days": {}, "downLast90days": {}}}, {"maxAge": 1, "period": "-5y", "endDate": null, "growth": {}, "earningsEstimate": {"avg": {}, "low": {}, "high": {}, "yearAgoEps": {}, "numberOfAnalysts": {}, "growth": {}}, "revenueEstimate": {"avg": {}, "low": {}, "high": {}, "numberOfAnalysts": {}, "yearAgoRevenue": {}, "growth": {}}, "epsTrend": {"current": {}, "7daysAgo": {}, "30daysAgo": {}, "60daysAgo": {}, "90daysAgo": {}}, "epsRevisions": {"upLast7days": {}, "upLast30days": {}, "downLast30days": {}, "downLast90days": {}}}], "maxAge": 1}, "financialData": {"maxAge": 86400, "currentPrice": 22.7, "targetHighPrice": 158.0, "targetLowPrice": 158.0, "targetMeanPrice": 158.0, "targetMedianPrice": 158.0, "recommendationKey": "none", "numberOfAnalystOpinions": 1, "grossProfits": 9966600000, "financialCurrency": "INR"}}}