{"MDRNSTL.BO": {"cashflowStatementHistory": {"cashflowStatements": [{"maxAge": 1, "endDate": "2020-03-31", "netIncome": -494100000, "depreciation": 48645624, "changeToNetincome": -11893227, "changeToAccountReceivables": 308510665, "changeToLiabilities": -64791673, "changeToInventory": 212830312, "totalCashFromOperatingActivities": -798299, "capitalExpenditures": -3104825, "otherCashflowsFromInvestingActivities": 3581037, "totalCashflowsFromInvestingActivities": 476212, "netBorrowings": -34333161, "otherCashflowsFromFinancingActivities": -15872, "totalCashFromFinancingActivities": -34349033, "changeInCash": -34671120}, {"maxAge": 1, "endDate": "2019-03-31", "netIncome": -252100000, "depreciation": 51400000, "changeToNetincome": 3400000, "changeToAccountReceivables": 134400000, "changeToLiabilities": 86300000, "changeToInventory": 11100000, "totalCashFromOperatingActivities": 34800000, "capitalExpenditures": -17800000, "investments": 1000000, "otherCashflowsFromInvestingActivities": 15700000, "totalCashflowsFromInvestingActivities": -1100000, "netBorrowings": -36700000, "otherCashflowsFromFinancingActivities": -3900000, "totalCashFromFinancingActivities": -40600000, "changeInCash": -6900000}, {"maxAge": 1, "endDate": "2018-03-31", "netIncome": -302400000, "depreciation": 53600000, "changeToNetincome": -20300000, "changeToAccountReceivables": 150100000, "changeToLiabilities": -126200000, "changeToInventory": 134800000, "totalCashFromOperatingActivities": -109900000, "capitalExpenditures": -22500000, "investments": -1000000, "otherCashflowsFromInvestingActivities": 21000000, "totalCashflowsFromInvestingActivities": 22700000, "netBorrowings": 16127000, "otherCashflowsFromFinancingActivities": -16727000, "totalCashFromFinancingActivities": -600000, "changeInCash": -87700000}, {"maxAge": 1, "endDate": "2017-03-31", "netIncome": -25800000, "depreciation": 53200000, "changeToNetincome": 44500000, "changeToAccountReceivables": -173600000, "changeToLiabilities": -36400000, "changeToInventory": 12800000, "totalCashFromOperatingActivities": -125000000, "capitalExpenditures": -7000000, "investments": 52000000, "otherCashflowsFromInvestingActivities": 45500000, "totalCashflowsFromInvestingActivities": 90700000, "netBorrowings": 175800000, "otherCashflowsFromFinancingActivities": -46700000, "totalCashFromFinancingActivities": 129100000, "changeInCash": 94800000}], "maxAge": 86400}, "institutionOwnership": {"ownershipList": [], "maxAge": 1}, "balanceSheetHistoryQuarterly": {"balanceSheetStatements": [{"maxAge": 1, "endDate": "2020-06-30", "totalStockholderEquity": -1176100000, "netTangibleAssets": -1177000000}, {"maxAge": 1, "endDate": "2020-03-31", "cash": 2000000, "netReceivables": 251700000, "inventory": 197800000, "otherCurrentAssets": 73200000, "totalCurrentAssets": 524700000, "longTermInvestments": 300000, "propertyPlantEquipment": 547600000, "intangibleAssets": 900000, "otherAssets": 53100000, "totalAssets": 1126600000, "accountsPayable": 300800000, "shortLongTermDebt": 1846400000, "otherCurrentLiab": 124700000, "otherLiab": 23300000, "totalCurrentLiabilities": 2279400000, "totalLiab": 2302700000, "commonStock": 144000000, "treasuryStock": -1320100000, "otherStockholderEquity": -1320100000, "totalStockholderEquity": -1176100000, "netTangibleAssets": -1177000000}, {"maxAge": 1, "endDate": "2019-12-31"}, {"maxAge": 1, "endDate": "2019-09-30"}], "maxAge": 86400}, "indexTrend": {"maxAge": 1, "symbol": "SP5", "peRatio": 19.7411, "pegRatio": 1.34172, "estimates": [{"period": "0q", "growth": 0.549}, {"period": "+1q", "growth": 0.431}, {"period": "0y", "growth": 0.305}, {"period": "+1y", "growth": 0.109}, {"period": "+5y", "growth": 0.120859005}, {"period": "-5y"}]}, "insiderTransactions": {"transactions": [{"maxAge": 1, "shares": 100000, "filerUrl": "", "transactionText": "", "filerName": "Goyal (Amarjit) HUF", "filerRelation": "Promoter", "moneyText": "", "startDate": "2014-06-30", "ownership": "D"}, {"maxAge": 1, "shares": 100000, "filerUrl": "", "transactionText": "", "filerName": "Goyal (Krishan Kumar)", "filerRelation": "Director (Executive)", "moneyText": "", "startDate": "2014-06-30", "ownership": "D"}, {"maxAge": 1, "shares": 200000, "filerUrl": "", "transactionText": "", "filerName": "Goyal (Krishan Kumar) HUF", "filerRelation": "Promoter", "moneyText": "", "startDate": "2014-06-30", "ownership": "D"}, {"maxAge": 1, "shares": 680000, "filerUrl": "", "transactionText": "", "filerName": "Indo Pacific Finlease Ltd.", "filerRelation": "Promoter", "moneyText": "", "startDate": "2014-06-30", "ownership": "D"}, {"maxAge": 1, "shares": 256250, "filerUrl": "", "transactionText": "", "filerName": "Goyal (Alka)", "filerRelation": "Promoter", "moneyText": "", "startDate": "2013-03-30", "ownership": "D"}, {"maxAge": 1, "shares": 256250, "filerUrl": "", "transactionText": "", "filerName": "Goyal (Sonam)", "filerRelation": "Promoter", "moneyText": "", "startDate": "2013-03-30", "ownership": "D"}], "maxAge": 1}, "quoteType": {"exchange": "BSE", "quoteType": "EQUITY", "symbol": "MDRNSTL.BO", "underlyingSymbol": "MDRNSTL.BO", "shortName": "MODERN STEELS LTD.", "longName": "Modern Steels Limited", "firstTradeDateEpochUtc": "2000-01-04 09:15:00", "timeZoneFullName": "Asia/Kolkata", "timeZoneShortName": "IST", "uuid": "324f5e88-f55f-3386-9d34-c9ad8643a44f", "gmtOffSetMilliseconds": 19800000, "maxAge": 1}, "incomeStatementHistory": {"incomeStatementHistory": [{"maxAge": 1, "endDate": "2020-03-31", "totalRevenue": 2114600000, "costOfRevenue": 1657500000, "grossProfit": 457100000, "researchDevelopment": {}, "sellingGeneralAdministrative": 235400000, "nonRecurring": {}, "otherOperatingExpenses": 680700000, "totalOperatingExpenses": 2622200000, "operatingIncome": -507600000, "totalOtherIncomeExpenseNet": 13500000, "ebit": -507600000, "interestExpense": -3900000, "incomeBeforeTax": -494100000, "incomeTaxExpense": 0, "minorityInterest": {}, "netIncomeFromContinuingOps": -494100000, "discontinuedOperations": {}, "extraordinaryItems": {}, "effectOfAccountingCharges": {}, "otherItems": {}, "netIncome": -494100000, "netIncomeApplicableToCommonShares": -494100000}, {"maxAge": 1, "endDate": "2019-03-31", "totalRevenue": 3215700000, "costOfRevenue": 1963800000, "grossProfit": 1251900000, "researchDevelopment": {}, "sellingGeneralAdministrative": 238400000, "nonRecurring": {}, "otherOperatingExpenses": 1212600000, "totalOperatingExpenses": 3466500000, "operatingIncome": -250800000, "totalOtherIncomeExpenseNet": -1300000, "ebit": -250800000, "interestExpense": -17700000, "incomeBeforeTax": -252100000, "incomeTaxExpense": 0, "minorityInterest": {}, "netIncomeFromContinuingOps": -252100000, "discontinuedOperations": {}, "extraordinaryItems": {}, "effectOfAccountingCharges": {}, "otherItems": {}, "netIncome": -252100000, "netIncomeApplicableToCommonShares": -252100000}, {"maxAge": 1, "endDate": "2018-03-31", "totalRevenue": 3760600000, "costOfRevenue": 2283800000, "grossProfit": 1476800000, "researchDevelopment": {}, "sellingGeneralAdministrative": 242100000, "nonRecurring": {}, "otherOperatingExpenses": 1438000000, "totalOperatingExpenses": 4059700000, "operatingIncome": -299100000, "totalOtherIncomeExpenseNet": -3300000, "ebit": -299100000, "interestExpense": -14600000, "incomeBeforeTax": -302400000, "incomeTaxExpense": 0, "minorityInterest": {}, "netIncomeFromContinuingOps": -302400000, "discontinuedOperations": {}, "extraordinaryItems": {}, "effectOfAccountingCharges": {}, "otherItems": {}, "netIncome": -302400000, "netIncomeApplicableToCommonShares": -302400000}, {"maxAge": 1, "endDate": "2017-03-31", "totalRevenue": 3150400000, "costOfRevenue": 1728200000, "grossProfit": 1422200000, "researchDevelopment": {}, "sellingGeneralAdministrative": 201300000, "nonRecurring": {}, "otherOperatingExpenses": 1168100000, "totalOperatingExpenses": 3152100000, "operatingIncome": -1700000, "totalOtherIncomeExpenseNet": -24100000, "ebit": -1700000, "interestExpense": -39500000, "incomeBeforeTax": -25800000, "incomeTaxExpense": 0, "minorityInterest": {}, "netIncomeFromContinuingOps": -25800000, "discontinuedOperations": {}, "extraordinaryItems": {}, "effectOfAccountingCharges": {}, "otherItems": {}, "netIncome": -25800000, "netIncomeApplicableToCommonShares": -25800000}], "maxAge": 86400}, "fundOwnership": {"ownershipList": [], "maxAge": 1}, "summaryDetail": {"maxAge": 1, "priceHint": 4, "previousClose": 3.45, "open": 3.45, "dayLow": 3.45, "dayHigh": 3.45, "regularMarketPreviousClose": 3.45, "regularMarketOpen": 3.45, "regularMarketDayLow": 3.45, "regularMarketDayHigh": 3.45, "volume": 500, "regularMarketVolume": 500, "averageVolume": 4825, "averageVolume10days": 721, "averageDailyVolume10Day": 721, "bid": 3.64, "ask": 0.0, "bidSize": 0, "askSize": 0, "marketCap": 47480280, "fiftyTwoWeekLow": 2.73, "fiftyTwoWeekHigh": 8.97, "fiftyDayAverage": 3.66, "twoHundredDayAverage": 4.3460293, "currency": "INR", "fromCurrency": null, "lastMarket": null, "algorithm": null, "tradeable": false}, "incomeStatementHistoryQuarterly": {"incomeStatementHistory": [{"maxAge": 1, "endDate": "2020-06-30", "totalRevenue": 27500000, "costOfRevenue": 31300000, "grossProfit": -3800000, "researchDevelopment": {}, "sellingGeneralAdministrative": 35700000, "nonRecurring": {}, "otherOperatingExpenses": 15200000, "totalOperatingExpenses": 94200000, "operatingIncome": -66700000, "totalOtherIncomeExpenseNet": 1100000, "ebit": -66700000, "interestExpense": -100000, "incomeBeforeTax": -65600000, "incomeTaxExpense": 0, "minorityInterest": {}, "netIncomeFromContinuingOps": -65600000, "discontinuedOperations": {}, "extraordinaryItems": {}, "effectOfAccountingCharges": {}, "otherItems": {}, "netIncome": -65600000, "netIncomeApplicableToCommonShares": -65600000}, {"maxAge": 1, "endDate": "2020-03-31", "totalRevenue": 301500000, "costOfRevenue": 276700000, "grossProfit": 24800000, "researchDevelopment": {}, "sellingGeneralAdministrative": 55800000, "nonRecurring": {}, "otherOperatingExpenses": 322700000, "totalOperatingExpenses": 666900000, "operatingIncome": -365400000, "totalOtherIncomeExpenseNet": 29900000, "ebit": -365400000, "interestExpense": -100000, "incomeBeforeTax": -335500000, "incomeTaxExpense": 0, "minorityInterest": {}, "netIncomeFromContinuingOps": -335500000, "discontinuedOperations": {}, "extraordinaryItems": {}, "effectOfAccountingCharges": {}, "otherItems": {}, "netIncome": -335500000, "netIncomeApplicableToCommonShares": -335500000}, {"maxAge": 1, "endDate": "2019-12-31", "totalRevenue": 428900000, "costOfRevenue": 335500000, "grossProfit": 93400000, "researchDevelopment": {}, "sellingGeneralAdministrative": 61600000, "nonRecurring": {}, "otherOperatingExpenses": 93600000, "totalOperatingExpenses": 502500000, "operatingIncome": -73600000, "totalOtherIncomeExpenseNet": -6200000, "ebit": -73600000, "interestExpense": -6900000, "incomeBeforeTax": -79800000, "incomeTaxExpense": 0, "minorityInterest": {}, "netIncomeFromContinuingOps": -79800000, "discontinuedOperations": {}, "extraordinaryItems": {}, "effectOfAccountingCharges": {}, "otherItems": {}, "netIncome": -79800000, "netIncomeApplicableToCommonShares": -79800000}, {"maxAge": 1, "endDate": "2019-09-30", "totalRevenue": 636500000, "costOfRevenue": 499300000, "grossProfit": 137200000, "researchDevelopment": {}, "sellingGeneralAdministrative": 61600000, "nonRecurring": {}, "otherOperatingExpenses": 139200000, "totalOperatingExpenses": 712600000, "operatingIncome": -76100000, "totalOtherIncomeExpenseNet": -5000000, "ebit": -76100000, "interestExpense": -6000000, "incomeBeforeTax": -81100000, "incomeTaxExpense": 0, "minorityInterest": {}, "netIncomeFromContinuingOps": -81100000, "discontinuedOperations": {}, "extraordinaryItems": {}, "effectOfAccountingCharges": {}, "otherItems": {}, "netIncome": -81100000, "netIncomeApplicableToCommonShares": -81100000}], "maxAge": 86400}, "cashflowStatementHistoryQuarterly": {"cashflowStatements": [{"maxAge": 1, "endDate": "2020-06-30", "netIncome": -65600000, "changeToLiabilities": 0}, {"maxAge": 1, "endDate": "2020-03-31", "netIncome": -335500000, "changeToLiabilities": 0}, {"maxAge": 1, "endDate": "2019-12-31", "netIncome": -79800000, "changeToLiabilities": 0}, {"maxAge": 1, "endDate": "2019-09-30", "netIncome": -81100000, "changeToLiabilities": 0}], "maxAge": 86400}, "insiderHolders": {"holders": [{"maxAge": 1, "name": "Goyal (Alka)", "relation": "Promoter", "url": "", "transactionDescription": "Acquisition", "latestTransDate": "2013-03-30", "positionDirect": 1488840, "positionDirectDate": "2013-03-30"}, {"maxAge": 1, "name": "Goyal (Amarjit) HUF", "relation": "Promoter", "url": "", "transactionDescription": "Other", "latestTransDate": "2014-06-30", "positionDirect": 370000, "positionDirectDate": "2014-06-30"}, {"maxAge": 1, "name": "Goyal (Krishan Kumar)", "relation": "Director (Executive)", "url": "", "transactionDescription": "Other", "latestTransDate": "2014-06-30", "positionDirect": 2496179, "positionDirectDate": "2014-06-30"}, {"maxAge": 1, "name": "Goyal (Krishan Kumar) HUF", "relation": "Promoter", "url": "", "transactionDescription": "Other", "latestTransDate": "2014-06-30", "positionDirect": 546000, "positionDirectDate": "2014-06-30"}, {"maxAge": 1, "name": "Goyal (Sonam)", "relation": "Promoter", "url": "", "transactionDescription": "Sale", "latestTransDate": "2013-03-30", "positionDirect": 0, "positionDirectDate": "2013-03-30"}, {"maxAge": 1, "name": "Indo Pacific Finlease Ltd.", "relation": "Promoter", "url": "", "transactionDescription": "Other", "latestTransDate": "2014-06-30", "positionDirect": 680000, "positionDirectDate": "2014-06-30"}], "maxAge": 1}, "calendarEvents": {"maxAge": 1, "earnings": {"earningsDate": ["2020-10-14 05:30:S"]}}, "upgradeDowngradeHistory": {"history": [], "maxAge": 86400}, "price": {"maxAge": 1, "regularMarketChangePercent": 0.0, "regularMarketChange": 0.0, "regularMarketTime": "2021-04-29 10:15:00", "priceHint": 4, "regularMarketPrice": 3.45, "regularMarketDayHigh": 3.45, "regularMarketDayLow": 3.45, "regularMarketVolume": 500, "averageDailyVolume10Day": 721, "averageDailyVolume3Month": 4825, "regularMarketPreviousClose": 3.45, "regularMarketSource": "FREE_REALTIME", "regularMarketOpen": 3.45, "exchange": "BSE", "exchangeName": "BSE", "exchangeDataDelayedBy": 0, "marketState": "CLOSED", "quoteType": "EQUITY", "symbol": "MDRNSTL.BO", "underlyingSymbol": null, "shortName": "MODERN STEELS LTD.", "longName": "Modern Steels Limited", "currency": "INR", "quoteSourceName": "Delayed Quote", "currencySymbol": "\u20b9", "fromCurrency": null, "lastMarket": null, "marketCap": 47480280}, "balanceSheetHistory": {"balanceSheetStatements": [{"maxAge": 1, "endDate": "2020-03-31", "cash": 2000000, "netReceivables": 251700000, "inventory": 197800000, "otherCurrentAssets": 73200000, "totalCurrentAssets": 524700000, "longTermInvestments": 300000, "propertyPlantEquipment": 547600000, "intangibleAssets": 900000, "otherAssets": 53100000, "totalAssets": 1126600000, "accountsPayable": 300800000, "shortLongTermDebt": 1846400000, "otherCurrentLiab": 124700000, "otherLiab": 23300000, "totalCurrentLiabilities": 2279400000, "totalLiab": 2302700000, "commonStock": 144000000, "treasuryStock": -1320100000, "otherStockholderEquity": -1320100000, "totalStockholderEquity": -1176100000, "netTangibleAssets": -1177000000}, {"maxAge": 1, "endDate": "2019-03-31", "cash": 11100000, "netReceivables": 565000000, "inventory": 410700000, "otherCurrentAssets": 59800000, "totalCurrentAssets": 1046600000, "longTermInvestments": 300000, "propertyPlantEquipment": 593200000, "intangibleAssets": 900000, "otherAssets": 63100000, "totalAssets": 1704100000, "accountsPayable": 351500000, "shortLongTermDebt": 1869100000, "otherCurrentLiab": 52800000, "otherLiab": 19600000, "totalCurrentLiabilities": 2367000000, "totalLiab": 2386600000, "commonStock": 137600000, "retainedEarnings": -960700000, "treasuryStock": 6400000, "capitalSurplus": 134200000, "otherStockholderEquity": 6400000, "totalStockholderEquity": -682500000, "netTangibleAssets": -683400000}, {"maxAge": 1, "endDate": "2018-03-31", "cash": 18000000, "shortTermInvestments": 1000000, "netReceivables": 724700000, "inventory": 421800000, "otherCurrentAssets": 35900000, "totalCurrentAssets": 1201400000, "longTermInvestments": 300000, "propertyPlantEquipment": 627400000, "intangibleAssets": 600000, "otherAssets": 63900000, "totalAssets": 1893600000, "accountsPayable": 231200000, "shortLongTermDebt": 1892000000, "otherCurrentLiab": 71300000, "otherLiab": 19600000, "totalCurrentLiabilities": 2303600000, "totalLiab": 2323200000, "commonStock": 137600000, "retainedEarnings": -707800000, "treasuryStock": 6400000, "capitalSurplus": 134200000, "otherStockholderEquity": 6400000, "totalStockholderEquity": -429600000, "netTangibleAssets": -430200000}, {"maxAge": 1, "endDate": "2017-03-31", "cash": 105700000, "netReceivables": 840700000, "inventory": 580000000, "otherCurrentAssets": 47200000, "totalCurrentAssets": 1578700000, "longTermInvestments": 300000, "propertyPlantEquipment": 684900000, "intangibleAssets": 100000, "otherAssets": 87300000, "totalAssets": 2351300000, "accountsPayable": 455300000, "shortLongTermDebt": 13600000, "otherCurrentLiab": 1100000, "longTermDebt": 859300000, "otherLiab": 18400000, "totalCurrentLiabilities": 1577800000, "totalLiab": 2455500000, "commonStock": 137600000, "retainedEarnings": -382400000, "treasuryStock": 6400000, "capitalSurplus": 134200000, "otherStockholderEquity": 6400000, "totalStockholderEquity": -104200000, "netTangibleAssets": -104300000}], "maxAge": 86400}, "financialData": {"maxAge": 86400, "currentPrice": 3.45, "recommendationKey": "none", "grossProfits": 457100000, "financialCurrency": "INR"}}}