{"MEDICAPQ.BO": {"cashflowStatementHistory": {"cashflowStatements": [{"maxAge": 1, "endDate": "2020-03-31", "netIncome": -58519282, "depreciation": 17091420, "changeToNetincome": 12114119, "changeToAccountReceivables": 84470803, "changeToLiabilities": 0, "changeToInventory": 54897117, "changeToOperatingActivities": -63749795, "totalCashFromOperatingActivities": 46304382, "capitalExpenditures": -12545653, "investments": -45472623, "otherCashflowsFromInvestingActivities": 100, "totalCashflowsFromInvestingActivities": -58018176, "netBorrowings": -580477, "totalCashFromFinancingActivities": -580477, "changeInCash": -12294272}, {"maxAge": 1, "endDate": "2019-03-31", "netIncome": 53870022, "depreciation": 18209626, "changeToNetincome": 164579, "changeToAccountReceivables": 1819095, "changeToLiabilities": 0, "changeToInventory": -7757979, "changeToOperatingActivities": -6675936, "totalCashFromOperatingActivities": 59629407, "capitalExpenditures": -5871153, "investments": -51640052, "otherCashflowsFromInvestingActivities": 200, "totalCashflowsFromInvestingActivities": -57511005, "netBorrowings": -530917, "totalCashFromFinancingActivities": -530917, "changeInCash": 1587485}, {"maxAge": 1, "endDate": "2018-03-31", "netIncome": 11475449, "depreciation": 17924966, "changeToNetincome": 201564, "changeToAccountReceivables": -40939827, "changeToLiabilities": 0, "changeToInventory": 30628507, "changeToOperatingActivities": 22697078, "totalCashFromOperatingActivities": 41987737, "capitalExpenditures": -6867715, "investments": -33988803, "otherCashflowsFromInvestingActivities": 200, "totalCashflowsFromInvestingActivities": -40856318, "netBorrowings": 835359, "totalCashFromFinancingActivities": 835359, "changeInCash": 1966778}, {"maxAge": 1, "endDate": "2017-03-31", "netIncome": 13679158, "depreciation": 18089140, "changeToNetincome": 232963, "changeToAccountReceivables": 7677849, "changeToLiabilities": 0, "changeToInventory": 17439184, "changeToOperatingActivities": -16925042, "totalCashFromOperatingActivities": 40193252, "capitalExpenditures": -7193920, "investments": -25118761, "otherCashflowsFromInvestingActivities": 58061268, "totalCashflowsFromInvestingActivities": 25748587, "netBorrowings": -96895190, "totalCashFromFinancingActivities": -57623940, "changeInCash": 8317899, "issuanceOfStock": 39271250}], "maxAge": 86400}, "institutionOwnership": {"maxAge": 1, "ownershipList": []}, "balanceSheetHistoryQuarterly": {"balanceSheetStatements": [{"maxAge": 1, "endDate": "2020-06-30", "totalStockholderEquity": 909545000, "netTangibleAssets": 909545000}, {"maxAge": 1, "endDate": "2020-03-31", "cash": 12528204, "shortTermInvestments": 185164070, "netReceivables": 53826321, "inventory": 54462169, "otherCurrentAssets": 24012615, "totalCurrentAssets": 331270118, "longTermInvestments": 23766774, "propertyPlantEquipment": 301200614, "goodWill": 281415438, "otherAssets": 14453421, "totalAssets": 952106365, "accountsPayable": 19476758, "shortLongTermDebt": 634606, "otherCurrentLiab": 3776907, "otherLiab": 8820201, "totalCurrentLiabilities": 33741239, "totalLiab": 42561440, "commonStock": 124699560, "retainedEarnings": 454750623, "treasuryStock": 3745304, "capitalSurplus": 326349438, "otherStockholderEquity": 3745304, "totalStockholderEquity": 909544925, "netTangibleAssets": 628129487}, {"maxAge": 1, "endDate": "2019-12-31", "totalStockholderEquity": 939874000, "netTangibleAssets": 939874000}, {"maxAge": 1, "endDate": "2019-09-30", "cash": 5137000, "shortTermInvestments": 123690000, "netReceivables": 131111000, "inventory": 93928000, "otherCurrentAssets": 35431000, "totalCurrentAssets": 389297000, "longTermInvestments": 56535000, "propertyPlantEquipment": 581717000, "otherAssets": 7764000, "totalAssets": 1035313000, "accountsPayable": 51554000, "shortLongTermDebt": 297000, "otherCurrentLiab": 25574000, "longTermDebt": 635000, "otherLiab": 17379000, "totalCurrentLiabilities": 77425000, "totalLiab": 95439000, "commonStock": 124700000, "treasuryStock": 815174000, "otherStockholderEquity": 815174000, "totalStockholderEquity": 939874000, "netTangibleAssets": 939874000}], "maxAge": 86400}, "indexTrend": {"maxAge": 1, "symbol": "SP5", "peRatio": 19.7411, "pegRatio": 1.34172, "estimates": [{"period": "0q", "growth": 0.549}, {"period": "+1q", "growth": 0.431}, {"period": "0y", "growth": 0.305}, {"period": "+1y", "growth": 0.109}, {"period": "+5y", "growth": 0.120859005}, {"period": "-5y"}]}, "insiderTransactions": {"transactions": [{"maxAge": 1, "shares": 3156320, "filerUrl": "", "transactionText": "Gift at price 0.00 per share.", "filerName": "Garg (Alok K.)", "filerRelation": "Managing Director", "moneyText": "", "startDate": "2020-08-06", "ownership": "D"}, {"maxAge": 1, "shares": 3156320, "filerUrl": "", "transactionText": "Gift at price 0.00 per share.", "filerName": "Mittal (R C)", "filerRelation": "Chairman of the Board", "moneyText": "", "startDate": "2020-08-06", "ownership": "D"}, {"maxAge": 1, "shares": 2694720, "filerUrl": "", "transactionText": "", "filerName": "Garg (Manisha)", "filerRelation": "Promoter", "moneyText": "", "startDate": "2020-02-25", "ownership": "D"}], "maxAge": 1}, "quoteType": {"exchange": "BSE", "quoteType": "EQUITY", "symbol": "MEDICAPQ.BO", "underlyingSymbol": "MEDICAPQ.BO", "shortName": "MEDI-CAPS LTD.", "longName": "Medi-Caps Limited", "firstTradeDateEpochUtc": "2002-03-20 09:15:00", "timeZoneFullName": "Asia/Kolkata", "timeZoneShortName": "IST", "uuid": "0243f38f-3e5f-3572-9bc5-cebea4865fed", "messageBoardId": null, "gmtOffSetMilliseconds": 19800000, "maxAge": 1}, "incomeStatementHistory": {"incomeStatementHistory": [{"maxAge": 1, "endDate": "2020-03-31", "totalRevenue": 446020746, "costOfRevenue": 268245427, "grossProfit": 177775319, "researchDevelopment": {}, "sellingGeneralAdministrative": 113820771, "nonRecurring": {}, "otherOperatingExpenses": 116776839, "totalOperatingExpenses": 517144159, "operatingIncome": -71123413, "totalOtherIncomeExpenseNet": 12688224, "ebit": -71123413, "interestExpense": -168603, "incomeBeforeTax": -58435189, "incomeTaxExpense": 84093, "minorityInterest": {}, "netIncomeFromContinuingOps": -58519282, "discontinuedOperations": {}, "extraordinaryItems": {}, "effectOfAccountingCharges": {}, "otherItems": {}, "netIncome": -58519282, "netIncomeApplicableToCommonShares": -58519282}, {"maxAge": 1, "endDate": "2019-03-31", "totalRevenue": 530229609, "costOfRevenue": 263441771, "grossProfit": 266787838, "researchDevelopment": {}, "sellingGeneralAdministrative": 99212357, "nonRecurring": {}, "otherOperatingExpenses": 108651318, "totalOperatingExpenses": 489515072, "operatingIncome": 40714537, "totalOtherIncomeExpenseNet": 14320263, "ebit": 40714537, "interestExpense": -179608, "incomeBeforeTax": 55034800, "incomeTaxExpense": 1164778, "minorityInterest": {}, "netIncomeFromContinuingOps": 53870022, "discontinuedOperations": {}, "extraordinaryItems": {}, "effectOfAccountingCharges": {}, "otherItems": {}, "netIncome": 53870022, "netIncomeApplicableToCommonShares": 53870022}, {"maxAge": 1, "endDate": "2018-03-31", "totalRevenue": 501558349, "costOfRevenue": 270158515, "grossProfit": 231399834, "researchDevelopment": {}, "sellingGeneralAdministrative": 91666876, "nonRecurring": {}, "otherOperatingExpenses": 119059443, "totalOperatingExpenses": 498809800, "operatingIncome": 2748549, "totalOtherIncomeExpenseNet": 10728663, "ebit": 2748549, "interestExpense": -66265, "incomeBeforeTax": 13477212, "incomeTaxExpense": 2001763, "minorityInterest": {}, "netIncomeFromContinuingOps": 11475449, "discontinuedOperations": {}, "extraordinaryItems": {}, "effectOfAccountingCharges": {}, "otherItems": {}, "netIncome": 11475449, "netIncomeApplicableToCommonShares": 11475449}, {"maxAge": 1, "endDate": "2017-03-31", "totalRevenue": 440381602, "costOfRevenue": 201106671, "grossProfit": 239274931, "researchDevelopment": {}, "sellingGeneralAdministrative": 92029192, "nonRecurring": {}, "otherOperatingExpenses": 131835050, "totalOperatingExpenses": 443060053, "operatingIncome": -2678451, "totalOtherIncomeExpenseNet": 19890872, "ebit": -2678451, "interestExpense": -134230, "incomeBeforeTax": 17212421, "incomeTaxExpense": 3533263, "minorityInterest": {}, "netIncomeFromContinuingOps": 13679158, "discontinuedOperations": {}, "extraordinaryItems": {}, "effectOfAccountingCharges": {}, "otherItems": {}, "netIncome": 13679158, "netIncomeApplicableToCommonShares": 13679158}], "maxAge": 86400}, "fundOwnership": {"maxAge": 1, "ownershipList": []}, "summaryDetail": {"maxAge": 1, "priceHint": 2, "previousClose": 41.9, "open": 41.9, "dayLow": 41.5, "dayHigh": 43.0, "regularMarketPreviousClose": 41.9, "regularMarketOpen": 41.9, "regularMarketDayLow": 41.5, "regularMarketDayHigh": 43.0, "volume": 19103, "regularMarketVolume": 19103, "averageVolume": 10711, "averageVolume10days": 59432, "averageDailyVolume10Day": 59432, "bid": 41.8, "ask": 42.75, "bidSize": 0, "askSize": 0, "marketCap": 533092512, "fiftyTwoWeekLow": 7.23, "fiftyTwoWeekHigh": 43.0, "fiftyDayAverage": 24.413235, "twoHundredDayAverage": 22.249191, "currency": "INR", "fromCurrency": null, "toCurrency": null, "lastMarket": null, "algorithm": null, "tradeable": false}, "incomeStatementHistoryQuarterly": {"incomeStatementHistory": [{"maxAge": 1, "endDate": "2020-06-30", "totalRevenue": 124803000, "costOfRevenue": 62393000, "grossProfit": 62410000, "researchDevelopment": {}, "sellingGeneralAdministrative": 13287000, "nonRecurring": {}, "otherOperatingExpenses": 21575000, "totalOperatingExpenses": 100986000, "operatingIncome": 23817000, "totalOtherIncomeExpenseNet": 0, "ebit": 23817000, "interestExpense": {}, "incomeBeforeTax": 23817000, "incomeTaxExpense": 0, "minorityInterest": {}, "netIncomeFromContinuingOps": 23817000, "discontinuedOperations": -2745000, "extraordinaryItems": {}, "effectOfAccountingCharges": {}, "otherItems": {}, "netIncome": 21072000, "netIncomeApplicableToCommonShares": 21072000}, {"maxAge": 1, "endDate": "2020-03-31", "totalRevenue": 74590746, "costOfRevenue": 4011427, "grossProfit": 70579319, "researchDevelopment": {}, "sellingGeneralAdministrative": 24719771, "nonRecurring": {}, "otherOperatingExpenses": 60834839, "totalOperatingExpenses": 94042159, "operatingIncome": -19451413, "totalOtherIncomeExpenseNet": 9976224, "ebit": -19451413, "interestExpense": -17603, "incomeBeforeTax": -9475189, "incomeTaxExpense": -279907, "minorityInterest": {}, "netIncomeFromContinuingOps": -9195282, "discontinuedOperations": -2745000, "extraordinaryItems": {}, "effectOfAccountingCharges": {}, "otherItems": {}, "netIncome": -9195282, "netIncomeApplicableToCommonShares": -9195282}, {"maxAge": 1, "endDate": "2019-12-31", "totalRevenue": 85233000, "costOfRevenue": 69110000, "grossProfit": 16123000, "researchDevelopment": {}, "sellingGeneralAdministrative": 43004000, "nonRecurring": {}, "otherOperatingExpenses": 11210000, "totalOperatingExpenses": 128097000, "operatingIncome": -42864000, "totalOtherIncomeExpenseNet": 9701000, "ebit": -42864000, "interestExpense": -88000, "incomeBeforeTax": -33163000, "incomeTaxExpense": 0, "minorityInterest": {}, "netIncomeFromContinuingOps": -33163000, "discontinuedOperations": -2745000, "extraordinaryItems": {}, "effectOfAccountingCharges": {}, "otherItems": {}, "netIncome": -33163000, "netIncomeApplicableToCommonShares": -33163000}, {"maxAge": 1, "endDate": "2019-09-30", "totalRevenue": 130164000, "costOfRevenue": 79126000, "grossProfit": 51038000, "researchDevelopment": {}, "sellingGeneralAdministrative": 22048000, "nonRecurring": {}, "otherOperatingExpenses": 34432000, "totalOperatingExpenses": 140075000, "operatingIncome": -9911000, "totalOtherIncomeExpenseNet": -12472000, "ebit": -9911000, "interestExpense": -33000, "incomeBeforeTax": -22383000, "incomeTaxExpense": 164000, "minorityInterest": {}, "netIncomeFromContinuingOps": -22547000, "discontinuedOperations": -2745000, "extraordinaryItems": {}, "effectOfAccountingCharges": {}, "otherItems": {}, "netIncome": -22547000, "netIncomeApplicableToCommonShares": -22547000}], "maxAge": 86400}, "cashflowStatementHistoryQuarterly": {"cashflowStatements": [{"maxAge": 1, "endDate": "2020-06-30", "netIncome": 21072000, "changeToLiabilities": 0}, {"maxAge": 1, "endDate": "2020-03-31", "netIncome": -9195282, "changeToLiabilities": 0}, {"maxAge": 1, "endDate": "2019-12-31", "netIncome": -33163000, "changeToLiabilities": 0}, {"maxAge": 1, "endDate": "2019-09-30", "netIncome": -22547000, "changeToLiabilities": 0}], "maxAge": 86400}, "insiderHolders": {"holders": [{"maxAge": 1, "name": "Garg (Alok K.)", "relation": "Managing Director", "url": "", "transactionDescription": "Gift", "latestTransDate": "2020-08-06", "positionDirect": 3225920, "positionDirectDate": "2020-08-06"}, {"maxAge": 1, "name": "Garg (Manisha)", "relation": "Promoter", "url": "", "transactionDescription": "Gift", "latestTransDate": "2020-02-25", "positionDirect": 2694820, "positionDirectDate": "2020-02-25"}, {"maxAge": 1, "name": "Mittal (R C)", "relation": "Chairman of the Board", "url": "", "transactionDescription": "Gift", "latestTransDate": "2020-08-06", "positionDirect": 10000, "positionDirectDate": "2020-08-06"}], "maxAge": 1}, "calendarEvents": {"maxAge": 1, "earnings": {"earningsDate": []}}, "price": {"maxAge": 1, "regularMarketChangePercent": 0.020286359, "regularMarketChange": 0.8499985, "regularMarketTime": "2021-04-30 15:21:38", "priceHint": 2, "regularMarketPrice": 42.75, "regularMarketDayHigh": 43.0, "regularMarketDayLow": 41.5, "regularMarketVolume": 19103, "averageDailyVolume10Day": 59432, "averageDailyVolume3Month": 10711, "regularMarketPreviousClose": 41.9, "regularMarketSource": "FREE_REALTIME", "regularMarketOpen": 41.9, "exchange": "BSE", "exchangeName": "BSE", "exchangeDataDelayedBy": 0, "marketState": "CLOSED", "quoteType": "EQUITY", "symbol": "MEDICAPQ.BO", "underlyingSymbol": null, "shortName": "MEDI-CAPS LTD.", "longName": "Medi-Caps Limited", "currency": "INR", "quoteSourceName": "Delayed Quote", "currencySymbol": "\u20b9", "fromCurrency": null, "toCurrency": null, "lastMarket": null, "marketCap": 533092512}, "balanceSheetHistory": {"balanceSheetStatements": [{"maxAge": 1, "endDate": "2020-03-31", "cash": 12528204, "shortTermInvestments": 185164070, "netReceivables": 53826321, "inventory": 54462169, "otherCurrentAssets": 24012615, "totalCurrentAssets": 331270118, "longTermInvestments": 23766774, "propertyPlantEquipment": 301200614, "goodWill": 281415438, "otherAssets": 14453421, "totalAssets": 952106365, "accountsPayable": 19476758, "shortLongTermDebt": 634606, "otherCurrentLiab": 3776907, "otherLiab": 8820201, "totalCurrentLiabilities": 33741239, "totalLiab": 42561440, "commonStock": 124699560, "retainedEarnings": 454750623, "treasuryStock": 3745304, "capitalSurplus": 326349438, "otherStockholderEquity": 3745304, "totalStockholderEquity": 909544925, "netTangibleAssets": 628129487}, {"maxAge": 1, "endDate": "2019-03-31", "cash": 24822477, "shortTermInvestments": 123014329, "netReceivables": 130536081, "inventory": 109359282, "otherCurrentAssets": 30083099, "totalCurrentAssets": 420010489, "longTermInvestments": 40443892, "propertyPlantEquipment": 305746380, "goodWill": 281415438, "otherAssets": 18472249, "totalAssets": 1066088448, "accountsPayable": 64407977, "shortLongTermDebt": 580477, "otherCurrentLiab": 14326259, "longTermDebt": 634606, "otherLiab": 18002886, "totalCurrentLiabilities": 91416875, "totalLiab": 110054367, "commonStock": 124699560, "retainedEarnings": 501239779, "treasuryStock": 3745304, "capitalSurplus": 326349438, "otherStockholderEquity": 3745304, "totalStockholderEquity": 956034081, "netTangibleAssets": 674618643}, {"maxAge": 1, "endDate": "2018-03-31", "cash": 23234990, "shortTermInvestments": 91661176, "netReceivables": 130559582, "inventory": 101601304, "otherCurrentAssets": 22692773, "totalCurrentAssets": 371047373, "longTermInvestments": 20156993, "propertyPlantEquipment": 318084855, "goodWill": 281415438, "otherAssets": 18363090, "totalAssets": 1009067749, "accountsPayable": 62354255, "shortLongTermDebt": 530917, "otherCurrentLiab": 13135207, "longTermDebt": 1215083, "otherLiab": 16025295, "totalCurrentLiabilities": 89663313, "totalLiab": 106903691, "commonStock": 124699560, "retainedEarnings": 447369756, "treasuryStock": 3745304, "capitalSurplus": 326349438, "otherStockholderEquity": 3745304, "totalStockholderEquity": 902164058, "netTangibleAssets": 620748620}, {"maxAge": 1, "endDate": "2017-03-31", "cash": 21268214, "shortTermInvestments": 64135707, "netReceivables": 89915679, "inventory": 132229811, "otherCurrentAssets": 21746199, "totalCurrentAssets": 330549620, "longTermInvestments": 14129658, "propertyPlantEquipment": 329142106, "goodWill": 281415438, "otherAssets": 18531590, "totalAssets": 973768412, "accountsPayable": 43483013, "otherCurrentLiab": 10743298, "longTermDebt": 910641, "otherLiab": 14383248, "totalCurrentLiabilities": 67567912, "totalLiab": 82861801, "commonStock": 124699560, "retainedEarnings": 435894309, "treasuryStock": 3963304, "capitalSurplus": 326349438, "otherStockholderEquity": 3963304, "totalStockholderEquity": 890906611, "netTangibleAssets": 609491173}], "maxAge": 86400}, "financialData": {"maxAge": 86400, "currentPrice": 42.75, "recommendationKey": "none", "grossProfits": 177775319, "financialCurrency": "INR"}}}