{"MEDICAMEQ.BO": {"recommendationTrend": {"trend": [{"period": "0m", "strongBuy": 0, "buy": 0, "hold": 0, "sell": 0, "strongSell": 0}, {"period": "-1m", "strongBuy": 0, "buy": 0, "hold": 0, "sell": 0, "strongSell": 0}, {"period": "-2m", "strongBuy": 0, "buy": 0, "hold": 0, "sell": 0, "strongSell": 0}, {"period": "-3m", "strongBuy": 0, "buy": 0, "hold": 0, "sell": 0, "strongSell": 0}], "maxAge": 86400}, "cashflowStatementHistory": {"cashflowStatements": [{"maxAge": 1, "endDate": "2020-03-31", "netIncome": 132911779, "depreciation": 24340531, "changeToNetincome": 6487150, "changeToAccountReceivables": -65873438, "changeToLiabilities": 68114219, "changeToInventory": -16972389, "changeToOperatingActivities": -21641287, "totalCashFromOperatingActivities": 128017944, "capitalExpenditures": -376108466, "otherCashflowsFromInvestingActivities": 3195838, "totalCashflowsFromInvestingActivities": -372912628, "dividendsPaid": -12216600, "netBorrowings": -16600083, "otherCashflowsFromFinancingActivities": -31104781, "totalCashFromFinancingActivities": 190629536, "changeInCash": -54265148, "issuanceOfStock": 250551000}, {"maxAge": 1, "endDate": "2019-03-31", "netIncome": 120256930, "depreciation": 21583925, "changeToNetincome": 13524193, "changeToAccountReceivables": -49470182, "changeToLiabilities": 87698669, "changeToInventory": -10260873, "changeToOperatingActivities": -140880497, "totalCashFromOperatingActivities": 43008581, "capitalExpenditures": -156813665, "otherCashflowsFromInvestingActivities": 9247506, "totalCashflowsFromInvestingActivities": -147566159, "dividendsPaid": -12216600, "netBorrowings": -27520130, "otherCashflowsFromFinancingActivities": -9377462, "totalCashFromFinancingActivities": -36897592, "changeInCash": -141455170, "issuanceOfStock": 250551000}, {"maxAge": 1, "endDate": "2018-03-31", "netIncome": 101127435, "depreciation": 20154969, "changeToNetincome": 55139873, "changeToAccountReceivables": -127372925, "changeToLiabilities": -5065547, "changeToInventory": -4442639, "changeToOperatingActivities": -94502059, "totalCashFromOperatingActivities": -54537111, "capitalExpenditures": -81859901, "otherCashflowsFromInvestingActivities": 1954477, "totalCashflowsFromInvestingActivities": -79905424, "dividendsPaid": -11070000, "netBorrowings": -21659840, "otherCashflowsFromFinancingActivities": -26335298, "totalCashFromFinancingActivities": 331401410, "changeInCash": 196958875, "issuanceOfStock": 390466548}, {"maxAge": 1, "endDate": "2017-03-31", "netIncome": 51601037, "depreciation": 19133725, "changeToNetincome": 41573431, "changeToAccountReceivables": -95928839, "changeToLiabilities": 35494231, "changeToInventory": -26522688, "changeToOperatingActivities": 10481838, "totalCashFromOperatingActivities": 35922293, "capitalExpenditures": -23197777, "investments": -500000, "otherCashflowsFromInvestingActivities": 733004, "totalCashflowsFromInvestingActivities": -22964773, "dividendsPaid": -11070000, "netBorrowings": -17227266, "otherCashflowsFromFinancingActivities": -22600695, "totalCashFromFinancingActivities": -10427961, "changeInCash": 2529559, "issuanceOfStock": 29400000}], "maxAge": 86400}, "institutionOwnership": {"maxAge": 1, "ownershipList": []}, "balanceSheetHistoryQuarterly": {"balanceSheetStatements": [{"maxAge": 1, "endDate": "2020-06-30", "totalStockholderEquity": 1212162000, "netTangibleAssets": 1209471000}, {"maxAge": 1, "endDate": "2020-03-31", "cash": 30927926, "netReceivables": 796153444, "inventory": 169575009, "otherCurrentAssets": 44654896, "totalCurrentAssets": 1041311275, "propertyPlantEquipment": 739210378, "intangibleAssets": 2691226, "otherAssets": 29613669, "totalAssets": 1812826548, "accountsPayable": 306975739, "shortLongTermDebt": 14972267, "otherCurrentLiab": 139567034, "longTermDebt": 23585112, "otherLiab": 12242918, "deferredLongTermLiab": 23340756, "totalCurrentLiabilities": 564836097, "totalLiab": 600664127, "commonStock": 122166000, "retainedEarnings": 435884132, "treasuryStock": -22932707, "capitalSurplus": 677044996, "otherStockholderEquity": -22932707, "totalStockholderEquity": 1212162421, "netTangibleAssets": 1209471195}, {"maxAge": 1, "endDate": "2019-12-31", "totalStockholderEquity": 1175855000, "netTangibleAssets": 1171947000}, {"maxAge": 1, "endDate": "2019-09-30", "cash": 52789000, "netReceivables": 677325000, "inventory": 128124000, "otherCurrentAssets": 191842000, "totalCurrentAssets": 1050080000, "propertyPlantEquipment": 553485000, "intangibleAssets": 3908000, "otherAssets": 19795000, "totalAssets": 1627268000, "accountsPayable": 333938000, "otherCurrentLiab": 52765000, "longTermDebt": 821000, "otherLiab": 12321000, "deferredLongTermLiab": 13522000, "totalCurrentLiabilities": 438271000, "totalLiab": 451413000, "commonStock": 122166000, "treasuryStock": 1053689000, "otherStockholderEquity": 1053689000, "totalStockholderEquity": 1175855000, "netTangibleAssets": 1171947000}], "maxAge": 86400}, "earningsHistory": {"history": [{"maxAge": 1, "epsActual": {}, "epsEstimate": {}, "epsDifference": {}, "surprisePercent": {}, "quarter": {}, "period": "-4q"}, {"maxAge": 1, "epsActual": {}, "epsEstimate": {}, "epsDifference": {}, "surprisePercent": {}, "quarter": {}, "period": "-3q"}, {"maxAge": 1, "epsActual": {}, "epsEstimate": {}, "epsDifference": {}, "surprisePercent": {}, "quarter": {}, "period": "-2q"}, {"maxAge": 1, "epsActual": 3.05, "epsEstimate": 3.12, "epsDifference": -0.07, "surprisePercent": -0.022, "quarter": "2018-09-30", "period": "-1q"}], "maxAge": 86400}, "indexTrend": {"maxAge": 1, "symbol": "SP5", "peRatio": 19.7411, "pegRatio": 1.34172, "estimates": [{"period": "0q", "growth": 0.549}, {"period": "+1q", "growth": 0.431}, {"period": "0y", "growth": 0.305}, {"period": "+1y", "growth": 0.109}, {"period": "+5y", "growth": 0.120859005}, {"period": "-5y"}]}, "industryTrend": {"maxAge": 1, "symbol": null, "estimates": []}, "insiderTransactions": {"transactions": [{"maxAge": 1, "shares": 100513, "filerUrl": "", "transactionText": "Other at price 0.00 per share.", "filerName": "Bansal (Sanjay)", "filerRelation": "Director", "moneyText": "", "startDate": "2020-07-13", "ownership": "D"}, {"maxAge": 1, "shares": 260000, "filerUrl": "", "transactionText": "", "filerName": "Shivalik Rasayan Ltd", "filerRelation": "Promoter", "moneyText": "", "startDate": "2019-05-21", "ownership": "D"}], "maxAge": 1}, "quoteType": {"exchange": "BSE", "quoteType": "EQUITY", "symbol": "MEDICAMEQ.BO", "underlyingSymbol": "MEDICAMEQ.BO", "shortName": "MEDICAMEN BIOTECH LTD.", "longName": "Medicamen Biotech Limited", "firstTradeDateEpochUtc": "2002-01-09 09:15:00", "timeZoneFullName": "Asia/Kolkata", "timeZoneShortName": "IST", "uuid": "9d6a8719-aef1-3860-9332-6d9c0b4885af", "messageBoardId": null, "gmtOffSetMilliseconds": 19800000, "maxAge": 1}, "incomeStatementHistory": {"incomeStatementHistory": [{"maxAge": 1, "endDate": "2020-03-31", "totalRevenue": 1255340002, "costOfRevenue": 804702160, "grossProfit": 450637842, "researchDevelopment": {}, "sellingGeneralAdministrative": 100864331, "nonRecurring": {}, "otherOperatingExpenses": 156572606, "totalOperatingExpenses": 1087131007, "operatingIncome": 168208995, "totalOtherIncomeExpenseNet": 11592581, "ebit": 168208995, "interestExpense": -5685000, "incomeBeforeTax": 179801576, "incomeTaxExpense": 46889797, "minorityInterest": {}, "netIncomeFromContinuingOps": 132911779, "discontinuedOperations": {}, "extraordinaryItems": {}, "effectOfAccountingCharges": {}, "otherItems": {}, "netIncome": 132911779, "netIncomeApplicableToCommonShares": 132911779}, {"maxAge": 1, "endDate": "2019-03-31", "totalRevenue": 1227050167, "costOfRevenue": 843114381, "grossProfit": 383935786, "researchDevelopment": {}, "sellingGeneralAdministrative": 85891307, "nonRecurring": {}, "otherOperatingExpenses": 125560306, "totalOperatingExpenses": 1076706335, "operatingIncome": 150343832, "totalOtherIncomeExpenseNet": 24882931, "ebit": 150343832, "interestExpense": -9377462, "incomeBeforeTax": 175226763, "incomeTaxExpense": 54969833, "minorityInterest": {}, "netIncomeFromContinuingOps": 120256930, "discontinuedOperations": {}, "extraordinaryItems": {}, "effectOfAccountingCharges": {}, "otherItems": {}, "netIncome": 120256930, "netIncomeApplicableToCommonShares": 120256930}, {"maxAge": 1, "endDate": "2018-03-31", "totalRevenue": 1115389427, "costOfRevenue": 691278828, "grossProfit": 424110599, "researchDevelopment": {}, "sellingGeneralAdministrative": 98711852, "nonRecurring": {}, "otherOperatingExpenses": 159359846, "totalOperatingExpenses": 969929277, "operatingIncome": 145460150, "totalOtherIncomeExpenseNet": -6459719, "ebit": 145460150, "interestExpense": -24081446, "incomeBeforeTax": 139000431, "incomeTaxExpense": 37872996, "minorityInterest": {}, "netIncomeFromContinuingOps": 101127435, "discontinuedOperations": {}, "extraordinaryItems": {}, "effectOfAccountingCharges": {}, "otherItems": {}, "netIncome": 101127435, "netIncomeApplicableToCommonShares": 101127435}, {"maxAge": 1, "endDate": "2017-03-31", "totalRevenue": 824557444, "costOfRevenue": 501724634, "grossProfit": 322832810, "researchDevelopment": {}, "sellingGeneralAdministrative": 71141088, "nonRecurring": {}, "otherOperatingExpenses": 141626885, "totalOperatingExpenses": 733715892, "operatingIncome": 90841552, "totalOtherIncomeExpenseNet": -27254293, "ebit": 90841552, "interestExpense": -30320211, "incomeBeforeTax": 63587259, "incomeTaxExpense": 11986222, "minorityInterest": {}, "netIncomeFromContinuingOps": 51601037, "discontinuedOperations": {}, "extraordinaryItems": {}, "effectOfAccountingCharges": {}, "otherItems": {}, "netIncome": 51601037, "netIncomeApplicableToCommonShares": 51601037}], "maxAge": 86400}, "fundOwnership": {"maxAge": 1, "ownershipList": []}, "summaryDetail": {"maxAge": 1, "priceHint": 2, "previousClose": 502.55, "open": 508.95, "dayLow": 490.0, "dayHigh": 511.0, "regularMarketPreviousClose": 502.55, "regularMarketOpen": 508.95, "regularMarketDayLow": 490.0, "regularMarketDayHigh": 511.0, "trailingPE": 49.4069, "forwardPE": 40.895214, "volume": 4528, "regularMarketVolume": 4528, "averageVolume": 12602, "averageVolume10days": 27619, "averageDailyVolume10Day": 27619, "bid": 492.5, "ask": 498.9, "bidSize": 0, "askSize": 0, "marketCap": 6055157760, "fiftyTwoWeekLow": 153.1, "fiftyTwoWeekHigh": 594.8, "fiftyDayAverage": 488.27286, "twoHundredDayAverage": 428.96606, "trailingAnnualDividendRate": 0.5, "trailingAnnualDividendYield": 0.0009949259, "currency": "INR", "fromCurrency": null, "toCurrency": null, "lastMarket": null, "algorithm": null, "tradeable": false}, "sectorTrend": {"maxAge": 1, "symbol": null, "estimates": []}, "incomeStatementHistoryQuarterly": {"incomeStatementHistory": [{"maxAge": 1, "endDate": "2020-06-30", "totalRevenue": 277835000, "costOfRevenue": 183627000, "grossProfit": 94208000, "researchDevelopment": {}, "sellingGeneralAdministrative": 21993000, "nonRecurring": {}, "otherOperatingExpenses": 31354000, "totalOperatingExpenses": 243898000, "operatingIncome": 33937000, "totalOtherIncomeExpenseNet": -1554000, "ebit": 33937000, "interestExpense": -2395000, "incomeBeforeTax": 32383000, "incomeTaxExpense": 9942000, "minorityInterest": {}, "netIncomeFromContinuingOps": 22441000, "discontinuedOperations": {}, "extraordinaryItems": {}, "effectOfAccountingCharges": {}, "otherItems": {}, "netIncome": 22441000, "netIncomeApplicableToCommonShares": 22441000}, {"maxAge": 1, "endDate": "2020-03-31", "totalRevenue": 235550002, "costOfRevenue": 146224160, "grossProfit": 89325842, "researchDevelopment": {}, "sellingGeneralAdministrative": 30305331, "nonRecurring": {}, "otherOperatingExpenses": 27359606, "totalOperatingExpenses": 210557007, "operatingIncome": 24992995, "totalOtherIncomeExpenseNet": 8856581, "ebit": 24992995, "interestExpense": -2395000, "incomeBeforeTax": 33849576, "incomeTaxExpense": 8915797, "minorityInterest": {}, "netIncomeFromContinuingOps": 24933779, "discontinuedOperations": {}, "extraordinaryItems": {}, "effectOfAccountingCharges": {}, "otherItems": {}, "netIncome": 24933779, "netIncomeApplicableToCommonShares": 24933779}, {"maxAge": 1, "endDate": "2019-12-31", "totalRevenue": 353349000, "costOfRevenue": 223581000, "grossProfit": 129768000, "researchDevelopment": {}, "sellingGeneralAdministrative": 26358000, "nonRecurring": {}, "otherOperatingExpenses": 49033000, "totalOperatingExpenses": 305363000, "operatingIncome": 47986000, "totalOtherIncomeExpenseNet": 2597000, "ebit": 47986000, "interestExpense": -1910000, "incomeBeforeTax": 50583000, "incomeTaxExpense": 13789000, "minorityInterest": {}, "netIncomeFromContinuingOps": 36794000, "discontinuedOperations": {}, "extraordinaryItems": {}, "effectOfAccountingCharges": {}, "otherItems": {}, "netIncome": 36794000, "netIncomeApplicableToCommonShares": 36794000}, {"maxAge": 1, "endDate": "2019-09-30", "totalRevenue": 355151000, "costOfRevenue": 226465000, "grossProfit": 128686000, "researchDevelopment": {}, "sellingGeneralAdministrative": 24385000, "nonRecurring": {}, "otherOperatingExpenses": 47265000, "totalOperatingExpenses": 304352000, "operatingIncome": 50799000, "totalOtherIncomeExpenseNet": 1394000, "ebit": 50799000, "interestExpense": -2136000, "incomeBeforeTax": 52193000, "incomeTaxExpense": 13821000, "minorityInterest": {}, "netIncomeFromContinuingOps": 38372000, "discontinuedOperations": {}, "extraordinaryItems": {}, "effectOfAccountingCharges": {}, "otherItems": {}, "netIncome": 38372000, "netIncomeApplicableToCommonShares": 38372000}], "maxAge": 86400}, "cashflowStatementHistoryQuarterly": {"cashflowStatements": [{"maxAge": 1, "endDate": "2020-06-30", "netIncome": 22441000, "changeToLiabilities": 0}, {"maxAge": 1, "endDate": "2020-03-31", "netIncome": 24933779, "changeToLiabilities": 0}, {"maxAge": 1, "endDate": "2019-12-31", "netIncome": 36794000, "changeToLiabilities": 0}, {"maxAge": 1, "endDate": "2019-09-30", "netIncome": 38372000, "changeToLiabilities": 0}], "maxAge": 86400}, "insiderHolders": {"holders": [{"maxAge": 1, "name": "Bansal (Sanjay)", "relation": "Director", "url": "", "transactionDescription": "Other", "latestTransDate": "2020-07-13", "positionDirect": 202813, "positionDirectDate": "2020-07-13"}, {"maxAge": 1, "name": "Shivalik Rasayan Ltd", "relation": "Promoter", "url": "", "transactionDescription": "Acquisition", "latestTransDate": "2019-05-21", "positionDirect": 4828095, "positionDirectDate": "2019-05-21"}], "maxAge": 1}, "earnings": {"maxAge": 86400, "earningsChart": {"quarterly": [{"date": "3Q2018", "actual": 3.05, "estimate": 3.12}], "currentQuarterEstimateDate": "4Q", "currentQuarterEstimateYear": 2018, "earningsDate": []}, "financialsChart": {"yearly": [{"date": 2017, "revenue": 824557444, "earnings": 51601037}, {"date": 2018, "revenue": 1115389427, "earnings": 101127435}, {"date": 2019, "revenue": 1227050167, "earnings": 120256930}, {"date": 2020, "revenue": 1255340002, "earnings": 132911779}], "quarterly": [{"date": "3Q2019", "revenue": 355151000, "earnings": 38372000}, {"date": "4Q2019", "revenue": 353349000, "earnings": 36794000}, {"date": "1Q2020", "revenue": 235550002, "earnings": 24933779}, {"date": "2Q2020", "revenue": 277835000, "earnings": 22441000}]}, "financialCurrency": "INR"}, "calendarEvents": {"maxAge": 1, "earnings": {"earningsDate": []}}, "price": {"maxAge": 1, "regularMarketChangePercent": -0.013729965, "regularMarketChange": -6.899994, "regularMarketTime": "2021-04-30 15:59:22", "priceHint": 2, "regularMarketPrice": 495.65, "regularMarketDayHigh": 511.0, "regularMarketDayLow": 490.0, "regularMarketVolume": 4528, "averageDailyVolume10Day": 27619, "averageDailyVolume3Month": 12602, "regularMarketPreviousClose": 502.55, "regularMarketSource": "FREE_REALTIME", "regularMarketOpen": 508.95, "exchange": "BSE", "exchangeName": "BSE", "exchangeDataDelayedBy": 0, "marketState": "CLOSED", "quoteType": "EQUITY", "symbol": "MEDICAMEQ.BO", "underlyingSymbol": null, "shortName": "MEDICAMEN BIOTECH LTD.", "longName": "Medicamen Biotech Limited", "currency": "INR", "quoteSourceName": "Delayed Quote", "currencySymbol": "\u20b9", "fromCurrency": null, "toCurrency": null, "lastMarket": null, "marketCap": 6055157760}, "balanceSheetHistory": {"balanceSheetStatements": [{"maxAge": 1, "endDate": "2020-03-31", "cash": 30927926, "netReceivables": 796153444, "inventory": 169575009, "otherCurrentAssets": 44654896, "totalCurrentAssets": 1041311275, "propertyPlantEquipment": 739210378, "intangibleAssets": 2691226, "otherAssets": 29613669, "totalAssets": 1812826548, "accountsPayable": 306975739, "shortLongTermDebt": 14972267, "otherCurrentLiab": 139567034, "longTermDebt": 23585112, "otherLiab": 12242918, "deferredLongTermLiab": 23340756, "totalCurrentLiabilities": 564836097, "totalLiab": 600664127, "commonStock": 122166000, "retainedEarnings": 435884132, "treasuryStock": -22932707, "capitalSurplus": 677044996, "otherStockholderEquity": -22932707, "totalStockholderEquity": 1212162421, "netTangibleAssets": 1209471195}, {"maxAge": 1, "endDate": "2019-03-31", "cash": 85193074, "netReceivables": 682571206, "inventory": 152602620, "otherCurrentAssets": 41317771, "totalCurrentAssets": 961684671, "propertyPlantEquipment": 388050634, "intangibleAssets": 3342605, "otherAssets": 12847909, "totalAssets": 1365925819, "accountsPayable": 241725972, "shortLongTermDebt": 1208132, "otherCurrentLiab": 97643691, "longTermDebt": 209398, "otherLiab": 13944491, "deferredLongTermLiab": 7045323, "totalCurrentLiabilities": 485435907, "totalLiab": 499589796, "commonStock": 117000000, "retainedEarnings": 317676027, "capitalSurplus": 431659996, "totalStockholderEquity": 866336023, "netTangibleAssets": 862993418}, {"maxAge": 1, "endDate": "2018-03-31", "cash": 226648244, "shortTermInvestments": 700000, "netReceivables": 534614648, "inventory": 142341747, "otherCurrentAssets": 5552586, "totalCurrentAssets": 909857225, "propertyPlantEquipment": 252972482, "intangibleAssets": 3168847, "otherAssets": 9506860, "totalAssets": 1175505414, "accountsPayable": 164727388, "shortLongTermDebt": 1104117, "otherCurrentLiab": 53188949, "longTermDebt": 1417529, "otherLiab": 15928564, "deferredLongTermLiab": 3826056, "totalCurrentLiabilities": 412080228, "totalLiab": 429426321, "commonStock": 117000000, "retainedEarnings": 197419097, "capitalSurplus": 431659996, "totalStockholderEquity": 746079093, "netTangibleAssets": 742910246}, {"maxAge": 1, "endDate": "2017-03-31", "cash": 29689370, "shortTermInvestments": 700000, "netReceivables": 345378739, "inventory": 137899108, "otherCurrentAssets": 20135959, "totalCurrentAssets": 533803176, "propertyPlantEquipment": 194782198, "intangibleAssets": 217884, "otherAssets": 5202512, "totalAssets": 734005770, "accountsPayable": 177080587, "shortLongTermDebt": 10489245, "otherCurrentLiab": 53381618, "longTermDebt": 24639145, "otherLiab": 14892058, "totalCurrentLiabilities": 426665608, "totalLiab": 466196811, "commonStock": 105186060, "retainedEarnings": 111646664, "treasuryStock": 50976238, "otherStockholderEquity": 50976238, "totalStockholderEquity": 267808962, "netTangibleAssets": 267591078}], "maxAge": 86400}, "earningsTrend": {"trend": [{"maxAge": 1, "period": "0q", "endDate": "2018-12-31", "growth": {}, "earningsEstimate": {"avg": 0.0, "low": 0.0, "high": 0.0, "yearAgoEps": {}, "numberOfAnalysts": 0, "growth": {}}, "revenueEstimate": {"avg": 0, "low": 0, "high": 0, "numberOfAnalysts": 0, "yearAgoRevenue": {}, "growth": {}}, "epsTrend": {"current": 0.0, "7daysAgo": 0.0, "30daysAgo": 0.0, "60daysAgo": 0.0, "90daysAgo": 0.0}, "epsRevisions": {"upLast7days": 0, "upLast30days": 0, "downLast30days": 0, "downLast90days": {}}}, {"maxAge": 1, "period": "+1q", "endDate": "2019-03-31", "growth": {}, "earningsEstimate": {"avg": 0.0, "low": 0.0, "high": 0.0, "yearAgoEps": {}, "numberOfAnalysts": 0, "growth": {}}, "revenueEstimate": {"avg": 0, "low": 0, "high": 0, "numberOfAnalysts": 0, "yearAgoRevenue": 302991000, "growth": {}}, "epsTrend": {"current": 0.0, "7daysAgo": 0.0, "30daysAgo": 0.0, "60daysAgo": 0.0, "90daysAgo": 0.0}, "epsRevisions": {"upLast7days": 0, "upLast30days": 0, "downLast30days": 0, "downLast90days": {}}}, {"maxAge": 1, "period": "0y", "endDate": "2019-03-31", "growth": {}, "earningsEstimate": {"avg": 0.0, "low": 0.0, "high": 0.0, "yearAgoEps": {}, "numberOfAnalysts": 0, "growth": {}}, "revenueEstimate": {"avg": 1376560000, "low": 1376560000, "high": 1376560000, "numberOfAnalysts": 1, "yearAgoRevenue": 1133950000, "growth": 0.214}, "epsTrend": {"current": 0.0, "7daysAgo": 9.92, "30daysAgo": 9.92, "60daysAgo": 9.92, "90daysAgo": 9.92}, "epsRevisions": {"upLast7days": 0, "upLast30days": 0, "downLast30days": 0, "downLast90days": {}}}, {"maxAge": 1, "period": "+1y", "endDate": "2020-03-31", "growth": {}, "earningsEstimate": {"avg": 0.0, "low": 0.0, "high": 0.0, "yearAgoEps": {}, "numberOfAnalysts": 0, "growth": {}}, "revenueEstimate": {"avg": 1651870000, "low": 1651870000, "high": 1651870000, "numberOfAnalysts": 1, "yearAgoRevenue": 1376560000, "growth": 0.2}, "epsTrend": {"current": 0.0, "7daysAgo": 12.12, "30daysAgo": 12.12, "60daysAgo": 12.12, "90daysAgo": 12.12}, "epsRevisions": {"upLast7days": 0, "upLast30days": 0, "downLast30days": 0, "downLast90days": {}}}, {"maxAge": 1, "period": "+5y", "endDate": null, "growth": {}, "earningsEstimate": {"avg": {}, "low": {}, "high": {}, "yearAgoEps": {}, "numberOfAnalysts": {}, "growth": {}}, "revenueEstimate": {"avg": {}, "low": {}, "high": {}, "numberOfAnalysts": {}, "yearAgoRevenue": {}, "growth": {}}, "epsTrend": {"current": {}, "7daysAgo": {}, "30daysAgo": {}, "60daysAgo": {}, "90daysAgo": {}}, "epsRevisions": {"upLast7days": {}, "upLast30days": {}, "downLast30days": {}, "downLast90days": {}}}, {"maxAge": 1, "period": "-5y", "endDate": null, "growth": {}, "earningsEstimate": {"avg": {}, "low": {}, "high": {}, "yearAgoEps": {}, "numberOfAnalysts": {}, "growth": {}}, "revenueEstimate": {"avg": {}, "low": {}, "high": {}, "numberOfAnalysts": {}, "yearAgoRevenue": {}, "growth": {}}, "epsTrend": {"current": {}, "7daysAgo": {}, "30daysAgo": {}, "60daysAgo": {}, "90daysAgo": {}}, "epsRevisions": {"upLast7days": {}, "upLast30days": {}, "downLast30days": {}, "downLast90days": {}}}], "maxAge": 1}, "financialData": {"maxAge": 86400, "currentPrice": 495.65, "recommendationKey": "none", "grossProfits": 450637842, "financialCurrency": "INR"}}}