{"MEDINOV.BO": {"cashflowStatementHistory": {"cashflowStatements": [{"maxAge": 1, "endDate": "2020-03-31", "netIncome": -2277000, "depreciation": 9511000, "changeToNetincome": 5474000, "changeToAccountReceivables": 163000, "changeToLiabilities": 2510000, "changeToInventory": 145000, "changeToOperatingActivities": -3082000, "totalCashFromOperatingActivities": 12444000, "capitalExpenditures": -229000, "totalCashflowsFromInvestingActivities": -169000, "netBorrowings": -7920000, "otherCashflowsFromFinancingActivities": -2808000, "totalCashFromFinancingActivities": -10728000, "changeInCash": 1547000}, {"maxAge": 1, "endDate": "2019-03-31", "netIncome": 8229000, "depreciation": 12852000, "changeToNetincome": -10015000, "changeToAccountReceivables": -2580000, "changeToLiabilities": 3307000, "changeToInventory": 89000, "changeToOperatingActivities": 1070000, "totalCashFromOperatingActivities": 12952000, "capitalExpenditures": -1574000, "totalCashflowsFromInvestingActivities": -1491000, "netBorrowings": -8523000, "otherCashflowsFromFinancingActivities": -3493000, "totalCashFromFinancingActivities": -12016000, "changeInCash": -555000}, {"maxAge": 1, "endDate": "2018-03-31", "netIncome": -4532000, "depreciation": 18835000, "changeToNetincome": -6311000, "changeToAccountReceivables": 1016000, "changeToLiabilities": 1911000, "changeToInventory": -31000, "changeToOperatingActivities": 756000, "totalCashFromOperatingActivities": 11644000, "capitalExpenditures": -1329000, "totalCashflowsFromInvestingActivities": 3709000, "netBorrowings": -12033000, "otherCashflowsFromFinancingActivities": -2947000, "totalCashFromFinancingActivities": -14980000, "changeInCash": 373000}, {"maxAge": 1, "endDate": "2017-03-31", "netIncome": -17429000, "depreciation": 26593000, "changeToNetincome": -7897000, "changeToAccountReceivables": 2251000, "changeToLiabilities": -9738000, "changeToInventory": 592000, "changeToOperatingActivities": 6414000, "totalCashFromOperatingActivities": 786000, "capitalExpenditures": -3152000, "totalCashflowsFromInvestingActivities": -1052000, "netBorrowings": -2775000, "otherCashflowsFromFinancingActivities": -7471000, "totalCashFromFinancingActivities": -91000, "changeInCash": -357000, "issuanceOfStock": 10155000}], "maxAge": 86400}, "institutionOwnership": {"ownershipList": [], "maxAge": 1}, "balanceSheetHistoryQuarterly": {"balanceSheetStatements": [{"maxAge": 1, "endDate": "2020-06-30", "totalStockholderEquity": -91718000, "netTangibleAssets": -91718000}, {"maxAge": 1, "endDate": "2020-03-31", "cash": 2129000, "netReceivables": 3451000, "inventory": 810000, "otherCurrentAssets": 4066000, "totalCurrentAssets": 11058000, "propertyPlantEquipment": 24037000, "otherAssets": 5498000, "deferredLongTermAssetCharges": 2613000, "totalAssets": 40593000, "accountsPayable": 49645000, "shortLongTermDebt": 3153000, "otherCurrentLiab": 294000, "longTermDebt": 40259000, "otherLiab": 6176000, "minorityInterest": -1896000, "totalCurrentLiabilities": 87772000, "totalLiab": 134207000, "commonStock": 99568000, "retainedEarnings": -196441000, "capitalSurplus": 5155000, "totalStockholderEquity": -91718000, "netTangibleAssets": -91718000}, {"maxAge": 1, "endDate": "2019-12-31", "totalStockholderEquity": -92484000, "netTangibleAssets": -92484000}, {"maxAge": 1, "endDate": "2019-09-30", "cash": 1446000, "netReceivables": 4779000, "inventory": 1071000, "otherCurrentAssets": 4444000, "totalCurrentAssets": 11740000, "propertyPlantEquipment": 28617000, "otherAssets": 3862000, "deferredLongTermAssetCharges": 2134000, "totalAssets": 44219000, "accountsPayable": 49668000, "otherCurrentLiab": 25870000, "longTermDebt": 40722000, "otherLiab": 5039000, "minorityInterest": -2181000, "totalCurrentLiabilities": 93123000, "totalLiab": 138884000, "commonStock": 99568000, "treasuryStock": -192052000, "otherStockholderEquity": -192052000, "totalStockholderEquity": -92484000, "netTangibleAssets": -92484000}], "maxAge": 86400}, "indexTrend": {"maxAge": 1, "symbol": "SP5", "peRatio": 19.7411, "pegRatio": 1.34172, "estimates": [{"period": "0q", "growth": 0.549}, {"period": "+1q", "growth": 0.431}, {"period": "0y", "growth": 0.305}, {"period": "+1y", "growth": 0.109}, {"period": "+5y", "growth": 0.120859005}, {"period": "-5y"}]}, "insiderTransactions": {"transactions": [{"maxAge": 1, "shares": 3875420, "filerUrl": "", "transactionText": "", "filerName": "Vijaya Diagnostic Centre Pvt Ltd", "filerRelation": "Institution- Corporation", "moneyText": "", "startDate": "2017-01-23", "ownership": "D"}, {"maxAge": 1, "shares": 2750220, "filerUrl": "", "transactionText": "", "filerName": "Standard Medical & Pharmaceuticals Ltd", "filerRelation": "Promoter", "moneyText": "", "startDate": "2014-07-08", "ownership": "D"}, {"maxAge": 1, "shares": 450200, "filerUrl": "", "transactionText": "", "filerName": "Kabini Finance & Investments Ltd", "filerRelation": "Institution- Corporation", "moneyText": "", "startDate": "2014-06-24", "ownership": "D"}, {"maxAge": 1, "shares": 976800, "filerUrl": "", "transactionText": "", "filerName": "Harvins Constructions Pvt Ltd", "filerRelation": "Institution- Corporation", "moneyText": "", "startDate": "2014-03-28", "ownership": "D"}, {"maxAge": 1, "shares": 500000, "filerUrl": "", "transactionText": "", "filerName": "Harvins Marine Products Pvt Ltd", "filerRelation": "Institution- Corporation", "moneyText": "", "startDate": "2014-03-28", "ownership": "D"}, {"maxAge": 1, "shares": 500000, "filerUrl": "", "transactionText": "", "filerName": "Vamsi Farms Pvt Ltd", "filerRelation": "Institution- Corporation", "moneyText": "", "startDate": "2014-03-28", "ownership": "D"}, {"maxAge": 1, "shares": 2326800, "filerUrl": "", "transactionText": "", "filerName": "Vijaya Diagnostic Centre Pvt Ltd", "filerRelation": "Institution- Corporation", "moneyText": "", "startDate": "2014-03-27", "ownership": "D"}, {"maxAge": 1, "shares": 150000, "filerUrl": "", "transactionText": "", "filerName": "Bhanu Cerglaze Pvt Ltd", "filerRelation": "Institution- Corporation", "moneyText": "", "startDate": "2013-03-28", "ownership": "D"}], "maxAge": 1}, "quoteType": {"exchange": "BSE", "quoteType": "EQUITY", "symbol": "MEDINOV.BO", "underlyingSymbol": "MEDINOV.BO", "shortName": "MEDINOVA DIAGNOSTIC SERVICES L", "longName": "Medinova Diagnostic Services Limited", "firstTradeDateEpochUtc": "2000-11-03 09:15:00", "timeZoneFullName": "Asia/Kolkata", "timeZoneShortName": "IST", "uuid": "1301e3bf-6d9f-35e8-a3bf-78caa5cbf1bf", "gmtOffSetMilliseconds": 19800000, "maxAge": 1}, "incomeStatementHistory": {"incomeStatementHistory": [{"maxAge": 1, "endDate": "2020-03-31", "totalRevenue": 75164000, "costOfRevenue": 32904000, "grossProfit": 42260000, "researchDevelopment": {}, "sellingGeneralAdministrative": 2035000, "nonRecurring": {}, "otherOperatingExpenses": 27580000, "totalOperatingExpenses": 72030000, "operatingIncome": 3134000, "totalOtherIncomeExpenseNet": -5891000, "ebit": 3134000, "interestExpense": -5594000, "incomeBeforeTax": -2757000, "incomeTaxExpense": -480000, "minorityInterest": -1896000, "netIncomeFromContinuingOps": -2277000, "discontinuedOperations": {}, "extraordinaryItems": {}, "effectOfAccountingCharges": {}, "otherItems": {}, "netIncome": -2277000, "netIncomeApplicableToCommonShares": -2277000}, {"maxAge": 1, "endDate": "2019-03-31", "totalRevenue": 90472000, "costOfRevenue": 41663000, "grossProfit": 48809000, "researchDevelopment": {}, "sellingGeneralAdministrative": 2872000, "nonRecurring": {}, "otherOperatingExpenses": 31856000, "totalOperatingExpenses": 89243000, "operatingIncome": 1229000, "totalOtherIncomeExpenseNet": 9665000, "ebit": 1229000, "interestExpense": -6203000, "incomeBeforeTax": 10894000, "incomeTaxExpense": 2665000, "minorityInterest": -2200000, "netIncomeFromContinuingOps": 8229000, "discontinuedOperations": {}, "extraordinaryItems": {}, "effectOfAccountingCharges": {}, "otherItems": {}, "netIncome": 8229000, "netIncomeApplicableToCommonShares": 8229000}, {"maxAge": 1, "endDate": "2018-03-31", "totalRevenue": 86720000, "costOfRevenue": 39342000, "grossProfit": 47378000, "researchDevelopment": {}, "sellingGeneralAdministrative": 5977000, "nonRecurring": {}, "otherOperatingExpenses": 34061000, "totalOperatingExpenses": 98215000, "operatingIncome": -11495000, "totalOtherIncomeExpenseNet": 6344000, "ebit": -11495000, "interestExpense": -8074000, "incomeBeforeTax": -5151000, "incomeTaxExpense": -619000, "minorityInterest": -2306000, "netIncomeFromContinuingOps": -4532000, "discontinuedOperations": {}, "extraordinaryItems": {}, "effectOfAccountingCharges": {}, "otherItems": {}, "netIncome": -4532000, "netIncomeApplicableToCommonShares": -4532000}, {"maxAge": 1, "endDate": "2017-03-31", "totalRevenue": 78373000, "costOfRevenue": 35824000, "grossProfit": 42549000, "researchDevelopment": {}, "sellingGeneralAdministrative": 7919000, "nonRecurring": {}, "otherOperatingExpenses": 33099000, "totalOperatingExpenses": 103435000, "operatingIncome": -25062000, "totalOtherIncomeExpenseNet": 6625000, "ebit": -25062000, "interestExpense": -10334000, "incomeBeforeTax": -18437000, "incomeTaxExpense": -1008000, "minorityInterest": -2306000, "netIncomeFromContinuingOps": -17429000, "discontinuedOperations": {}, "extraordinaryItems": {}, "effectOfAccountingCharges": {}, "otherItems": {}, "netIncome": -17429000, "netIncomeApplicableToCommonShares": -17429000}], "maxAge": 86400}, "fundOwnership": {"ownershipList": [], "maxAge": 1}, "summaryDetail": {"maxAge": 1, "priceHint": 2, "previousClose": 35.15, "open": 36.9, "dayLow": 36.85, "dayHigh": 36.9, "regularMarketPreviousClose": 35.15, "regularMarketOpen": 36.9, "regularMarketDayLow": 36.85, "regularMarketDayHigh": 36.9, "volume": 3519, "regularMarketVolume": 3519, "averageVolume": 3646, "averageVolume10days": 9215, "averageDailyVolume10Day": 9215, "bid": 36.9, "ask": 0.0, "bidSize": 0, "askSize": 0, "marketCap": 368322528, "fiftyTwoWeekLow": 11.4, "fiftyTwoWeekHigh": 36.9, "fiftyDayAverage": 23.579092, "twoHundredDayAverage": 16.460957, "currency": "INR", "fromCurrency": null, "lastMarket": null, "algorithm": null, "tradeable": false}, "incomeStatementHistoryQuarterly": {"incomeStatementHistory": [{"maxAge": 1, "endDate": "2020-06-30", "totalRevenue": 15464000, "costOfRevenue": 5472000, "grossProfit": 9992000, "researchDevelopment": {}, "sellingGeneralAdministrative": {}, "nonRecurring": {}, "otherOperatingExpenses": 8276000, "totalOperatingExpenses": 15454000, "operatingIncome": 10000, "totalOtherIncomeExpenseNet": -1316000, "ebit": 10000, "interestExpense": -1316000, "incomeBeforeTax": -1306000, "incomeTaxExpense": 0, "minorityInterest": {}, "netIncomeFromContinuingOps": -1306000, "discontinuedOperations": {}, "extraordinaryItems": {}, "effectOfAccountingCharges": {}, "otherItems": {}, "netIncome": -403000, "netIncomeApplicableToCommonShares": -403000}, {"maxAge": 1, "endDate": "2020-03-31", "totalRevenue": 18507000, "costOfRevenue": 10845000, "grossProfit": 7662000, "researchDevelopment": {}, "sellingGeneralAdministrative": 2035000, "nonRecurring": {}, "otherOperatingExpenses": 1718000, "totalOperatingExpenses": 16956000, "operatingIncome": 1551000, "totalOtherIncomeExpenseNet": -1311000, "ebit": 1551000, "interestExpense": -1003000, "incomeBeforeTax": 240000, "incomeTaxExpense": -480000, "minorityInterest": -1896000, "netIncomeFromContinuingOps": 720000, "discontinuedOperations": {}, "extraordinaryItems": {}, "effectOfAccountingCharges": {}, "otherItems": {}, "netIncome": 739000, "netIncomeApplicableToCommonShares": 739000}, {"maxAge": 1, "endDate": "2019-12-31", "totalRevenue": 18420000, "costOfRevenue": 6960000, "grossProfit": 11460000, "researchDevelopment": {}, "sellingGeneralAdministrative": 2035000, "nonRecurring": {}, "otherOperatingExpenses": 7220000, "totalOperatingExpenses": 16600000, "operatingIncome": 1820000, "totalOtherIncomeExpenseNet": -1460000, "ebit": 1820000, "interestExpense": -1470000, "incomeBeforeTax": 360000, "incomeTaxExpense": 0, "minorityInterest": -1896000, "netIncomeFromContinuingOps": 360000, "discontinuedOperations": {}, "extraordinaryItems": {}, "effectOfAccountingCharges": {}, "otherItems": {}, "netIncome": 360000, "netIncomeApplicableToCommonShares": 360000}, {"maxAge": 1, "endDate": "2019-09-30", "totalRevenue": 18344000, "costOfRevenue": 7736000, "grossProfit": 10608000, "researchDevelopment": {}, "sellingGeneralAdministrative": 2035000, "nonRecurring": {}, "otherOperatingExpenses": 9550000, "totalOperatingExpenses": 19665000, "operatingIncome": -1321000, "totalOtherIncomeExpenseNet": -1487000, "ebit": -1321000, "interestExpense": -1489000, "incomeBeforeTax": -2808000, "incomeTaxExpense": 0, "minorityInterest": -2181000, "netIncomeFromContinuingOps": -2808000, "discontinuedOperations": {}, "extraordinaryItems": {}, "effectOfAccountingCharges": {}, "otherItems": {}, "netIncome": -2520000, "netIncomeApplicableToCommonShares": -2520000}], "maxAge": 86400}, "cashflowStatementHistoryQuarterly": {"cashflowStatements": [{"maxAge": 1, "endDate": "2020-06-30", "netIncome": -403000, "changeToLiabilities": 0}, {"maxAge": 1, "endDate": "2020-03-31", "netIncome": 739000, "changeToLiabilities": 0}, {"maxAge": 1, "endDate": "2019-12-31", "netIncome": 360000, "changeToLiabilities": 0}, {"maxAge": 1, "endDate": "2019-09-30", "netIncome": -2520000, "changeToLiabilities": 0}], "maxAge": 86400}, "insiderHolders": {"holders": [{"maxAge": 1, "name": "Bhanu Cerglaze Pvt Ltd", "relation": "Institution- Corporation", "url": "", "transactionDescription": "Sale", "latestTransDate": "2013-03-28", "positionDirect": 450000, "positionDirectDate": "2013-03-28"}, {"maxAge": 1, "name": "Harvins Constructions Pvt Ltd", "relation": "Institution- Corporation", "url": "", "transactionDescription": "Sale", "latestTransDate": "2014-03-28", "positionDirect": 0, "positionDirectDate": "2014-03-28"}, {"maxAge": 1, "name": "Harvins Marine Products Pvt Ltd", "relation": "Institution- Corporation", "url": "", "transactionDescription": "Sale", "latestTransDate": "2014-03-28", "positionDirect": 0, "positionDirectDate": "2014-03-28"}, {"maxAge": 1, "name": "Kabini Finance & Investments Ltd", "relation": "Institution- Corporation", "url": "", "transactionDescription": "Sale", "latestTransDate": "2014-06-24", "positionDirect": 0, "positionDirectDate": "2014-06-24"}, {"maxAge": 1, "name": "Standard Medical & Pharmaceuticals Ltd", "relation": "Promoter", "url": "", "transactionDescription": "Sale", "latestTransDate": "2014-07-08", "positionDirect": 0, "positionDirectDate": "2014-07-08"}, {"maxAge": 1, "name": "Vamsi Farms Pvt Ltd", "relation": "Institution- Corporation", "url": "", "transactionDescription": "Sale", "latestTransDate": "2014-03-28", "positionDirect": 0, "positionDirectDate": "2014-03-28"}, {"maxAge": 1, "name": "Vijaya Diagnostic Centre Pvt Ltd", "relation": "Institution- Corporation", "url": "", "transactionDescription": "Other", "latestTransDate": "2017-01-23", "positionDirect": 6202220, "positionDirectDate": "2017-01-23"}], "maxAge": 1}, "calendarEvents": {"maxAge": 1, "earnings": {"earningsDate": ["2020-08-13 05:30:S"]}}, "upgradeDowngradeHistory": {"history": [], "maxAge": 86400}, "price": {"maxAge": 1, "regularMarketChangePercent": 0.049786624, "regularMarketChange": 1.75, "regularMarketTime": "2021-04-30 13:50:24", "priceHint": 2, "regularMarketPrice": 36.9, "regularMarketDayHigh": 36.9, "regularMarketDayLow": 36.85, "regularMarketVolume": 3519, "averageDailyVolume10Day": 9215, "averageDailyVolume3Month": 3646, "regularMarketPreviousClose": 35.15, "regularMarketSource": "FREE_REALTIME", "regularMarketOpen": 36.9, "exchange": "BSE", "exchangeName": "BSE", "exchangeDataDelayedBy": 0, "marketState": "CLOSED", "quoteType": "EQUITY", "symbol": "MEDINOV.BO", "underlyingSymbol": null, "shortName": "MEDINOVA DIAGNOSTIC SERVICES L", "longName": "Medinova Diagnostic Services Limited", "currency": "INR", "quoteSourceName": "Delayed Quote", "currencySymbol": "\u20b9", "fromCurrency": null, "lastMarket": null, "marketCap": 368322528}, "balanceSheetHistory": {"balanceSheetStatements": [{"maxAge": 1, "endDate": "2020-03-31", "cash": 2129000, "netReceivables": 3451000, "inventory": 810000, "otherCurrentAssets": 4066000, "totalCurrentAssets": 11058000, "propertyPlantEquipment": 24037000, "otherAssets": 5498000, "deferredLongTermAssetCharges": 2613000, "totalAssets": 40593000, "accountsPayable": 49645000, "shortLongTermDebt": 3153000, "otherCurrentLiab": 294000, "longTermDebt": 40259000, "otherLiab": 6176000, "minorityInterest": -1896000, "totalCurrentLiabilities": 87772000, "totalLiab": 134207000, "commonStock": 99568000, "retainedEarnings": -196441000, "capitalSurplus": 5155000, "totalStockholderEquity": -91718000, "netTangibleAssets": -91718000}, {"maxAge": 1, "endDate": "2019-03-31", "cash": 582000, "netReceivables": 4658000, "inventory": 954000, "otherCurrentAssets": 3826000, "totalCurrentAssets": 10371000, "propertyPlantEquipment": 33350000, "otherAssets": 4003000, "deferredLongTermAssetCharges": 2134000, "totalAssets": 47724000, "accountsPayable": 47135000, "shortLongTermDebt": 5652000, "otherCurrentLiab": 1843000, "longTermDebt": 39146000, "otherLiab": 6154000, "minorityInterest": -2200000, "totalCurrentLiabilities": 93731000, "totalLiab": 139031000, "commonStock": 99568000, "retainedEarnings": -193830000, "capitalSurplus": 5155000, "totalStockholderEquity": -89107000, "netTangibleAssets": -89107000}, {"maxAge": 1, "endDate": "2018-03-31", "cash": 1137000, "netReceivables": 2050000, "inventory": 1044000, "otherCurrentAssets": 7966000, "totalCurrentAssets": 12373000, "propertyPlantEquipment": 44841000, "otherAssets": 3560000, "deferredLongTermAssetCharges": 1549000, "totalAssets": 60774000, "accountsPayable": 43827000, "shortLongTermDebt": 17843000, "otherCurrentLiab": 19457000, "longTermDebt": 54432000, "otherLiab": 6342000, "minorityInterest": -2306000, "totalCurrentLiabilities": 99379000, "totalLiab": 160153000, "commonStock": 99568000, "retainedEarnings": -201796000, "capitalSurplus": 5155000, "totalStockholderEquity": -97073000, "netTangibleAssets": -97073000}, {"maxAge": 1, "endDate": "2017-03-31", "cash": 764000, "netReceivables": 3093000, "inventory": 1012000, "otherCurrentAssets": 7477000, "totalCurrentAssets": 12717000, "propertyPlantEquipment": 68864000, "otherAssets": 4300000, "deferredLongTermAssetCharges": 558000, "totalAssets": 85881000, "accountsPayable": 41916000, "shortLongTermDebt": 16076000, "otherCurrentLiab": 36045000, "longTermDebt": 68051000, "otherLiab": 4418000, "totalCurrentLiabilities": 109052000, "totalLiab": 181521000, "commonStock": 99568000, "retainedEarnings": -200363000, "capitalSurplus": 5155000, "totalStockholderEquity": -95640000, "netTangibleAssets": -95640000}], "maxAge": 86400}, "financialData": {"maxAge": 86400, "currentPrice": 36.9, "recommendationKey": "none", "grossProfits": 42260000, "financialCurrency": "INR"}}}