{"MEFCOMCAP.BO": {"cashflowStatementHistory": {"cashflowStatements": [{"maxAge": 1, "endDate": "2020-03-31", "netIncome": -14675675, "depreciation": 43877, "changeToNetincome": -8983374, "changeToAccountReceivables": 123105, "changeToLiabilities": 226549, "changeToOperatingActivities": 1876503, "totalCashFromOperatingActivities": -53791579, "capitalExpenditures": -33750, "investments": 328645, "otherCashflowsFromInvestingActivities": 6778699, "totalCashflowsFromInvestingActivities": 57073594, "otherCashflowsFromFinancingActivities": -3804, "totalCashFromFinancingActivities": -3804, "changeInCash": 3278211}, {"maxAge": 1, "endDate": "2019-03-31", "netIncome": -19227241, "depreciation": 116331, "changeToNetincome": -12848378, "changeToAccountReceivables": 1533148, "changeToLiabilities": -388580, "changeToOperatingActivities": -87116, "totalCashFromOperatingActivities": -21511955, "capitalExpenditures": -33750, "investments": 14563645, "otherCashflowsFromInvestingActivities": 6275153, "totalCashflowsFromInvestingActivities": 23690670, "otherCashflowsFromFinancingActivities": -3804, "totalCashFromFinancingActivities": -3804, "changeInCash": 2178715}, {"maxAge": 1, "endDate": "2018-03-31", "netIncome": 5330173, "depreciation": 114518, "changeToNetincome": -7220871, "changeToAccountReceivables": 1325746, "changeToLiabilities": -1437042, "changeToOperatingActivities": 3664556, "totalCashFromOperatingActivities": 8135654, "capitalExpenditures": -10820494, "investments": 22958028, "otherCashflowsFromInvestingActivities": 6209499, "totalCashflowsFromInvestingActivities": -1652967, "netBorrowings": -750000, "otherCashflowsFromFinancingActivities": -222262, "totalCashFromFinancingActivities": -972262, "changeInCash": 5510425}, {"maxAge": 1, "endDate": "2017-03-31", "netIncome": -2313615, "depreciation": 207907, "changeToNetincome": 6448804, "changeToAccountReceivables": -3026999, "changeToLiabilities": 1072015, "changeToOperatingActivities": 46214461, "totalCashFromOperatingActivities": 32522462, "capitalExpenditures": -219938, "investments": -38543252, "otherCashflowsFromInvestingActivities": 7443762, "totalCashflowsFromInvestingActivities": -33027915, "netBorrowings": 500000, "otherCashflowsFromFinancingActivities": -102080, "totalCashFromFinancingActivities": 397920, "changeInCash": -107533}], "maxAge": 86400}, "institutionOwnership": {"maxAge": 1, "ownershipList": []}, "balanceSheetHistoryQuarterly": {"balanceSheetStatements": [{"maxAge": 1, "endDate": "2020-06-30", "totalStockholderEquity": 101254000, "netTangibleAssets": 98953000}, {"maxAge": 1, "endDate": "2020-03-31", "cash": 14069277, "netReceivables": 4183821, "otherCurrentAssets": 17004548, "totalCurrentAssets": 88575235, "longTermInvestments": 20826840, "propertyPlantEquipment": 965906, "goodWill": 2292324, "intangibleAssets": 9041, "otherAssets": 357986, "deferredLongTermAssetCharges": 357986, "totalAssets": 113027332, "accountsPayable": 226549, "otherCurrentLiab": 455374, "otherLiab": 64482, "minorityInterest": 10416356, "totalCurrentLiabilities": 1292821, "totalLiab": 1357303, "commonStock": 91401680, "retainedEarnings": -153985907, "treasuryStock": 52540061, "capitalSurplus": 111297839, "otherStockholderEquity": 52540061, "totalStockholderEquity": 101253673, "netTangibleAssets": 98952308}, {"maxAge": 1, "endDate": "2019-12-31", "totalStockholderEquity": 113244000, "netTangibleAssets": 110942000}, {"maxAge": 1, "endDate": "2019-09-30", "cash": 16885000, "netReceivables": 3681000, "inventory": 14848000, "otherCurrentAssets": 6288000, "totalCurrentAssets": 41702000, "longTermInvestments": 33258000, "propertyPlantEquipment": 921000, "goodWill": 2292000, "intangibleAssets": 10000, "otherAssets": 50358000, "deferredLongTermAssetCharges": 358000, "totalAssets": 128541000, "accountsPayable": 1309000, "otherCurrentLiab": 1503000, "otherLiab": 53000, "minorityInterest": 12344000, "totalCurrentLiabilities": 2900000, "totalLiab": 2953000, "commonStock": 91402000, "treasuryStock": 21842000, "otherStockholderEquity": 21842000, "totalStockholderEquity": 113244000, "netTangibleAssets": 110942000}], "maxAge": 86400}, "indexTrend": {"maxAge": 1, "symbol": "SP5", "peRatio": 19.7411, "pegRatio": 1.34172, "estimates": [{"period": "0q", "growth": 0.549}, {"period": "+1q", "growth": 0.431}, {"period": "0y", "growth": 0.305}, {"period": "+1y", "growth": 0.109}, {"period": "+5y", "growth": 0.120859005}, {"period": "-5y"}]}, "insiderTransactions": {"transactions": [{"maxAge": 1, "shares": 25000, "filerUrl": "", "transactionText": "", "filerName": "Mehta (Vijay)", "filerRelation": "Chairman of the Board", "moneyText": "", "startDate": "2017-07-14", "ownership": "D"}, {"maxAge": 1, "shares": 35000, "filerUrl": "", "transactionText": "", "filerName": "Mehta (Vijay)", "filerRelation": "Chairman of the Board", "moneyText": "", "startDate": "2017-07-13", "ownership": "D"}, {"maxAge": 1, "shares": 40000, "filerUrl": "", "transactionText": "", "filerName": "Mehta (Vijay)", "filerRelation": "Chairman of the Board", "moneyText": "", "startDate": "2017-07-12", "ownership": "D"}, {"maxAge": 1, "shares": 770, "filerUrl": "", "transactionText": "", "filerName": "Mehta (Vijay)", "filerRelation": "Managing Director", "moneyText": "", "startDate": "2017-05-09", "ownership": "D"}, {"maxAge": 1, "shares": 70000, "filerUrl": "", "transactionText": "", "filerName": "Mehta (Vijay)", "filerRelation": "Managing Director", "moneyText": "", "startDate": "2017-05-09", "ownership": "D"}, {"maxAge": 1, "shares": 70911, "filerUrl": "", "transactionText": "", "filerName": "Mehta (Vijay)", "filerRelation": "Managing Director", "moneyText": "", "startDate": "2017-05-08", "ownership": "D"}, {"maxAge": 1, "shares": 11000, "filerUrl": "", "transactionText": "", "filerName": "Mehta (Vijay)", "filerRelation": "Non Independent Chairman Of The Board", "moneyText": "", "startDate": "2017-04-28", "ownership": "D"}, {"maxAge": 1, "shares": 31000, "filerUrl": "", "transactionText": "", "filerName": "Mehta (Vijay)", "filerRelation": "Non Independent Chairman Of The Board", "moneyText": "", "startDate": "2017-04-27", "ownership": "D"}, {"maxAge": 1, "shares": 250, "filerUrl": "", "transactionText": "", "filerName": "Mehta (Vijay)", "filerRelation": "Non Independent Chairman Of The Board", "moneyText": "", "startDate": "2017-04-25", "ownership": "D"}, {"maxAge": 1, "shares": 21406, "filerUrl": "", "transactionText": "", "filerName": "Mehta (Vijay)", "filerRelation": "Non Independent Chairman Of The Board", "moneyText": "", "startDate": "2017-04-21", "ownership": "D"}, {"maxAge": 1, "shares": 78953, "filerUrl": "", "transactionText": "", "filerName": "Mehta (Vijay)", "filerRelation": "Non Independent Chairman Of The Board", "moneyText": "", "startDate": "2016-09-08", "ownership": "D"}, {"maxAge": 1, "shares": 63700, "filerUrl": "", "transactionText": "", "filerName": "Mehta (Vijay)", "filerRelation": "Non Independent Chairman Of The Board", "moneyText": "", "startDate": "2016-09-01", "ownership": "D"}, {"maxAge": 1, "shares": 66945, "filerUrl": "", "transactionText": "", "filerName": "Mehta (Vijay)", "filerRelation": "Non Independent Chairman Of The Board", "moneyText": "", "startDate": "2016-08-16", "ownership": "D"}, {"maxAge": 1, "shares": 53289, "filerUrl": "", "transactionText": "", "filerName": "Mehta (Vijay)", "filerRelation": "Non Independent Chairman Of The Board", "moneyText": "", "startDate": "2016-08-10", "ownership": "D"}, {"maxAge": 1, "shares": 10000, "filerUrl": "", "transactionText": "", "filerName": "Mehta (Vijay)", "filerRelation": "Chairman of the Board", "moneyText": "", "startDate": "2011-05-11", "ownership": "D"}, {"maxAge": 1, "shares": 20000, "filerUrl": "", "transactionText": "", "filerName": "Mehta (Vijay)", "filerRelation": "Chairman of the Board", "moneyText": "", "startDate": "2011-05-09", "ownership": "D"}, {"maxAge": 1, "shares": 20000, "filerUrl": "", "transactionText": "", "filerName": "Mehta (Vijay)", "filerRelation": "Chairman of the Board", "moneyText": "", "startDate": "2011-05-06", "ownership": "D"}, {"maxAge": 1, "shares": 15000, "filerUrl": "", "transactionText": "", "filerName": "Mehta (Vijay)", "filerRelation": "Chairman of the Board", "moneyText": "", "startDate": "2011-03-17", "ownership": "D"}, {"maxAge": 1, "shares": 15000, "filerUrl": "", "transactionText": "", "filerName": "Mehta (Vijay)", "filerRelation": "Chairman of the Board", "moneyText": "", "startDate": "2011-03-16", "ownership": "D"}, {"maxAge": 1, "shares": 20000, "filerUrl": "", "transactionText": "", "filerName": "Mehta (Karan)", "filerRelation": "UNREPORTED", "moneyText": "", "startDate": "2010-07-08", "ownership": "D"}, {"maxAge": 1, "shares": 5000, "filerUrl": "", "transactionText": "", "filerName": "Mehta (Karan)", "filerRelation": "UNREPORTED", "moneyText": "", "startDate": "2010-07-07", "ownership": "D"}, {"maxAge": 1, "shares": 16352, "filerUrl": "", "transactionText": "", "filerName": "Mehta (Vijay)", "filerRelation": "Chairman of the Board", "moneyText": "", "startDate": "2010-03-29", "ownership": "D"}, {"maxAge": 1, "shares": 10000, "filerUrl": "", "transactionText": "", "filerName": "Mehta (Vijay)", "filerRelation": "Chairman of the Board", "moneyText": "", "startDate": "2010-03-26", "ownership": "D"}], "maxAge": 1}, "quoteType": {"exchange": "BSE", "quoteType": "EQUITY", "symbol": "MEFCOMCAP.BO", "underlyingSymbol": "MEFCOMCAP.BO", "shortName": "MEFCOM CAPITAL MARKETS LTD.", "longName": "Mefcom Capital Markets Limited", "firstTradeDateEpochUtc": "2002-07-08 09:15:00", "timeZoneFullName": "Asia/Kolkata", "timeZoneShortName": "IST", "uuid": "1a430d38-3bf0-3142-9912-df06eaabf50e", "messageBoardId": null, "gmtOffSetMilliseconds": 19800000, "maxAge": 1}, "incomeStatementHistory": {"incomeStatementHistory": [{"maxAge": 1, "endDate": "2020-03-31", "totalRevenue": 27580387, "costOfRevenue": 36271003, "grossProfit": -8690616, "researchDevelopment": {}, "sellingGeneralAdministrative": 5094781, "nonRecurring": {}, "otherOperatingExpenses": 3838106, "totalOperatingExpenses": 45256192, "operatingIncome": -17675805, "totalOtherIncomeExpenseNet": -8702, "ebit": 0, "interestExpense": {}, "incomeBeforeTax": -17684507, "incomeTaxExpense": 0, "minorityInterest": 10416356, "netIncomeFromContinuingOps": -17684507, "discontinuedOperations": {}, "extraordinaryItems": {}, "effectOfAccountingCharges": {}, "otherItems": {}, "netIncome": -14675675, "netIncomeApplicableToCommonShares": -14675675}, {"maxAge": 1, "endDate": "2019-03-31", "totalRevenue": 36892509, "costOfRevenue": 43579892, "grossProfit": -6687383, "researchDevelopment": {}, "sellingGeneralAdministrative": 4070410, "nonRecurring": {}, "otherOperatingExpenses": 14154818, "totalOperatingExpenses": 61935687, "operatingIncome": -25043178, "totalOtherIncomeExpenseNet": 8670, "ebit": 0, "interestExpense": {}, "incomeBeforeTax": -25034508, "incomeTaxExpense": -357986, "minorityInterest": 13425189, "netIncomeFromContinuingOps": -24676522, "discontinuedOperations": {}, "extraordinaryItems": {}, "effectOfAccountingCharges": {}, "otherItems": {}, "netIncome": -19227241, "netIncomeApplicableToCommonShares": -19227241}, {"maxAge": 1, "endDate": "2018-03-31", "totalRevenue": 257102688, "costOfRevenue": 239491427, "grossProfit": 17611261, "researchDevelopment": {}, "sellingGeneralAdministrative": 5196610, "nonRecurring": {}, "otherOperatingExpenses": 7055358, "totalOperatingExpenses": 251891626, "operatingIncome": 5211062, "totalOtherIncomeExpenseNet": -115932, "ebit": 0, "interestExpense": {}, "incomeBeforeTax": 5095130, "incomeTaxExpense": 0, "minorityInterest": 18947098, "netIncomeFromContinuingOps": 5095130, "discontinuedOperations": {}, "extraordinaryItems": {}, "effectOfAccountingCharges": {}, "otherItems": {}, "netIncome": 5330173, "netIncomeApplicableToCommonShares": 5330173}, {"maxAge": 1, "endDate": "2017-03-31", "totalRevenue": 62194488, "costOfRevenue": 40088598, "grossProfit": 22105890, "researchDevelopment": {}, "sellingGeneralAdministrative": 5174349, "nonRecurring": {}, "otherOperatingExpenses": 10752979, "totalOperatingExpenses": 66516941, "operatingIncome": -4322453, "totalOtherIncomeExpenseNet": 2694320, "ebit": 0, "interestExpense": {}, "incomeBeforeTax": -1628133, "incomeTaxExpense": 373063, "minorityInterest": 20289447, "netIncomeFromContinuingOps": -2001196, "discontinuedOperations": {}, "extraordinaryItems": {}, "effectOfAccountingCharges": {}, "otherItems": {}, "netIncome": -2313615, "netIncomeApplicableToCommonShares": -2313615}], "maxAge": 86400}, "fundOwnership": {"maxAge": 1, "ownershipList": []}, "summaryDetail": {"maxAge": 1, "priceHint": 2, "previousClose": 5.6, "open": 5.6, "dayLow": 5.6, "dayHigh": 5.6, "regularMarketPreviousClose": 5.6, "regularMarketOpen": 5.6, "regularMarketDayLow": 5.6, "regularMarketDayHigh": 5.6, "volume": 151, "regularMarketVolume": 151, "averageVolume": 66, "averageVolume10days": 45, "averageDailyVolume10Day": 45, "bid": 5.32, "ask": 0.0, "bidSize": 0, "askSize": 0, "marketCap": 51184952, "fiftyTwoWeekLow": 5.6, "fiftyTwoWeekHigh": 10.55, "fiftyDayAverage": 8.472571, "twoHundredDayAverage": 8.507914, "currency": "INR", "fromCurrency": null, "toCurrency": null, "lastMarket": null, "algorithm": null, "tradeable": false}, "incomeStatementHistoryQuarterly": {"incomeStatementHistory": [{"maxAge": 1, "endDate": "2020-06-30", "totalRevenue": 17126000, "costOfRevenue": 12261000, "grossProfit": 4865000, "researchDevelopment": {}, "sellingGeneralAdministrative": 759000, "nonRecurring": {}, "otherOperatingExpenses": 1161000, "totalOperatingExpenses": 14197000, "operatingIncome": 2929000, "totalOtherIncomeExpenseNet": 0, "ebit": 0, "interestExpense": {}, "incomeBeforeTax": 2929000, "incomeTaxExpense": 0, "minorityInterest": {}, "netIncomeFromContinuingOps": 2929000, "discontinuedOperations": {}, "extraordinaryItems": {}, "effectOfAccountingCharges": {}, "otherItems": {}, "netIncome": 3312000, "netIncomeApplicableToCommonShares": 3312000}, {"maxAge": 1, "endDate": "2020-03-31", "totalRevenue": 10461387, "costOfRevenue": 19982003, "grossProfit": -9520616, "researchDevelopment": {}, "sellingGeneralAdministrative": 2558781, "nonRecurring": {}, "otherOperatingExpenses": 442106, "totalOperatingExpenses": 22946192, "operatingIncome": -12484805, "totalOtherIncomeExpenseNet": -6702, "ebit": 0, "interestExpense": {}, "incomeBeforeTax": -12491507, "incomeTaxExpense": 0, "minorityInterest": 10416356, "netIncomeFromContinuingOps": -12491507, "discontinuedOperations": {}, "extraordinaryItems": {}, "effectOfAccountingCharges": {}, "otherItems": {}, "netIncome": -10715675, "netIncomeApplicableToCommonShares": -10715675}, {"maxAge": 1, "endDate": "2019-12-31", "totalRevenue": 7530000, "costOfRevenue": 5126000, "grossProfit": 2404000, "researchDevelopment": {}, "sellingGeneralAdministrative": 954000, "nonRecurring": {}, "otherOperatingExpenses": 1212000, "totalOperatingExpenses": 7319000, "operatingIncome": 211000, "totalOtherIncomeExpenseNet": 27000, "ebit": 0, "interestExpense": {}, "incomeBeforeTax": 238000, "incomeTaxExpense": 0, "minorityInterest": 10416356, "netIncomeFromContinuingOps": 238000, "discontinuedOperations": {}, "extraordinaryItems": {}, "effectOfAccountingCharges": {}, "otherItems": {}, "netIncome": 389000, "netIncomeApplicableToCommonShares": 389000}, {"maxAge": 1, "endDate": "2019-09-30", "totalRevenue": 3000000, "costOfRevenue": 3177000, "grossProfit": -177000, "researchDevelopment": {}, "sellingGeneralAdministrative": 832000, "nonRecurring": {}, "otherOperatingExpenses": 954000, "totalOperatingExpenses": 4990000, "operatingIncome": -1990000, "totalOtherIncomeExpenseNet": 0, "ebit": 0, "interestExpense": {}, "incomeBeforeTax": -1990000, "incomeTaxExpense": 0, "minorityInterest": 12344000, "netIncomeFromContinuingOps": -1990000, "discontinuedOperations": {}, "extraordinaryItems": {}, "effectOfAccountingCharges": {}, "otherItems": {}, "netIncome": -1477000, "netIncomeApplicableToCommonShares": -1477000}], "maxAge": 86400}, "cashflowStatementHistoryQuarterly": {"cashflowStatements": [{"maxAge": 1, "endDate": "2020-06-30", "netIncome": 3312000, "changeToLiabilities": 0}, {"maxAge": 1, "endDate": "2020-03-31", "netIncome": -10715675, "changeToLiabilities": 0}, {"maxAge": 1, "endDate": "2019-12-31", "netIncome": 389000, "changeToLiabilities": 0}, {"maxAge": 1, "endDate": "2019-09-30", "netIncome": -1477000, "changeToLiabilities": 0}], "maxAge": 86400}, "insiderHolders": {"holders": [{"maxAge": 1, "name": "Mehta (Karan)", "relation": "UNREPORTED", "url": "", "transactionDescription": "Sale", "latestTransDate": "2010-07-08", "positionDirect": 725000, "positionDirectDate": "2010-07-08"}, {"maxAge": 1, "name": "Mehta (Vijay)", "relation": "Chairman of the Board", "url": "", "transactionDescription": "Acquisition", "latestTransDate": "2017-07-14", "positionDirect": 5746684, "positionDirectDate": "2017-07-14"}], "maxAge": 1}, "calendarEvents": {"maxAge": 1, "earnings": {"earningsDate": []}}, "price": {"maxAge": 1, "regularMarketChangePercent": 0.0, "regularMarketChange": 0.0, "regularMarketTime": "2021-04-30 11:15:00", "priceHint": 2, "regularMarketPrice": 5.6, "regularMarketDayHigh": 5.6, "regularMarketDayLow": 5.6, "regularMarketVolume": 151, "averageDailyVolume10Day": 45, "averageDailyVolume3Month": 66, "regularMarketPreviousClose": 5.6, "regularMarketSource": "FREE_REALTIME", "regularMarketOpen": 5.6, "exchange": "BSE", "exchangeName": "BSE", "exchangeDataDelayedBy": 0, "marketState": "CLOSED", "quoteType": "EQUITY", "symbol": "MEFCOMCAP.BO", "underlyingSymbol": null, "shortName": "MEFCOM CAPITAL MARKETS LTD.", "longName": "Mefcom Capital Markets Limited", "currency": "INR", "quoteSourceName": "Delayed Quote", "currencySymbol": "\u20b9", "fromCurrency": null, "toCurrency": null, "lastMarket": null, "marketCap": 51184952}, "balanceSheetHistory": {"balanceSheetStatements": [{"maxAge": 1, "endDate": "2020-03-31", "cash": 14069277, "netReceivables": 4183821, "otherCurrentAssets": 17004548, "totalCurrentAssets": 88575235, "longTermInvestments": 20826840, "propertyPlantEquipment": 965906, "goodWill": 2292324, "intangibleAssets": 9041, "otherAssets": 357986, "deferredLongTermAssetCharges": 357986, "totalAssets": 113027332, "accountsPayable": 226549, "otherCurrentLiab": 455374, "otherLiab": 64482, "minorityInterest": 10416356, "totalCurrentLiabilities": 1292821, "totalLiab": 1357303, "commonStock": 91401680, "retainedEarnings": -153985907, "treasuryStock": 52540061, "capitalSurplus": 111297839, "otherStockholderEquity": 52540061, "totalStockholderEquity": 101253673, "netTangibleAssets": 98952308}, {"maxAge": 1, "endDate": "2019-03-31", "cash": 3041066, "netReceivables": 6059360, "otherCurrentAssets": 25537691, "totalCurrentAssets": 55544717, "longTermInvestments": 20464420, "propertyPlantEquipment": 976034, "goodWill": 2292324, "intangibleAssets": 17466, "otherAssets": 50357986, "deferredLongTermAssetCharges": 357986, "totalAssets": 129652947, "otherCurrentLiab": 759184, "otherLiab": 43267, "minorityInterest": 13425189, "totalCurrentLiabilities": 946208, "totalLiab": 989475, "commonStock": 91401680, "retainedEarnings": -145824199, "treasuryStock": 58362963, "capitalSurplus": 111297839, "otherStockholderEquity": 58362963, "totalStockholderEquity": 115238283, "netTangibleAssets": 112928493}, {"maxAge": 1, "endDate": "2018-03-31", "cash": 8898020, "netReceivables": 7346300, "otherCurrentAssets": 19425211, "totalCurrentAssets": 65951778, "longTermInvestments": 54281819, "propertyPlantEquipment": 1043380, "goodWill": 12967899, "intangibleAssets": 21702, "otherAssets": 45000000, "totalAssets": 179266578, "accountsPayable": 388580, "otherCurrentLiab": 3420450, "otherLiab": 66473, "minorityInterest": 18947098, "totalCurrentLiabilities": 3841636, "totalLiab": 3908109, "commonStock": 91401680, "treasuryStock": 65009691, "otherStockholderEquity": 65009691, "totalStockholderEquity": 156411371, "netTangibleAssets": 143421770}, {"maxAge": 1, "endDate": "2017-03-31", "cash": 3387594, "netReceivables": 33311635, "otherCurrentAssets": 18457650, "totalCurrentAssets": 91781987, "longTermInvestments": 92402554, "propertyPlantEquipment": 1044938, "goodWill": 2292324, "intangibleAssets": 5456, "otherAssets": 3598282, "totalAssets": 191125541, "accountsPayable": 1825623, "shortLongTermDebt": 750000, "otherCurrentLiab": 2719498, "otherLiab": 221985, "minorityInterest": 20289447, "totalCurrentLiabilities": 5477510, "totalLiab": 5699495, "commonStock": 91401680, "treasuryStock": 73734919, "otherStockholderEquity": 73734919, "totalStockholderEquity": 165136599, "netTangibleAssets": 162838819}], "maxAge": 86400}, "financialData": {"maxAge": 86400, "currentPrice": 5.6, "recommendationKey": "none", "grossProfits": -8690616, "financialCurrency": "INR"}}}