{"MEGACOR.BO": {"cashflowStatementHistory": {"cashflowStatements": [{"maxAge": 1, "endDate": "2020-03-31", "netIncome": 858308, "depreciation": 3538455, "changeToNetincome": -3719747, "changeToAccountReceivables": -283520, "changeToLiabilities": -72564, "changeToOperatingActivities": -108276001, "totalCashFromOperatingActivities": -108486447, "capitalExpenditures": -96920, "investments": 61577157, "otherCashflowsFromInvestingActivities": 130200, "totalCashflowsFromInvestingActivities": 61778261, "netBorrowings": 47858160, "totalCashFromFinancingActivities": 47858160, "changeInCash": 1149974}, {"maxAge": 1, "endDate": "2019-03-31", "netIncome": 1156889, "depreciation": 3676974, "changeToNetincome": -1744661, "changeToAccountReceivables": -708000, "changeToLiabilities": -22253894, "changeToOperatingActivities": 26132019, "totalCashFromOperatingActivities": 5332076, "capitalExpenditures": -96920, "investments": 61577157, "otherCashflowsFromInvestingActivities": 130200, "totalCashflowsFromInvestingActivities": 755000, "netBorrowings": -4436285, "totalCashFromFinancingActivities": -4436285, "changeInCash": 1650791}, {"maxAge": 1, "endDate": "2018-03-31", "netIncome": -29068050, "depreciation": 3672932, "changeToNetincome": -19349361, "changeToAccountReceivables": 562500, "changeToLiabilities": 0, "changeToOperatingActivities": 32677957, "totalCashFromOperatingActivities": -11275370, "capitalExpenditures": -930844, "investments": -10069754, "otherCashflowsFromInvestingActivities": 21653966, "totalCashflowsFromInvestingActivities": 10653368, "netBorrowings": -4436285, "otherCashflowsFromFinancingActivities": 102358, "totalCashFromFinancingActivities": 102358, "changeInCash": -519644}, {"maxAge": 1, "endDate": "2017-03-31", "netIncome": 1989041, "depreciation": 3677557, "changeToNetincome": -13512654, "changeToAccountReceivables": 138361, "changeToLiabilities": 0, "changeToOperatingActivities": -8296551, "totalCashFromOperatingActivities": -15775594, "capitalExpenditures": -930844, "investments": 3000000, "otherCashflowsFromInvestingActivities": 13494503, "totalCashflowsFromInvestingActivities": 16494503, "netBorrowings": -4436285, "otherCashflowsFromFinancingActivities": 58400, "totalCashFromFinancingActivities": 58400, "changeInCash": 777309}], "maxAge": 86400}, "institutionOwnership": {"maxAge": 1, "ownershipList": []}, "balanceSheetHistoryQuarterly": {"balanceSheetStatements": [{"maxAge": 1, "endDate": "2020-06-30", "cash": 2003767, "netReceivables": 254399847, "otherCurrentAssets": 527346, "totalCurrentAssets": 256930960, "longTermInvestments": 17445395, "propertyPlantEquipment": 38255611, "otherAssets": 90041443, "deferredLongTermAssetCharges": 6577583, "totalAssets": 402673409, "accountsPayable": 22060, "otherLiab": 32544910, "totalCurrentLiabilities": 126129342, "totalLiab": 158674252, "commonStock": 100000000, "retainedEarnings": 143999157, "totalStockholderEquity": 243999157, "netTangibleAssets": 243999157}, {"maxAge": 1, "endDate": "2019-06-30", "totalStockholderEquity": 240634000, "netTangibleAssets": 240634000}, {"maxAge": 1, "endDate": "2018-06-30"}, {"maxAge": 1, "endDate": "2005-03-31", "cash": 3040761, "shortTermInvestments": 121949257, "netReceivables": 2502300, "inventory": 94897, "otherCurrentAssets": 75121951, "totalCurrentAssets": 203193996, "longTermInvestments": 12987200, "propertyPlantEquipment": 24329105, "otherAssets": 1414261, "totalAssets": 241924562, "accountsPayable": 1851865, "otherCurrentLiab": 13021075, "longTermDebt": 11884794, "otherLiab": 2681747, "deferredLongTermLiab": 1414261, "totalCurrentLiabilities": 15991797, "totalLiab": 30558338, "commonStock": 100000000, "retainedEarnings": 111366224, "totalStockholderEquity": 211366224, "netTangibleAssets": 211366224}], "maxAge": 86400}, "indexTrend": {"maxAge": 1, "symbol": "SP5", "peRatio": 19.7411, "pegRatio": 1.34172, "estimates": [{"period": "0q", "growth": 0.549}, {"period": "+1q", "growth": 0.431}, {"period": "0y", "growth": 0.305}, {"period": "+1y", "growth": 0.109}, {"period": "+5y", "growth": 0.120859005}, {"period": "-5y"}]}, "insiderTransactions": {"transactions": [{"maxAge": 1, "shares": 400, "filerUrl": "", "transactionText": "", "filerName": "Crayons Advertising Ltd", "filerRelation": "Institution- Corporation", "moneyText": "", "startDate": "2014-04-03", "ownership": "D"}, {"maxAge": 1, "shares": 2500000, "filerUrl": "", "transactionText": "", "filerName": "Mehta (Beena)", "filerRelation": "Promoter", "moneyText": "", "startDate": "2012-02-17", "ownership": "D"}, {"maxAge": 1, "shares": 2000000, "filerUrl": "", "transactionText": "", "filerName": "Mehta (Hiten)", "filerRelation": "Promoter", "moneyText": "", "startDate": "2012-02-17", "ownership": "D"}, {"maxAge": 1, "shares": 1000000, "filerUrl": "", "transactionText": "", "filerName": "Mehta (Jyoti)", "filerRelation": "Promoter", "moneyText": "", "startDate": "2012-02-17", "ownership": "D"}, {"maxAge": 1, "shares": 1000000, "filerUrl": "", "transactionText": "", "filerName": "Mehta (Meeta)", "filerRelation": "Promoter", "moneyText": "", "startDate": "2012-02-17", "ownership": "D"}, {"maxAge": 1, "shares": 2000000, "filerUrl": "", "transactionText": "", "filerName": "Mehta (R N)", "filerRelation": "Promoter", "moneyText": "", "startDate": "2012-02-17", "ownership": "D"}, {"maxAge": 1, "shares": 2000000, "filerUrl": "", "transactionText": "", "filerName": "Odyssey Corporation Ltd", "filerRelation": "Promoter", "moneyText": "", "startDate": "2012-02-17", "ownership": "D"}, {"maxAge": 1, "shares": 2001560, "filerUrl": "", "transactionText": "", "filerName": "Pooja Equiresearch Pvt Ltd", "filerRelation": "Promoter", "moneyText": "", "startDate": "2012-02-17", "ownership": "D"}, {"maxAge": 1, "shares": 5490000, "filerUrl": "", "transactionText": "", "filerName": "Mehta (Hemanshu)", "filerRelation": "Executive Chairman", "moneyText": "", "startDate": "2011-12-30", "ownership": "D"}], "maxAge": 1}, "quoteType": {"exchange": "BSE", "quoteType": "EQUITY", "symbol": "MEGACOR.BO", "underlyingSymbol": "MEGACOR.BO", "shortName": "MEGA CORPORATION LTD.", "longName": "Mega Corporation Limited", "firstTradeDateEpochUtc": "2002-07-01 09:15:00", "timeZoneFullName": "Asia/Kolkata", "timeZoneShortName": "IST", "uuid": "03365845-3bb0-3a9b-85b0-014f01e0531b", "messageBoardId": null, "gmtOffSetMilliseconds": 19800000, "maxAge": 1}, "incomeStatementHistory": {"incomeStatementHistory": [{"maxAge": 1, "endDate": "2020-03-31", "totalRevenue": 27238710, "costOfRevenue": 0, "grossProfit": 27238710, "researchDevelopment": {}, "sellingGeneralAdministrative": 3244479, "nonRecurring": {}, "otherOperatingExpenses": 3132124, "totalOperatingExpenses": 9915058, "operatingIncome": 17323652, "totalOtherIncomeExpenseNet": -17246130, "ebit": 17323652, "interestExpense": -12954059, "incomeBeforeTax": 77522, "incomeTaxExpense": -780786, "minorityInterest": {}, "netIncomeFromContinuingOps": 858308, "discontinuedOperations": {}, "extraordinaryItems": {}, "effectOfAccountingCharges": {}, "otherItems": {}, "netIncome": 858308, "netIncomeApplicableToCommonShares": 858308}, {"maxAge": 1, "endDate": "2019-03-31", "totalRevenue": 22097044, "costOfRevenue": 0, "grossProfit": 22097044, "researchDevelopment": {}, "sellingGeneralAdministrative": 5520037, "nonRecurring": {}, "otherOperatingExpenses": 2638619, "totalOperatingExpenses": 11835630, "operatingIncome": 10261414, "totalOtherIncomeExpenseNet": -9962946, "ebit": 10261414, "interestExpense": -12717290, "incomeBeforeTax": 298468, "incomeTaxExpense": -858421, "minorityInterest": {}, "netIncomeFromContinuingOps": 1156889, "discontinuedOperations": {}, "extraordinaryItems": {}, "effectOfAccountingCharges": {}, "otherItems": {}, "netIncome": 1156889, "netIncomeApplicableToCommonShares": 1156889}, {"maxAge": 1, "endDate": "2018-03-31", "totalRevenue": 22497469, "costOfRevenue": 0, "grossProfit": 22497469, "researchDevelopment": {}, "sellingGeneralAdministrative": 4632397, "nonRecurring": {}, "otherOperatingExpenses": 4230248, "totalOperatingExpenses": 12764229, "operatingIncome": 9733240, "totalOtherIncomeExpenseNet": -35460305, "ebit": 9733240, "interestExpense": -9979735, "incomeBeforeTax": -25727065, "incomeTaxExpense": 3341015, "minorityInterest": 6730, "netIncomeFromContinuingOps": -29068080, "discontinuedOperations": {}, "extraordinaryItems": {}, "effectOfAccountingCharges": {}, "otherItems": {}, "netIncome": -29068050, "netIncomeApplicableToCommonShares": -29068050}, {"maxAge": 1, "endDate": "2017-03-31", "totalRevenue": 14180269, "costOfRevenue": 0, "grossProfit": 14180269, "researchDevelopment": {}, "sellingGeneralAdministrative": 2087318, "nonRecurring": {}, "otherOperatingExpenses": 4534976, "totalOperatingExpenses": 10528503, "operatingIncome": 3651766, "totalOtherIncomeExpenseNet": 2932893, "ebit": 3651766, "interestExpense": -1289383, "incomeBeforeTax": 6584659, "incomeTaxExpense": 4596218, "minorityInterest": 6757, "netIncomeFromContinuingOps": 1988441, "discontinuedOperations": {}, "extraordinaryItems": {}, "effectOfAccountingCharges": {}, "otherItems": {}, "netIncome": 1989041, "netIncomeApplicableToCommonShares": 1989041}], "maxAge": 86400}, "fundOwnership": {"maxAge": 1, "ownershipList": []}, "summaryDetail": {"maxAge": 1, "priceHint": 4, "previousClose": 0.81, "open": 0.8, "dayLow": 0.8, "dayHigh": 0.8, "regularMarketPreviousClose": 0.81, "regularMarketOpen": 0.8, "regularMarketDayLow": 0.8, "regularMarketDayHigh": 0.8, "trailingPE": 57.142857, "volume": 24944, "regularMarketVolume": 24944, "averageVolume": 52700, "averageVolume10days": 266854, "averageDailyVolume10Day": 266854, "bid": 0.0, "ask": 1.14, "bidSize": 0, "askSize": 0, "marketCap": 80000000, "fiftyTwoWeekLow": 0.29, "fiftyTwoWeekHigh": 0.97, "fiftyDayAverage": 0.74685717, "twoHundredDayAverage": 0.6138686, "currency": "INR", "fromCurrency": null, "toCurrency": null, "lastMarket": null, "algorithm": null, "tradeable": false}, "incomeStatementHistoryQuarterly": {"incomeStatementHistory": [{"maxAge": 1, "endDate": "2020-06-30", "totalRevenue": 7323662, "costOfRevenue": 0, "grossProfit": 7323662, "researchDevelopment": {}, "sellingGeneralAdministrative": 278274, "nonRecurring": {}, "otherOperatingExpenses": 329689, "totalOperatingExpenses": 1490330, "operatingIncome": 5833332, "totalOtherIncomeExpenseNet": -4012793, "ebit": 5833332, "interestExpense": -4037825, "incomeBeforeTax": 1820539, "incomeTaxExpense": 0, "minorityInterest": {}, "netIncomeFromContinuingOps": 1820539, "discontinuedOperations": {}, "extraordinaryItems": {}, "effectOfAccountingCharges": {}, "otherItems": {}, "netIncome": 1820539, "netIncomeApplicableToCommonShares": 1820539}, {"maxAge": 1, "endDate": "2019-06-30", "totalRevenue": 5952000, "costOfRevenue": 0, "grossProfit": 5952000, "researchDevelopment": {}, "sellingGeneralAdministrative": 684000, "nonRecurring": {}, "otherOperatingExpenses": 465000, "totalOperatingExpenses": 2079000, "operatingIncome": 3873000, "totalOtherIncomeExpenseNet": -2509000, "ebit": 3873000, "interestExpense": -2771000, "incomeBeforeTax": 1364000, "incomeTaxExpense": 0, "minorityInterest": {}, "netIncomeFromContinuingOps": 1364000, "discontinuedOperations": {}, "extraordinaryItems": {}, "effectOfAccountingCharges": {}, "otherItems": {}, "netIncome": 1364000, "netIncomeApplicableToCommonShares": 1364000}, {"maxAge": 1, "endDate": "2018-06-30", "totalRevenue": 5530000, "costOfRevenue": 0, "grossProfit": 5530000, "researchDevelopment": {}, "sellingGeneralAdministrative": 1531000, "nonRecurring": {}, "otherOperatingExpenses": 1024000, "totalOperatingExpenses": 3652000, "operatingIncome": 1878000, "totalOtherIncomeExpenseNet": -733000, "ebit": 1878000, "interestExpense": -3376000, "incomeBeforeTax": 1145000, "incomeTaxExpense": 0, "minorityInterest": {}, "netIncomeFromContinuingOps": 1145000, "discontinuedOperations": {}, "extraordinaryItems": {}, "effectOfAccountingCharges": {}, "otherItems": {}, "netIncome": 1145000, "netIncomeApplicableToCommonShares": 1145000}, {"maxAge": 1, "endDate": "2005-03-31", "totalRevenue": 114611718, "costOfRevenue": 3281830, "grossProfit": 111329888, "researchDevelopment": {}, "sellingGeneralAdministrative": 7637261, "nonRecurring": {}, "otherOperatingExpenses": -2772000, "totalOperatingExpenses": 10209354, "operatingIncome": 104402364, "totalOtherIncomeExpenseNet": -51727, "ebit": 104402364, "interestExpense": -175984, "incomeBeforeTax": 104350637, "incomeTaxExpense": 12297864, "minorityInterest": {}, "netIncomeFromContinuingOps": 92052773, "discontinuedOperations": {}, "extraordinaryItems": {}, "effectOfAccountingCharges": {}, "otherItems": {}, "netIncome": 92052773, "netIncomeApplicableToCommonShares": 92052773}], "maxAge": 86400}, "cashflowStatementHistoryQuarterly": {"cashflowStatements": [{"maxAge": 1, "endDate": "2020-06-30", "netIncome": 1820539, "depreciation": 882367, "changeToNetincome": 3467, "changeToAccountReceivables": 40026, "changeToLiabilities": -95255, "changeToOperatingActivities": -2915528, "totalCashFromOperatingActivities": 889951, "investments": -3468, "totalCashflowsFromInvestingActivities": -3468, "netBorrowings": -3977613, "totalCashFromFinancingActivities": -3977613, "changeInCash": -3091130}, {"maxAge": 1, "endDate": "2019-06-30", "netIncome": 1364000, "depreciation": 882367, "changeToNetincome": 3467, "changeToAccountReceivables": 40026, "changeToLiabilities": 0, "changeToOperatingActivities": -2915528, "totalCashFromOperatingActivities": 889951, "investments": -3468, "totalCashflowsFromInvestingActivities": -3468, "netBorrowings": -3977613, "totalCashFromFinancingActivities": -3977613, "changeInCash": -3091130}, {"maxAge": 1, "endDate": "2018-06-30", "netIncome": 1145000, "depreciation": 882367, "changeToNetincome": 3467, "changeToAccountReceivables": 40026, "changeToLiabilities": 0, "changeToOperatingActivities": -2915528, "totalCashFromOperatingActivities": 889951, "investments": -3468, "totalCashflowsFromInvestingActivities": -3468, "netBorrowings": -3977613, "totalCashFromFinancingActivities": -3977613, "changeInCash": -3091130}, {"maxAge": 1, "endDate": "2005-03-31", "netIncome": 92052773, "depreciation": 882367, "changeToNetincome": 3467, "changeToAccountReceivables": 40026, "changeToLiabilities": 0, "changeToOperatingActivities": -2915528, "totalCashFromOperatingActivities": 889951, "investments": -3468, "totalCashflowsFromInvestingActivities": -3468, "netBorrowings": -3977613, "totalCashFromFinancingActivities": -3977613, "changeInCash": -3091130}], "maxAge": 86400}, "insiderHolders": {"holders": [{"maxAge": 1, "name": "Crayons Advertising Ltd", "relation": "Institution- Corporation", "url": "", "transactionDescription": "Acquisition", "latestTransDate": "2014-04-03", "positionDirect": 400, "positionDirectDate": "2014-04-03"}, {"maxAge": 1, "name": "Mehta (Beena)", "relation": "Promoter", "url": "", "transactionDescription": "Sale", "latestTransDate": "2012-02-17", "positionDirect": 0, "positionDirectDate": "2012-02-17"}, {"maxAge": 1, "name": "Mehta (Hemanshu)", "relation": "Executive Chairman", "url": "", "transactionDescription": "Sale", "latestTransDate": "2011-12-30", "positionDirect": 10000, "positionDirectDate": "2011-12-30"}, {"maxAge": 1, "name": "Mehta (Hiten)", "relation": "Promoter", "url": "", "transactionDescription": "Sale", "latestTransDate": "2012-02-17", "positionDirect": 0, "positionDirectDate": "2012-02-17"}, {"maxAge": 1, "name": "Mehta (Jyoti)", "relation": "Promoter", "url": "", "transactionDescription": "Sale", "latestTransDate": "2012-02-17", "positionDirect": 0, "positionDirectDate": "2012-02-17"}, {"maxAge": 1, "name": "Mehta (Meeta)", "relation": "Promoter", "url": "", "transactionDescription": "Sale", "latestTransDate": "2012-02-17", "positionDirect": 0, "positionDirectDate": "2012-02-17"}, {"maxAge": 1, "name": "Mehta (R N)", "relation": "Promoter", "url": "", "transactionDescription": "Sale", "latestTransDate": "2012-02-17", "positionDirect": 0, "positionDirectDate": "2012-02-17"}, {"maxAge": 1, "name": "Odyssey Corporation Ltd", "relation": "Promoter", "url": "", "transactionDescription": "Sale", "latestTransDate": "2012-02-17", "positionDirect": 0, "positionDirectDate": "2012-02-17"}, {"maxAge": 1, "name": "Pooja Equiresearch Pvt Ltd", "relation": "Promoter", "url": "", "transactionDescription": "Sale", "latestTransDate": "2012-02-17", "positionDirect": 0, "positionDirectDate": "2012-02-17"}], "maxAge": 1}, "calendarEvents": {"maxAge": 1, "earnings": {"earningsDate": ["2020-09-15 05:30:S"]}}, "price": {"maxAge": 1, "regularMarketChangePercent": -0.012345667, "regularMarketChange": -0.00999999, "regularMarketTime": "2021-04-30 15:25:41", "priceHint": 4, "regularMarketPrice": 0.8, "regularMarketDayHigh": 0.8, "regularMarketDayLow": 0.8, "regularMarketVolume": 24944, "averageDailyVolume10Day": 266854, "averageDailyVolume3Month": 52700, "regularMarketPreviousClose": 0.81, "regularMarketSource": "FREE_REALTIME", "regularMarketOpen": 0.8, "exchange": "BSE", "exchangeName": "BSE", "exchangeDataDelayedBy": 0, "marketState": "CLOSED", "quoteType": "EQUITY", "symbol": "MEGACOR.BO", "underlyingSymbol": null, "shortName": "MEGA CORPORATION LTD.", "longName": "Mega Corporation Limited", "currency": "INR", "quoteSourceName": "Delayed Quote", "currencySymbol": "\u20b9", "fromCurrency": null, "toCurrency": null, "lastMarket": null, "marketCap": 80000000}, "balanceSheetHistory": {"balanceSheetStatements": [{"maxAge": 1, "endDate": "2020-03-31", "cash": 5094897, "netReceivables": 276785105, "otherCurrentAssets": 59968620, "totalCurrentAssets": 357637406, "propertyPlantEquipment": 39137978, "otherAssets": 8247347, "deferredLongTermAssetCharges": 6577583, "totalAssets": 405022731, "otherLiab": 32352117, "totalCurrentLiabilities": 130491996, "totalLiab": 162844113, "commonStock": 100000000, "retainedEarnings": 142178618, "totalStockholderEquity": 242178618, "netTangibleAssets": 242178618}, {"maxAge": 1, "endDate": "2019-03-31", "cash": 3944923, "netReceivables": 200223291, "otherCurrentAssets": 27765393, "totalCurrentAssets": 249320828, "longTermInvestments": 59993000, "propertyPlantEquipment": 42651913, "otherAssets": 7466561, "deferredLongTermAssetCharges": 5796797, "totalAssets": 359432302, "otherLiab": 31950277, "totalCurrentLiabilities": 82597598, "totalLiab": 114547875, "commonStock": 100000000, "retainedEarnings": 144884427, "totalStockholderEquity": 244884427, "netTangibleAssets": 244884427}, {"maxAge": 1, "endDate": "2018-03-31", "cash": 941033, "netReceivables": 211130653, "otherCurrentAssets": 68469864, "totalCurrentAssets": 280571475, "longTermInvestments": 43560790, "propertyPlantEquipment": 47080885, "otherAssets": 10806913, "deferredLongTermAssetCharges": 4938377, "totalAssets": 382020063, "accountsPayable": 22253894, "otherCurrentLiab": 1046723, "otherLiab": 31201677, "deferredLongTermLiab": 1184495, "minorityInterest": 6730, "totalCurrentLiabilities": 110795358, "totalLiab": 141997035, "commonStock": 100000000, "retainedEarnings": 140016298, "totalStockholderEquity": 240016298, "netTangibleAssets": 240016298}, {"maxAge": 1, "endDate": "2017-03-31", "cash": 1460677, "netReceivables": 186709925, "otherCurrentAssets": 64452073, "totalCurrentAssets": 252657599, "longTermInvestments": 35088020, "propertyPlantEquipment": 49822973, "otherAssets": 12683816, "deferredLongTermAssetCharges": 8256390, "totalAssets": 350252408, "otherCurrentLiab": 1797013, "otherLiab": 31099319, "deferredLongTermLiab": 1413147, "minorityInterest": 6757, "totalCurrentLiabilities": 50061984, "totalLiab": 81161303, "commonStock": 100000000, "retainedEarnings": 169084348, "totalStockholderEquity": 269084348, "netTangibleAssets": 269084348}], "maxAge": 86400}, "financialData": {"maxAge": 86400, "currentPrice": 0.8, "recommendationKey": "none", "grossProfits": 27238710, "financialCurrency": "INR"}}}