{"MEGASOFT.BO": {"cashflowStatementHistory": {"cashflowStatements": [{"maxAge": 1, "endDate": "2020-03-31", "netIncome": 7071000, "depreciation": 43758000, "changeToNetincome": 107823000, "changeToAccountReceivables": -42990000, "changeToLiabilities": 71440000, "changeToOperatingActivities": -12807000, "totalCashFromOperatingActivities": 174295000, "capitalExpenditures": -372491000, "otherCashflowsFromInvestingActivities": 309508000, "totalCashflowsFromInvestingActivities": -62983000, "netBorrowings": -11733000, "otherCashflowsFromFinancingActivities": -67082000, "totalCashFromFinancingActivities": -78815000, "changeInCash": 32497000}, {"maxAge": 1, "endDate": "2019-03-31", "netIncome": 3342000, "depreciation": 37576000, "changeToNetincome": 143843000, "changeToAccountReceivables": 98955000, "changeToLiabilities": 229070000, "changeToOperatingActivities": 11000, "totalCashFromOperatingActivities": 512797000, "capitalExpenditures": -648807000, "otherCashflowsFromInvestingActivities": 269232000, "totalCashflowsFromInvestingActivities": -379575000, "netBorrowings": -62248000, "otherCashflowsFromFinancingActivities": -51328000, "totalCashFromFinancingActivities": -113576000, "changeInCash": 19706000}, {"maxAge": 1, "endDate": "2018-03-31", "netIncome": 16914000, "depreciation": 43116000, "changeToNetincome": 19298000, "changeToAccountReceivables": -172371000, "changeToLiabilities": 192600000, "changeToOperatingActivities": 57298000, "totalCashFromOperatingActivities": 156855000, "capitalExpenditures": -163185000, "otherCashflowsFromInvestingActivities": 245000, "totalCashflowsFromInvestingActivities": -118058000, "netBorrowings": 10640000, "otherCashflowsFromFinancingActivities": -48840000, "totalCashFromFinancingActivities": -38200000, "changeInCash": 546000}, {"maxAge": 1, "endDate": "2017-03-31", "netIncome": 27188000, "depreciation": 51176000, "changeToNetincome": -35822000, "changeToAccountReceivables": -26848000, "changeToLiabilities": 427544000, "changeToOperatingActivities": 6137000, "totalCashFromOperatingActivities": 449375000, "capitalExpenditures": -163185000, "otherCashflowsFromInvestingActivities": 491000, "totalCashflowsFromInvestingActivities": 91356000, "netBorrowings": -521170000, "otherCashflowsFromFinancingActivities": -59330000, "totalCashFromFinancingActivities": -580500000, "changeInCash": -39817000}], "maxAge": 86400}, "institutionOwnership": {"ownershipList": [], "maxAge": 1}, "balanceSheetHistoryQuarterly": {"balanceSheetStatements": [{"maxAge": 1, "endDate": "2020-06-30", "totalStockholderEquity": 1403697000, "netTangibleAssets": 563880000}, {"maxAge": 1, "endDate": "2020-03-31", "cash": 58357000, "netReceivables": 637019000, "otherCurrentAssets": 121160000, "totalCurrentAssets": 865274000, "propertyPlantEquipment": 1587724000, "goodWill": 793612000, "intangibleAssets": 46205000, "otherAssets": 19814000, "deferredLongTermAssetCharges": 6075000, "totalAssets": 3312629000, "accountsPayable": 121062000, "otherCurrentLiab": 917394000, "otherLiab": 156199000, "totalCurrentLiabilities": 1752733000, "totalLiab": 1908932000, "commonStock": 442673000, "retainedEarnings": 1098951000, "treasuryStock": -162993000, "capitalSurplus": 25066000, "otherStockholderEquity": -162993000, "totalStockholderEquity": 1403697000, "netTangibleAssets": 563880000}, {"maxAge": 1, "endDate": "2019-12-31", "totalStockholderEquity": 1399743000, "netTangibleAssets": 606131000}, {"maxAge": 1, "endDate": "2019-09-30", "cash": 18378000, "netReceivables": 665776000, "otherCurrentAssets": 135354000, "totalCurrentAssets": 819508000, "propertyPlantEquipment": 1626791000, "goodWill": 793612000, "otherAssets": 19734000, "deferredLongTermAssetCharges": 5690000, "totalAssets": 3259645000, "accountsPayable": 131864000, "otherCurrentLiab": 1104648000, "otherLiab": 138509000, "totalCurrentLiabilities": 1721393000, "totalLiab": 1859902000, "commonStock": 442673000, "treasuryStock": 957070000, "otherStockholderEquity": 957070000, "totalStockholderEquity": 1399743000, "netTangibleAssets": 606131000}], "maxAge": 86400}, "indexTrend": {"maxAge": 1, "symbol": "SP5", "peRatio": 19.7411, "pegRatio": 1.34172, "estimates": [{"period": "0q", "growth": 0.549}, {"period": "+1q", "growth": 0.431}, {"period": "0y", "growth": 0.305}, {"period": "+1y", "growth": 0.109}, {"period": "+5y", "growth": 0.120865}, {"period": "-5y"}]}, "insiderTransactions": {"transactions": [{"maxAge": 1, "shares": 26563, "filerUrl": "", "transactionText": "", "filerName": "Gandaravakottan (Venkataraman Kumar)", "filerRelation": "Chief Executive Officer", "moneyText": "", "startDate": "2011-07-16", "ownership": "D"}], "maxAge": 1}, "quoteType": {"exchange": "BSE", "quoteType": "EQUITY", "symbol": "MEGASOFT.BO", "underlyingSymbol": "MEGASOFT.BO", "shortName": "MEGASOFT LTD.", "longName": "Megasoft Limited", "firstTradeDateEpochUtc": "2001-11-09 09:15:00", "timeZoneFullName": "Asia/Kolkata", "timeZoneShortName": "IST", "uuid": "adc16ddb-1cde-3509-8e3f-386a52124e84", "gmtOffSetMilliseconds": 19800000, "maxAge": 1}, "incomeStatementHistory": {"incomeStatementHistory": [{"maxAge": 1, "endDate": "2020-03-31", "totalRevenue": 567326000, "costOfRevenue": 174291000, "grossProfit": 393035000, "researchDevelopment": {}, "sellingGeneralAdministrative": 189404000, "nonRecurring": {}, "otherOperatingExpenses": 115926000, "totalOperatingExpenses": 557379000, "operatingIncome": 9947000, "totalOtherIncomeExpenseNet": -3254000, "ebit": 9947000, "interestExpense": -57887000, "incomeBeforeTax": 6693000, "incomeTaxExpense": -378000, "minorityInterest": {}, "netIncomeFromContinuingOps": 7071000, "discontinuedOperations": {}, "extraordinaryItems": {}, "effectOfAccountingCharges": {}, "otherItems": {}, "netIncome": 7071000, "netIncomeApplicableToCommonShares": 7071000}, {"maxAge": 1, "endDate": "2019-03-31", "totalRevenue": 618737000, "costOfRevenue": 226485000, "grossProfit": 392252000, "researchDevelopment": {}, "sellingGeneralAdministrative": 212857000, "nonRecurring": {}, "otherOperatingExpenses": 89634000, "totalOperatingExpenses": 636597000, "operatingIncome": -17860000, "totalOtherIncomeExpenseNet": 24912000, "ebit": -17860000, "interestExpense": -51327000, "incomeBeforeTax": 7052000, "incomeTaxExpense": 3710000, "minorityInterest": {}, "netIncomeFromContinuingOps": 3342000, "discontinuedOperations": {}, "extraordinaryItems": {}, "effectOfAccountingCharges": {}, "otherItems": {}, "netIncome": 3342000, "netIncomeApplicableToCommonShares": 3342000}, {"maxAge": 1, "endDate": "2018-03-31", "totalRevenue": 662594000, "costOfRevenue": 224422000, "grossProfit": 438172000, "researchDevelopment": {}, "sellingGeneralAdministrative": 238653000, "nonRecurring": {}, "otherOperatingExpenses": 103439000, "totalOperatingExpenses": 609630000, "operatingIncome": 52964000, "totalOtherIncomeExpenseNet": -42073000, "ebit": 52964000, "interestExpense": -46892000, "incomeBeforeTax": 10891000, "incomeTaxExpense": -6023000, "minorityInterest": {}, "netIncomeFromContinuingOps": 16914000, "discontinuedOperations": {}, "extraordinaryItems": {}, "effectOfAccountingCharges": {}, "otherItems": {}, "netIncome": 16914000, "netIncomeApplicableToCommonShares": 16914000}, {"maxAge": 1, "endDate": "2017-03-31", "totalRevenue": 701421000, "costOfRevenue": 192609000, "grossProfit": 508812000, "researchDevelopment": {}, "sellingGeneralAdministrative": 250117000, "nonRecurring": {}, "otherOperatingExpenses": 202549000, "totalOperatingExpenses": 696451000, "operatingIncome": 4970000, "totalOtherIncomeExpenseNet": 17055000, "ebit": 4970000, "interestExpense": -46240000, "incomeBeforeTax": 22025000, "incomeTaxExpense": -5163000, "minorityInterest": {}, "netIncomeFromContinuingOps": 27188000, "discontinuedOperations": {}, "extraordinaryItems": {}, "effectOfAccountingCharges": {}, "otherItems": {}, "netIncome": 27188000, "netIncomeApplicableToCommonShares": 27188000}], "maxAge": 86400}, "fundOwnership": {"ownershipList": [], "maxAge": 1}, "summaryDetail": {"maxAge": 1, "priceHint": 2, "previousClose": 13.02, "open": 13.3, "dayLow": 11.85, "dayHigh": 13.36, "regularMarketPreviousClose": 13.02, "regularMarketOpen": 13.3, "regularMarketDayLow": 11.85, "regularMarketDayHigh": 13.36, "trailingPE": 122.62136, "volume": 108426, "regularMarketVolume": 108426, "averageVolume": 38437, "averageVolume10days": 36897, "averageDailyVolume10Day": 36897, "bid": 12.69, "ask": 12.76, "bidSize": 0, "askSize": 0, "marketCap": 559096000, "fiftyTwoWeekLow": 4.6, "fiftyTwoWeekHigh": 13.45, "fiftyDayAverage": 10.950606, "twoHundredDayAverage": 8.65978, "currency": "INR", "fromCurrency": null, "lastMarket": null, "algorithm": null, "tradeable": false}, "incomeStatementHistoryQuarterly": {"incomeStatementHistory": [{"maxAge": 1, "endDate": "2020-06-30", "totalRevenue": 135001000, "costOfRevenue": 40027000, "grossProfit": 94974000, "researchDevelopment": {}, "sellingGeneralAdministrative": 31074000, "nonRecurring": {}, "otherOperatingExpenses": 45592000, "totalOperatingExpenses": 128807000, "operatingIncome": 6194000, "totalOtherIncomeExpenseNet": 1476000, "ebit": 6194000, "interestExpense": -13362000, "incomeBeforeTax": 7670000, "incomeTaxExpense": 0, "minorityInterest": {}, "netIncomeFromContinuingOps": 7670000, "discontinuedOperations": {}, "extraordinaryItems": {}, "effectOfAccountingCharges": {}, "otherItems": {}, "netIncome": 7670000, "netIncomeApplicableToCommonShares": 7670000}, {"maxAge": 1, "endDate": "2020-03-31", "totalRevenue": 156014000, "costOfRevenue": 57663000, "grossProfit": 98351000, "researchDevelopment": {}, "sellingGeneralAdministrative": 94074000, "nonRecurring": {}, "otherOperatingExpenses": -15521000, "totalOperatingExpenses": 173791000, "operatingIncome": -17777000, "totalOtherIncomeExpenseNet": 1801000, "ebit": -17777000, "interestExpense": -3866000, "incomeBeforeTax": -15976000, "incomeTaxExpense": -378000, "minorityInterest": {}, "netIncomeFromContinuingOps": -15598000, "discontinuedOperations": {}, "extraordinaryItems": {}, "effectOfAccountingCharges": {}, "otherItems": {}, "netIncome": -15598000, "netIncomeApplicableToCommonShares": -15598000}, {"maxAge": 1, "endDate": "2019-12-31", "totalRevenue": 162597000, "costOfRevenue": 53556000, "grossProfit": 109041000, "researchDevelopment": {}, "sellingGeneralAdministrative": 32179000, "nonRecurring": {}, "otherOperatingExpenses": 50763000, "totalOperatingExpenses": 149833000, "operatingIncome": 12764000, "totalOtherIncomeExpenseNet": -1406000, "ebit": 12764000, "interestExpense": -20061000, "incomeBeforeTax": 11358000, "incomeTaxExpense": 0, "minorityInterest": {}, "netIncomeFromContinuingOps": 11358000, "discontinuedOperations": {}, "extraordinaryItems": {}, "effectOfAccountingCharges": {}, "otherItems": {}, "netIncome": 11358000, "netIncomeApplicableToCommonShares": 11358000}, {"maxAge": 1, "endDate": "2019-09-30", "totalRevenue": 123066000, "costOfRevenue": 33289000, "grossProfit": 89777000, "researchDevelopment": {}, "sellingGeneralAdministrative": 31164000, "nonRecurring": {}, "otherOperatingExpenses": 45103000, "totalOperatingExpenses": 122843000, "operatingIncome": 223000, "totalOtherIncomeExpenseNet": 919000, "ebit": 223000, "interestExpense": -19056000, "incomeBeforeTax": 1142000, "incomeTaxExpense": 0, "minorityInterest": {}, "netIncomeFromContinuingOps": 1142000, "discontinuedOperations": {}, "extraordinaryItems": {}, "effectOfAccountingCharges": {}, "otherItems": {}, "netIncome": 1142000, "netIncomeApplicableToCommonShares": 1142000}], "maxAge": 86400}, "cashflowStatementHistoryQuarterly": {"cashflowStatements": [{"maxAge": 1, "endDate": "2020-06-30", "netIncome": 7670000, "changeToLiabilities": 0}, {"maxAge": 1, "endDate": "2020-03-31", "netIncome": -15598000, "changeToLiabilities": 0}, {"maxAge": 1, "endDate": "2019-12-31", "netIncome": 11358000, "changeToLiabilities": 0}, {"maxAge": 1, "endDate": "2019-09-30", "netIncome": 1142000, "changeToLiabilities": 0}], "maxAge": 86400}, "insiderHolders": {"holders": [{"maxAge": 1, "name": "Gandaravakottan (Venkataraman Kumar)", "relation": "Chief Executive Officer", "url": "", "transactionDescription": "Acquisition", "latestTransDate": "2011-07-16", "positionDirect": 2226911, "positionDirectDate": "2011-07-16"}], "maxAge": 1}, "calendarEvents": {"maxAge": 1, "earnings": {"earningsDate": []}}, "upgradeDowngradeHistory": {"history": [], "maxAge": 86400}, "price": {"maxAge": 1, "regularMarketChangePercent": -0.029953942, "regularMarketChange": -0.39000034, "regularMarketTime": "2021-04-30 15:26:27", "priceHint": 2, "regularMarketPrice": 12.63, "regularMarketDayHigh": 13.36, "regularMarketDayLow": 11.85, "regularMarketVolume": 108426, "averageDailyVolume10Day": 36897, "averageDailyVolume3Month": 38437, "regularMarketPreviousClose": 13.02, "regularMarketSource": "FREE_REALTIME", "regularMarketOpen": 13.3, "exchange": "BSE", "exchangeName": "BSE", "exchangeDataDelayedBy": 0, "marketState": "CLOSED", "quoteType": "EQUITY", "symbol": "MEGASOFT.BO", "underlyingSymbol": null, "shortName": "MEGASOFT LTD.", "longName": "Megasoft Limited", "currency": "INR", "quoteSourceName": "Delayed Quote", "currencySymbol": "\u20b9", "fromCurrency": null, "lastMarket": null, "marketCap": 559096000}, "balanceSheetHistory": {"balanceSheetStatements": [{"maxAge": 1, "endDate": "2020-03-31", "cash": 58357000, "netReceivables": 637019000, "otherCurrentAssets": 121160000, "totalCurrentAssets": 865274000, "propertyPlantEquipment": 1587724000, "goodWill": 793612000, "intangibleAssets": 46205000, "otherAssets": 19814000, "deferredLongTermAssetCharges": 6075000, "totalAssets": 3312629000, "accountsPayable": 121062000, "otherCurrentLiab": 917394000, "otherLiab": 156199000, "totalCurrentLiabilities": 1752733000, "totalLiab": 1908932000, "commonStock": 442673000, "retainedEarnings": 1098951000, "treasuryStock": -162993000, "capitalSurplus": 25066000, "otherStockholderEquity": -162993000, "totalStockholderEquity": 1403697000, "netTangibleAssets": 563880000}, {"maxAge": 1, "endDate": "2019-03-31", "cash": 25860000, "netReceivables": 644751000, "otherCurrentAssets": 93758000, "totalCurrentAssets": 812667000, "propertyPlantEquipment": 1545647000, "goodWill": 793612000, "intangibleAssets": 46205000, "otherAssets": 19326000, "deferredLongTermAssetCharges": 5690000, "totalAssets": 3217457000, "accountsPayable": 146908000, "otherCurrentLiab": 909930000, "otherLiab": 121118000, "totalCurrentLiabilities": 1723132000, "totalLiab": 1844250000, "commonStock": 442673000, "retainedEarnings": 1091881000, "treasuryStock": -186413000, "capitalSurplus": 25066000, "otherStockholderEquity": -186413000, "totalStockholderEquity": 1373207000, "netTangibleAssets": 533390000}, {"maxAge": 1, "endDate": "2018-03-31", "cash": 6154000, "netReceivables": 849067000, "otherCurrentAssets": 47221000, "totalCurrentAssets": 958478000, "propertyPlantEquipment": 971248000, "goodWill": 1015750000, "otherAssets": 22821000, "deferredLongTermAssetCharges": 9174000, "totalAssets": 2968297000, "accountsPayable": 268647000, "otherCurrentLiab": 520126000, "otherLiab": 102765000, "totalCurrentLiabilities": 1512754000, "totalLiab": 1615519000, "commonStock": 442673000, "retainedEarnings": 1088540000, "treasuryStock": -203501000, "capitalSurplus": 25066000, "otherStockholderEquity": -203501000, "totalStockholderEquity": 1352778000, "netTangibleAssets": 337028000}, {"maxAge": 1, "endDate": "2017-03-31", "cash": 5608000, "netReceivables": 720536000, "otherCurrentAssets": 52682000, "totalCurrentAssets": 845906000, "propertyPlantEquipment": 808063000, "goodWill": 1015750000, "intangibleAssets": 44882000, "otherAssets": 16919000, "deferredLongTermAssetCharges": 3159000, "totalAssets": 2731520000, "accountsPayable": 288927000, "otherCurrentLiab": 339761000, "otherLiab": 104656000, "totalCurrentLiabilities": 1310435000, "totalLiab": 1415091000, "commonStock": 442673000, "retainedEarnings": 1071706000, "treasuryStock": -223016000, "capitalSurplus": 25066000, "otherStockholderEquity": -223016000, "totalStockholderEquity": 1316429000, "netTangibleAssets": 255797000}], "maxAge": 86400}, "financialData": {"maxAge": 86400, "currentPrice": 12.63, "recommendationKey": "none", "grossProfits": 393035000, "financialCurrency": "INR"}}}