{"MEHAI.BO": {"cashflowStatementHistory": {"cashflowStatements": [{"maxAge": 1, "endDate": "2020-03-31", "netIncome": -703179, "depreciation": 1687483, "changeToNetincome": -346440, "changeToAccountReceivables": 3441874, "changeToLiabilities": 8659385, "changeToInventory": 24094100, "changeToOperatingActivities": -48562082, "totalCashFromOperatingActivities": -11728859, "capitalExpenditures": -143695, "investments": -45676, "totalCashflowsFromInvestingActivities": -189371, "netBorrowings": -4640383, "otherCashflowsFromFinancingActivities": 11361642, "totalCashFromFinancingActivities": 6721259, "changeInCash": -5196971}, {"maxAge": 1, "endDate": "2019-03-31", "netIncome": 2213402, "depreciation": 1565287, "changeToNetincome": 2115905, "changeToAccountReceivables": -50885068, "changeToLiabilities": 13433287, "changeToInventory": -20022330, "changeToOperatingActivities": 41672317, "totalCashFromOperatingActivities": -9907200, "capitalExpenditures": -2416128, "investments": -45676, "totalCashflowsFromInvestingActivities": -2416128, "netBorrowings": 5904111, "otherCashflowsFromFinancingActivities": -90307121, "totalCashFromFinancingActivities": -30853010, "changeInCash": -43176338, "issuanceOfStock": 53550000}, {"maxAge": 1, "endDate": "2018-03-31", "netIncome": 1025115, "depreciation": 1258775, "changeToNetincome": 1530288, "changeToAccountReceivables": 20305980, "changeToLiabilities": -10812466, "changeToInventory": -2694920, "changeToOperatingActivities": -72214584, "totalCashFromOperatingActivities": -61587808, "capitalExpenditures": -4140087, "investments": -45676, "otherCashflowsFromInvestingActivities": -2431180, "totalCashflowsFromInvestingActivities": -6571267, "netBorrowings": -32500000, "otherCashflowsFromFinancingActivities": -838446, "totalCashFromFinancingActivities": 86661554, "changeInCash": 18502479, "issuanceOfStock": 120000000}, {"maxAge": 1, "endDate": "2017-03-31", "netIncome": 3066051, "depreciation": 97661, "changeToNetincome": 1289102, "changeToAccountReceivables": -32778491, "changeToLiabilities": 23969441, "changeToInventory": 1895750, "changeToOperatingActivities": 14719154, "totalCashFromOperatingActivities": 12272672, "capitalExpenditures": -14680764, "investments": -45676, "otherCashflowsFromInvestingActivities": -2431180, "totalCashflowsFromInvestingActivities": -14680764, "netBorrowings": 32500000, "otherCashflowsFromFinancingActivities": -30650, "totalCashFromFinancingActivities": 32469350, "changeInCash": 30061258, "issuanceOfStock": 120000000}], "maxAge": 86400}, "institutionOwnership": {"ownershipList": [], "maxAge": 1}, "balanceSheetHistoryQuarterly": {"balanceSheetStatements": [{"maxAge": 1, "endDate": "2020-06-30", "totalStockholderEquity": 125907999, "netTangibleAssets": 125907999}, {"maxAge": 1, "endDate": "2020-03-31", "cash": 535669, "netReceivables": 118117892, "inventory": 2644400, "totalCurrentAssets": 121297961, "longTermInvestments": 45676, "propertyPlantEquipment": 18242400, "otherAssets": 27544000, "totalAssets": 167130037, "accountsPayable": 36418449, "otherCurrentLiab": 125970, "otherLiab": 2360692, "totalCurrentLiabilities": 38861346, "totalLiab": 41222038, "commonStock": 107100000, "retainedEarnings": 5544466, "capitalSurplus": 13263533, "totalStockholderEquity": 125907999, "netTangibleAssets": 125907999}, {"maxAge": 1, "endDate": "2019-12-31", "totalStockholderEquity": 127801000, "netTangibleAssets": 127801000}, {"maxAge": 1, "endDate": "2019-09-30", "cash": 2372000, "netReceivables": 83498000, "inventory": 7843000, "totalCurrentAssets": 93713000, "propertyPlantEquipment": 19171000, "otherAssets": 37909000, "totalAssets": 150793000, "accountsPayable": 13611000, "otherCurrentLiab": 2225000, "longTermDebt": 4797000, "otherLiab": 2359000, "deferredLongTermLiab": 1946000, "totalCurrentLiabilities": 15836000, "totalLiab": 22992000, "commonStock": 107100000, "treasuryStock": 20701000, "otherStockholderEquity": 20701000, "totalStockholderEquity": 127801000, "netTangibleAssets": 127801000}], "maxAge": 86400}, "indexTrend": {"maxAge": 1, "symbol": "SP5", "peRatio": 19.7411, "pegRatio": 1.34172, "estimates": [{"period": "0q", "growth": 0.549}, {"period": "+1q", "growth": 0.431}, {"period": "0y", "growth": 0.305}, {"period": "+1y", "growth": 0.109}, {"period": "+5y", "growth": 0.120859005}, {"period": "-5y"}]}, "quoteType": {"exchange": "BSE", "quoteType": "EQUITY", "symbol": "MEHAI.BO", "underlyingSymbol": "MEHAI.BO", "shortName": "Mehai Technology  Limited", "longName": "Mehai Technology Limited", "firstTradeDateEpochUtc": "2017-10-09 09:15:00", "timeZoneFullName": "Asia/Kolkata", "timeZoneShortName": "IST", "uuid": "3b0d7311-6f4b-32e4-8ab5-1a62d1287470", "gmtOffSetMilliseconds": 19800000, "maxAge": 1}, "incomeStatementHistory": {"incomeStatementHistory": [{"maxAge": 1, "endDate": "2020-03-31", "totalRevenue": 245410318, "costOfRevenue": 235766423, "grossProfit": 9643895, "researchDevelopment": {}, "sellingGeneralAdministrative": 3118817, "nonRecurring": {}, "otherOperatingExpenses": 4988601, "totalOperatingExpenses": 245561324, "operatingIncome": -151006, "totalOtherIncomeExpenseNet": -772644, "ebit": -151006, "interestExpense": -1205768, "incomeBeforeTax": -923650, "incomeTaxExpense": -220471, "minorityInterest": {}, "netIncomeFromContinuingOps": -703179, "discontinuedOperations": {}, "extraordinaryItems": {}, "effectOfAccountingCharges": {}, "otherItems": {}, "netIncome": -703179, "netIncomeApplicableToCommonShares": -703179}, {"maxAge": 1, "endDate": "2019-03-31", "totalRevenue": 208192988, "costOfRevenue": 195997281, "grossProfit": 12195707, "researchDevelopment": {}, "sellingGeneralAdministrative": 3073488, "nonRecurring": {}, "otherOperatingExpenses": 5945494, "totalOperatingExpenses": 206581550, "operatingIncome": 1611438, "totalOtherIncomeExpenseNet": 1913503, "ebit": 1611438, "interestExpense": -751976, "incomeBeforeTax": 3524941, "incomeTaxExpense": 1311539, "minorityInterest": {}, "netIncomeFromContinuingOps": 2213402, "discontinuedOperations": {}, "extraordinaryItems": {}, "effectOfAccountingCharges": {}, "otherItems": {}, "netIncome": 2213402, "netIncomeApplicableToCommonShares": 2213402}, {"maxAge": 1, "endDate": "2018-03-31", "totalRevenue": 53598481, "costOfRevenue": 43508632, "grossProfit": 10089849, "researchDevelopment": {}, "sellingGeneralAdministrative": 2759293, "nonRecurring": {}, "otherOperatingExpenses": 6455925, "totalOperatingExpenses": 53982625, "operatingIncome": -384144, "totalOtherIncomeExpenseNet": 2101101, "ebit": -384144, "interestExpense": -801430, "incomeBeforeTax": 1716957, "incomeTaxExpense": 691842, "minorityInterest": {}, "netIncomeFromContinuingOps": 1025115, "discontinuedOperations": {}, "extraordinaryItems": {}, "effectOfAccountingCharges": {}, "otherItems": {}, "netIncome": 1025115, "netIncomeApplicableToCommonShares": 1025115}, {"maxAge": 1, "endDate": "2017-03-31", "totalRevenue": 52235167, "costOfRevenue": 41786805, "grossProfit": 10448362, "researchDevelopment": {}, "sellingGeneralAdministrative": 2129740, "nonRecurring": {}, "otherOperatingExpenses": 3868114, "totalOperatingExpenses": 47882320, "operatingIncome": 4352847, "totalOtherIncomeExpenseNet": -28344, "ebit": 4352847, "interestExpense": -49, "incomeBeforeTax": 4324503, "incomeTaxExpense": 1258452, "minorityInterest": {}, "netIncomeFromContinuingOps": 3066051, "discontinuedOperations": {}, "extraordinaryItems": {}, "effectOfAccountingCharges": {}, "otherItems": {}, "netIncome": 3066051, "netIncomeApplicableToCommonShares": 3066051}], "maxAge": 86400}, "fundOwnership": {"ownershipList": [], "maxAge": 1}, "summaryDetail": {"maxAge": 1, "priceHint": 2, "previousClose": 66.15, "open": 68.0, "dayLow": 63.2, "dayHigh": 69.45, "regularMarketPreviousClose": 66.15, "regularMarketOpen": 68.0, "regularMarketDayLow": 63.2, "regularMarketDayHigh": 69.45, "trailingPE": 781.97675, "volume": 35789, "regularMarketVolume": 35789, "averageVolume": 44396, "averageVolume10days": 23787, "averageDailyVolume10Day": 23787, "bid": 67.25, "ask": 69.45, "bidSize": 0, "askSize": 0, "marketCap": 720247488, "fiftyTwoWeekLow": 10.07, "fiftyTwoWeekHigh": 98.8, "fiftyDayAverage": 34.458786, "twoHundredDayAverage": 24.547426, "trailingAnnualDividendRate": 0.05, "trailingAnnualDividendYield": 0.0007558579, "currency": "INR", "fromCurrency": null, "lastMarket": null, "algorithm": null, "tradeable": false}, "incomeStatementHistoryQuarterly": {"incomeStatementHistory": [{"maxAge": 1, "endDate": "2020-06-30", "totalRevenue": 7284000, "costOfRevenue": 3978000, "grossProfit": 3306000, "researchDevelopment": {}, "sellingGeneralAdministrative": 40000, "nonRecurring": {}, "otherOperatingExpenses": 2735000, "totalOperatingExpenses": 7175000, "operatingIncome": 109000, "totalOtherIncomeExpenseNet": -12000, "ebit": 109000, "interestExpense": -5000, "incomeBeforeTax": 97000, "incomeTaxExpense": -25000, "minorityInterest": {}, "netIncomeFromContinuingOps": 122000, "discontinuedOperations": {}, "extraordinaryItems": {}, "effectOfAccountingCharges": {}, "otherItems": {}, "netIncome": 122000, "netIncomeApplicableToCommonShares": 122000}, {"maxAge": 1, "endDate": "2020-03-31", "totalRevenue": 42343318, "costOfRevenue": 42144423, "grossProfit": 198895, "researchDevelopment": {}, "sellingGeneralAdministrative": 1319817, "nonRecurring": {}, "otherOperatingExpenses": -186399, "totalOperatingExpenses": 43900324, "operatingIncome": -1557006, "totalOtherIncomeExpenseNet": -2748644, "ebit": -1557006, "interestExpense": -1203768, "incomeBeforeTax": -4305650, "incomeTaxExpense": -1448471, "minorityInterest": {}, "netIncomeFromContinuingOps": -2857179, "discontinuedOperations": {}, "extraordinaryItems": {}, "effectOfAccountingCharges": {}, "otherItems": {}, "netIncome": -2857179, "netIncomeApplicableToCommonShares": -2857179}, {"maxAge": 1, "endDate": "2019-12-31", "totalRevenue": 64386000, "costOfRevenue": 59486000, "grossProfit": 4900000, "researchDevelopment": {}, "sellingGeneralAdministrative": 684000, "nonRecurring": {}, "otherOperatingExpenses": 3779000, "totalOperatingExpenses": 64289000, "operatingIncome": 97000, "totalOtherIncomeExpenseNet": 1199000, "ebit": 97000, "interestExpense": -1203768, "incomeBeforeTax": 1296000, "incomeTaxExpense": 332000, "minorityInterest": {}, "netIncomeFromContinuingOps": 964000, "discontinuedOperations": {}, "extraordinaryItems": {}, "effectOfAccountingCharges": {}, "otherItems": {}, "netIncome": 964000, "netIncomeApplicableToCommonShares": 964000}, {"maxAge": 1, "endDate": "2019-09-30", "totalRevenue": 60081000, "costOfRevenue": 55192000, "grossProfit": 4889000, "researchDevelopment": {}, "sellingGeneralAdministrative": 468000, "nonRecurring": {}, "otherOperatingExpenses": 772000, "totalOperatingExpenses": 56797000, "operatingIncome": 3284000, "totalOtherIncomeExpenseNet": 15000, "ebit": 3284000, "interestExpense": -15000, "incomeBeforeTax": 3299000, "incomeTaxExpense": 625000, "minorityInterest": {}, "netIncomeFromContinuingOps": 2674000, "discontinuedOperations": {}, "extraordinaryItems": {}, "effectOfAccountingCharges": {}, "otherItems": {}, "netIncome": 2674000, "netIncomeApplicableToCommonShares": 2674000}], "maxAge": 86400}, "cashflowStatementHistoryQuarterly": {"cashflowStatements": [{"maxAge": 1, "endDate": "2020-06-30", "netIncome": 122000, "changeToLiabilities": 0}, {"maxAge": 1, "endDate": "2020-03-31", "netIncome": -2857179, "changeToLiabilities": 0}, {"maxAge": 1, "endDate": "2019-12-31", "netIncome": 964000, "changeToLiabilities": 0}, {"maxAge": 1, "endDate": "2019-09-30", "netIncome": 2674000, "changeToLiabilities": 0}], "maxAge": 86400}, "insiderHolders": {"holders": [], "maxAge": 1}, "calendarEvents": {"maxAge": 1, "earnings": {"earningsDate": ["2020-11-09 05:30:S", "2020-11-13 05:30:S"]}}, "upgradeDowngradeHistory": {"history": [], "maxAge": 86400}, "price": {"maxAge": 1, "regularMarketChangePercent": 0.01662885, "regularMarketChange": 1.0999985, "regularMarketTime": "2021-04-30 15:29:44", "priceHint": 2, "regularMarketPrice": 67.25, "regularMarketDayHigh": 69.45, "regularMarketDayLow": 63.2, "regularMarketVolume": 35789, "averageDailyVolume10Day": 23787, "averageDailyVolume3Month": 44396, "regularMarketPreviousClose": 66.15, "regularMarketSource": "FREE_REALTIME", "regularMarketOpen": 68.0, "exchange": "BSE", "exchangeName": "BSE", "exchangeDataDelayedBy": 0, "marketState": "CLOSED", "quoteType": "EQUITY", "symbol": "MEHAI.BO", "underlyingSymbol": null, "shortName": "Mehai Technology  Limited", "longName": "Mehai Technology Limited", "currency": "INR", "quoteSourceName": "Delayed Quote", "currencySymbol": "\u20b9", "fromCurrency": null, "lastMarket": null, "marketCap": 720247488}, "balanceSheetHistory": {"balanceSheetStatements": [{"maxAge": 1, "endDate": "2020-03-31", "cash": 535669, "netReceivables": 118117892, "inventory": 2644400, "totalCurrentAssets": 121297961, "longTermInvestments": 45676, "propertyPlantEquipment": 18242400, "otherAssets": 27544000, "totalAssets": 167130037, "accountsPayable": 36418449, "otherCurrentLiab": 125970, "otherLiab": 2360692, "totalCurrentLiabilities": 38861346, "totalLiab": 41222038, "commonStock": 107100000, "retainedEarnings": 5544466, "capitalSurplus": 13263533, "totalStockholderEquity": 125907999, "netTangibleAssets": 125907999}, {"maxAge": 1, "endDate": "2019-03-31", "cash": 5732640, "netReceivables": 73117528, "inventory": 26738500, "totalCurrentAssets": 105588668, "propertyPlantEquipment": 19786188, "otherAssets": 38905642, "totalAssets": 164280498, "accountsPayable": 27813028, "otherCurrentLiab": 2060917, "otherLiab": 1943404, "deferredLongTermLiab": 1945800, "totalCurrentLiabilities": 35725916, "totalLiab": 37669320, "commonStock": 107100000, "retainedEarnings": 6247645, "capitalSurplus": 13263533, "totalStockholderEquity": 126611178, "netTangibleAssets": 126611178}, {"maxAge": 1, "endDate": "2018-03-31", "cash": 48908978, "netReceivables": 15311431, "inventory": 6716170, "otherCurrentAssets": 47818901, "totalCurrentAssets": 118771850, "propertyPlantEquipment": 18935347, "otherAssets": 3761053, "totalAssets": 141468250, "accountsPayable": 14379741, "otherCurrentLiab": 845000, "otherLiab": 783980, "deferredLongTermLiab": 2431180, "totalCurrentLiabilities": 15477241, "totalLiab": 16261221, "commonStock": 53550000, "retainedEarnings": 4357029, "capitalSurplus": 67300000, "totalStockholderEquity": 125207029, "netTangibleAssets": 125207029}, {"maxAge": 1, "endDate": "2017-03-31", "cash": 30406499, "netReceivables": 34292045, "inventory": 4021250, "totalCurrentAssets": 68719794, "propertyPlantEquipment": 16054035, "otherAssets": 389877, "totalAssets": 85163706, "accountsPayable": 25192207, "otherCurrentLiab": 15390956, "longTermDebt": 32500000, "otherLiab": 7435022, "deferredLongTermLiab": 14004, "totalCurrentLiabilities": 41046770, "totalLiab": 80981792, "commonStock": 850000, "retainedEarnings": 3331914, "totalStockholderEquity": 4181914, "netTangibleAssets": 4181914}], "maxAge": 86400}, "financialData": {"maxAge": 86400, "currentPrice": 67.25, "recommendationKey": "none", "grossProfits": 9643895, "financialCurrency": "INR"}}}