{"MEHIF.BO": {"cashflowStatementHistory": {"cashflowStatements": [{"maxAge": 1, "endDate": "2020-03-31", "netIncome": 2279000, "changeToNetincome": -4039000, "changeToAccountReceivables": -8867000, "changeToLiabilities": 827000, "changeToOperatingActivities": -172000, "totalCashFromOperatingActivities": -9972000, "investments": 5933000, "otherCashflowsFromInvestingActivities": 4039000, "totalCashflowsFromInvestingActivities": 9972000}, {"maxAge": 1, "endDate": "2019-03-31", "netIncome": 1943000, "depreciation": 7000, "changeToNetincome": -1933000, "changeToAccountReceivables": 2233000, "changeToLiabilities": -254000, "changeToOperatingActivities": -33000, "totalCashFromOperatingActivities": 1963000, "investments": -4004000, "otherCashflowsFromInvestingActivities": 2139000, "totalCashflowsFromInvestingActivities": -1865000, "otherCashflowsFromFinancingActivities": -1000, "totalCashFromFinancingActivities": -1000, "changeInCash": 98000}, {"maxAge": 1, "endDate": "2018-03-31", "netIncome": 2108000, "depreciation": 33000, "changeToNetincome": -1933000, "changeToAccountReceivables": 3827000, "changeToLiabilities": 0, "changeToOperatingActivities": 2510000, "totalCashFromOperatingActivities": 8478000, "investments": -8481000, "otherCashflowsFromInvestingActivities": 2139000, "totalCashflowsFromInvestingActivities": -8481000, "otherCashflowsFromFinancingActivities": -1000, "totalCashFromFinancingActivities": -1000, "changeInCash": -3000}, {"maxAge": 1, "endDate": "2017-03-31", "netIncome": 684000, "depreciation": 59000, "changeToNetincome": -779000, "changeToAccountReceivables": -3392000, "changeToLiabilities": 0, "changeToOperatingActivities": 703000, "totalCashFromOperatingActivities": -2725000, "investments": 4447000, "otherCashflowsFromInvestingActivities": 801000, "totalCashflowsFromInvestingActivities": 5266000, "otherCashflowsFromFinancingActivities": -2565000, "totalCashFromFinancingActivities": -2565000, "changeInCash": -24000}], "maxAge": 86400}, "institutionOwnership": {"maxAge": 1, "ownershipList": []}, "balanceSheetHistoryQuarterly": {"balanceSheetStatements": [{"maxAge": 1, "endDate": "2020-06-30", "totalStockholderEquity": 141365000, "netTangibleAssets": 141365000}, {"maxAge": 1, "endDate": "2020-03-31", "cash": 208000, "shortTermInvestments": 449000, "netReceivables": 52943000, "otherCurrentAssets": 354000, "totalCurrentAssets": 53965000, "longTermInvestments": 117838000, "propertyPlantEquipment": 110000, "totalAssets": 171913000, "accountsPayable": 11493000, "longTermDebt": 16525000, "totalCurrentLiabilities": 14023000, "totalLiab": 30548000, "commonStock": 50000000, "retainedEarnings": 97865000, "treasuryStock": -6500000, "otherStockholderEquity": -6500000, "totalStockholderEquity": 141365000, "netTangibleAssets": 141365000}, {"maxAge": 1, "endDate": "2019-12-31", "totalStockholderEquity": 140675000, "netTangibleAssets": 140675000}, {"maxAge": 1, "endDate": "2019-09-30", "cash": 496000, "shortTermInvestments": 449000, "netReceivables": 46080000, "totalCurrentAssets": 47025000, "longTermInvestments": 123250000, "propertyPlantEquipment": 110000, "totalAssets": 170385000, "accountsPayable": 10666000, "otherCurrentLiab": 2500000, "longTermDebt": 16525000, "totalCurrentLiabilities": 13185000, "totalLiab": 29710000, "commonStock": 50000000, "treasuryStock": 90675000, "otherStockholderEquity": 90675000, "totalStockholderEquity": 140675000, "netTangibleAssets": 140675000}], "maxAge": 86400}, "indexTrend": {"maxAge": 1, "symbol": "SP5", "peRatio": 19.7411, "pegRatio": 1.34172, "estimates": [{"period": "0q", "growth": 0.549}, {"period": "+1q", "growth": 0.431}, {"period": "0y", "growth": 0.305}, {"period": "+1y", "growth": 0.109}, {"period": "+5y", "growth": 0.120859005}, {"period": "-5y"}]}, "insiderTransactions": {"transactions": [{"maxAge": 1, "shares": 151272, "filerUrl": "", "transactionText": "", "filerName": "Mehta (Chirag D)", "filerRelation": "Promoter", "moneyText": "", "startDate": "2016-04-11", "ownership": "D"}, {"maxAge": 1, "shares": 363628, "filerUrl": "", "transactionText": "", "filerName": "Mehta (Chirag D)", "filerRelation": "Promoter", "moneyText": "", "startDate": "2016-04-11", "ownership": "D"}, {"maxAge": 1, "shares": 100000, "filerUrl": "", "transactionText": "", "filerName": "Mehta (Bhavna D)", "filerRelation": "Promoter", "moneyText": "", "startDate": "2015-11-26", "ownership": "D"}, {"maxAge": 1, "shares": 100000, "filerUrl": "", "transactionText": "", "filerName": "Mehta (Darshan Vasantlal)", "filerRelation": "Promoter", "moneyText": "", "startDate": "2015-11-26", "ownership": "D"}, {"maxAge": 1, "shares": 23056, "filerUrl": "", "transactionText": "", "filerName": "Mehta (Indira V)", "filerRelation": "Promoter", "moneyText": "", "startDate": "2015-11-26", "ownership": "D"}], "maxAge": 1}, "quoteType": {"exchange": "BSE", "quoteType": "EQUITY", "symbol": "MEHIF.BO", "underlyingSymbol": "MEHIF.BO", "shortName": "MEHTA INTEGRATED FINANCE LTD.", "longName": "Mehta Integrated Finance Limited", "firstTradeDateEpochUtc": "2002-07-12 09:15:00", "timeZoneFullName": "Asia/Kolkata", "timeZoneShortName": "IST", "uuid": "8d42fab0-30cd-34c3-bb20-32f9e0783448", "messageBoardId": null, "gmtOffSetMilliseconds": 19800000, "maxAge": 1}, "incomeStatementHistory": {"incomeStatementHistory": [{"maxAge": 1, "endDate": "2020-03-31", "totalRevenue": 4527000, "costOfRevenue": 0, "grossProfit": 4527000, "researchDevelopment": {}, "sellingGeneralAdministrative": 1315000, "nonRecurring": {}, "otherOperatingExpenses": 933000, "totalOperatingExpenses": 2248000, "operatingIncome": 2279000, "totalOtherIncomeExpenseNet": 0, "ebit": 2279000, "interestExpense": {}, "incomeBeforeTax": 2279000, "incomeTaxExpense": 0, "minorityInterest": {}, "netIncomeFromContinuingOps": 2279000, "discontinuedOperations": {}, "extraordinaryItems": {}, "effectOfAccountingCharges": {}, "otherItems": {}, "netIncome": 2279000, "netIncomeApplicableToCommonShares": 2279000}, {"maxAge": 1, "endDate": "2019-03-31", "totalRevenue": 4414000, "costOfRevenue": 0, "grossProfit": 4414000, "researchDevelopment": {}, "sellingGeneralAdministrative": 1250000, "nonRecurring": {}, "otherOperatingExpenses": 1214000, "totalOperatingExpenses": 2471000, "operatingIncome": 1943000, "totalOtherIncomeExpenseNet": -296000, "ebit": 1943000, "interestExpense": -1000, "incomeBeforeTax": 1943000, "incomeTaxExpense": 0, "minorityInterest": {}, "netIncomeFromContinuingOps": 1943000, "discontinuedOperations": {}, "extraordinaryItems": {}, "effectOfAccountingCharges": {}, "otherItems": {}, "netIncome": 1943000, "netIncomeApplicableToCommonShares": 1943000}, {"maxAge": 1, "endDate": "2018-03-31", "totalRevenue": 5563000, "costOfRevenue": 0, "grossProfit": 5563000, "researchDevelopment": {}, "sellingGeneralAdministrative": 1859000, "nonRecurring": {}, "otherOperatingExpenses": 1563000, "totalOperatingExpenses": 3455000, "operatingIncome": 2108000, "totalOtherIncomeExpenseNet": 0, "ebit": 2108000, "interestExpense": -1000, "incomeBeforeTax": 2108000, "incomeTaxExpense": 0, "minorityInterest": {}, "netIncomeFromContinuingOps": 2108000, "discontinuedOperations": {}, "extraordinaryItems": {}, "effectOfAccountingCharges": {}, "otherItems": {}, "netIncome": 2108000, "netIncomeApplicableToCommonShares": 2108000}, {"maxAge": 1, "endDate": "2017-03-31", "totalRevenue": 3673000, "costOfRevenue": 0, "grossProfit": 3673000, "researchDevelopment": {}, "sellingGeneralAdministrative": 1009000, "nonRecurring": {}, "otherOperatingExpenses": 1925000, "totalOperatingExpenses": 2989000, "operatingIncome": 684000, "totalOtherIncomeExpenseNet": 0, "ebit": 684000, "interestExpense": -1000, "incomeBeforeTax": 684000, "incomeTaxExpense": 0, "minorityInterest": {}, "netIncomeFromContinuingOps": 684000, "discontinuedOperations": {}, "extraordinaryItems": {}, "effectOfAccountingCharges": {}, "otherItems": {}, "netIncome": 684000, "netIncomeApplicableToCommonShares": 684000}], "maxAge": 86400}, "fundOwnership": {"maxAge": 1, "ownershipList": []}, "summaryDetail": {"maxAge": 1, "priceHint": 2, "previousClose": 5.17, "open": 5.27, "dayLow": 5.17, "dayHigh": 5.27, "regularMarketPreviousClose": 5.17, "regularMarketOpen": 5.27, "regularMarketDayLow": 5.17, "regularMarketDayHigh": 5.27, "trailingPE": 14.517906, "volume": 635, "regularMarketVolume": 635, "averageVolume": 118, "averageVolume10days": 16, "averageDailyVolume10Day": 16, "bid": 5.27, "ask": 0.0, "bidSize": 0, "askSize": 0, "marketCap": 26350000, "fiftyTwoWeekLow": 2.4, "fiftyTwoWeekHigh": 7.36, "fiftyDayAverage": 5.0717144, "twoHundredDayAverage": 5.3405795, "currency": "INR", "fromCurrency": null, "toCurrency": null, "lastMarket": null, "algorithm": null, "tradeable": false}, "incomeStatementHistoryQuarterly": {"incomeStatementHistory": [{"maxAge": 1, "endDate": "2020-06-30", "totalRevenue": 11000, "costOfRevenue": 0, "grossProfit": 11000, "researchDevelopment": {}, "sellingGeneralAdministrative": 116000, "nonRecurring": {}, "otherOperatingExpenses": 69000, "totalOperatingExpenses": 185000, "operatingIncome": -174000, "totalOtherIncomeExpenseNet": 0, "ebit": -174000, "interestExpense": {}, "incomeBeforeTax": -174000, "incomeTaxExpense": 0, "minorityInterest": {}, "netIncomeFromContinuingOps": -174000, "discontinuedOperations": {}, "extraordinaryItems": {}, "effectOfAccountingCharges": {}, "otherItems": {}, "netIncome": -174000, "netIncomeApplicableToCommonShares": -174000}, {"maxAge": 1, "endDate": "2020-03-31", "totalRevenue": 1341000, "costOfRevenue": 0, "grossProfit": 1341000, "researchDevelopment": {}, "sellingGeneralAdministrative": 688000, "nonRecurring": {}, "otherOperatingExpenses": 452000, "totalOperatingExpenses": 1140000, "operatingIncome": 201000, "totalOtherIncomeExpenseNet": 354000, "ebit": 201000, "interestExpense": {}, "incomeBeforeTax": 555000, "incomeTaxExpense": 0, "minorityInterest": {}, "netIncomeFromContinuingOps": 555000, "discontinuedOperations": {}, "extraordinaryItems": {}, "effectOfAccountingCharges": {}, "otherItems": {}, "netIncome": 555000, "netIncomeApplicableToCommonShares": 555000}, {"maxAge": 1, "endDate": "2019-12-31", "totalRevenue": 663000, "costOfRevenue": 0, "grossProfit": 663000, "researchDevelopment": {}, "sellingGeneralAdministrative": 314000, "nonRecurring": {}, "otherOperatingExpenses": 213000, "totalOperatingExpenses": 527000, "operatingIncome": 136000, "totalOtherIncomeExpenseNet": 0, "ebit": 136000, "interestExpense": {}, "incomeBeforeTax": 136000, "incomeTaxExpense": 0, "minorityInterest": {}, "netIncomeFromContinuingOps": 136000, "discontinuedOperations": {}, "extraordinaryItems": {}, "effectOfAccountingCharges": {}, "otherItems": {}, "netIncome": 136000, "netIncomeApplicableToCommonShares": 136000}, {"maxAge": 1, "endDate": "2019-09-30", "totalRevenue": 1942000, "costOfRevenue": 0, "grossProfit": 1942000, "researchDevelopment": {}, "sellingGeneralAdministrative": 186000, "nonRecurring": {}, "otherOperatingExpenses": 170000, "totalOperatingExpenses": 356000, "operatingIncome": 1586000, "totalOtherIncomeExpenseNet": 0, "ebit": 1586000, "interestExpense": {}, "incomeBeforeTax": 1586000, "incomeTaxExpense": 0, "minorityInterest": {}, "netIncomeFromContinuingOps": 1586000, "discontinuedOperations": {}, "extraordinaryItems": {}, "effectOfAccountingCharges": {}, "otherItems": {}, "netIncome": 1586000, "netIncomeApplicableToCommonShares": 1586000}], "maxAge": 86400}, "cashflowStatementHistoryQuarterly": {"cashflowStatements": [{"maxAge": 1, "endDate": "2020-06-30", "netIncome": -174000, "changeToLiabilities": 0}, {"maxAge": 1, "endDate": "2020-03-31", "netIncome": 555000, "changeToLiabilities": 0}, {"maxAge": 1, "endDate": "2019-12-31", "netIncome": 136000, "changeToLiabilities": 0}, {"maxAge": 1, "endDate": "2019-09-30", "netIncome": 1586000, "changeToLiabilities": 0}], "maxAge": 86400}, "insiderHolders": {"holders": [{"maxAge": 1, "name": "Mehta (Bhavna D)", "relation": "Promoter", "url": "", "transactionDescription": "Purchase", "latestTransDate": "2015-11-26", "positionDirect": 300000, "positionDirectDate": "2015-11-26"}, {"maxAge": 1, "name": "Mehta (Chirag D)", "relation": "Promoter", "url": "", "transactionDescription": "Sale", "latestTransDate": "2016-04-11", "positionDirect": 59228, "positionDirectDate": "2016-04-11"}, {"maxAge": 1, "name": "Mehta (Darshan Vasantlal)", "relation": "Promoter", "url": "", "transactionDescription": "Purchase", "latestTransDate": "2015-11-26", "positionDirect": 350000, "positionDirectDate": "2015-11-26"}, {"maxAge": 1, "name": "Mehta (Indira V)", "relation": "Promoter", "url": "", "transactionDescription": "Purchase", "latestTransDate": "2015-11-26", "positionDirect": 123056, "positionDirectDate": "2015-11-26"}], "maxAge": 1}, "calendarEvents": {"maxAge": 1, "earnings": {"earningsDate": ["2020-08-13 05:30:S"]}}, "price": {"maxAge": 1, "regularMarketChangePercent": 0.01934234, "regularMarketChange": 0.099999905, "regularMarketTime": "2021-04-30 14:34:55", "priceHint": 2, "regularMarketPrice": 5.27, "regularMarketDayHigh": 5.27, "regularMarketDayLow": 5.17, "regularMarketVolume": 635, "averageDailyVolume10Day": 16, "averageDailyVolume3Month": 118, "regularMarketPreviousClose": 5.17, "regularMarketSource": "FREE_REALTIME", "regularMarketOpen": 5.27, "exchange": "BSE", "exchangeName": "BSE", "exchangeDataDelayedBy": 0, "marketState": "CLOSED", "quoteType": "EQUITY", "symbol": "MEHIF.BO", "underlyingSymbol": null, "shortName": "MEHTA INTEGRATED FINANCE LTD.", "longName": "Mehta Integrated Finance Limited", "currency": "INR", "quoteSourceName": "Delayed Quote", "currencySymbol": "\u20b9", "fromCurrency": null, "toCurrency": null, "lastMarket": null, "marketCap": 26350000}, "balanceSheetHistory": {"balanceSheetStatements": [{"maxAge": 1, "endDate": "2020-03-31", "cash": 208000, "shortTermInvestments": 449000, "netReceivables": 52943000, "otherCurrentAssets": 354000, "totalCurrentAssets": 53965000, "longTermInvestments": 117838000, "propertyPlantEquipment": 110000, "totalAssets": 171913000, "accountsPayable": 11493000, "longTermDebt": 16525000, "totalCurrentLiabilities": 14023000, "totalLiab": 30548000, "commonStock": 50000000, "retainedEarnings": 97865000, "treasuryStock": -6500000, "otherStockholderEquity": -6500000, "totalStockholderEquity": 141365000, "netTangibleAssets": 141365000}, {"maxAge": 1, "endDate": "2019-03-31", "cash": 208000, "shortTermInvestments": 449000, "netReceivables": 44076000, "otherCurrentAssets": 197000, "totalCurrentAssets": 44930000, "longTermInvestments": 123771000, "propertyPlantEquipment": 110000, "totalAssets": 168811000, "accountsPayable": 10666000, "shortLongTermDebt": 10666000, "otherCurrentLiab": 15000, "longTermDebt": 16525000, "totalCurrentLiabilities": 13200000, "totalLiab": 29725000, "commonStock": 50000000, "retainedEarnings": 95586000, "treasuryStock": -6500000, "otherStockholderEquity": -6500000, "totalStockholderEquity": 139086000, "netTangibleAssets": 139086000}, {"maxAge": 1, "endDate": "2018-03-31", "cash": 110000, "shortTermInvestments": 449000, "netReceivables": 46309000, "otherCurrentAssets": 154000, "totalCurrentAssets": 47022000, "longTermInvestments": 119973000, "propertyPlantEquipment": 117000, "totalAssets": 167112000, "accountsPayable": 10920000, "otherCurrentLiab": 6000, "longTermDebt": 16525000, "totalCurrentLiabilities": 13444000, "totalLiab": 29969000, "commonStock": 50000000, "retainedEarnings": 93643000, "treasuryStock": -6500000, "otherStockholderEquity": -6500000, "totalStockholderEquity": 137143000, "netTangibleAssets": 137143000}, {"maxAge": 1, "endDate": "2017-03-31", "cash": 113000, "shortTermInvestments": 449000, "netReceivables": 50136000, "otherCurrentAssets": 3913000, "totalCurrentAssets": 54614000, "longTermInvestments": 111492000, "propertyPlantEquipment": 150000, "totalAssets": 166256000, "accountsPayable": 12169000, "longTermDebt": 16525000, "totalCurrentLiabilities": 14696000, "totalLiab": 31221000, "commonStock": 50000000, "retainedEarnings": 91535000, "treasuryStock": -6500000, "otherStockholderEquity": -6500000, "totalStockholderEquity": 135035000, "netTangibleAssets": 135035000}], "maxAge": 86400}, "financialData": {"maxAge": 86400, "currentPrice": 5.27, "recommendationKey": "none", "grossProfits": 4527000, "financialCurrency": "INR"}}}