{"MELSTAR.BO": {"cashflowStatementHistory": {"cashflowStatements": [{"maxAge": 1, "endDate": "2019-03-31", "netIncome": -1011000, "depreciation": 104000, "changeToNetincome": 11972000, "changeToAccountReceivables": 7643000, "changeToLiabilities": 3908000, "changeToOperatingActivities": -98183000, "totalCashFromOperatingActivities": -75562000, "totalCashflowsFromInvestingActivities": 86066000, "otherCashflowsFromFinancingActivities": -12063000, "totalCashFromFinancingActivities": -12063000, "changeInCash": -1559000}, {"maxAge": 1, "endDate": "2018-03-31", "netIncome": -27176000, "depreciation": 2840000, "changeToNetincome": 22932000, "changeToAccountReceivables": 9135000, "changeToLiabilities": 13579000, "changeToOperatingActivities": -25469000, "totalCashFromOperatingActivities": -4153000, "totalCashflowsFromInvestingActivities": 3995000, "netBorrowings": 19555000, "otherCashflowsFromFinancingActivities": -18907000, "totalCashFromFinancingActivities": 648000, "changeInCash": 490000}, {"maxAge": 1, "endDate": "2017-03-31", "netIncome": -38857000, "depreciation": 6326000, "changeToNetincome": 29420000, "changeToAccountReceivables": 20790000, "changeToLiabilities": -23529000, "changeToOperatingActivities": 19067000, "totalCashFromOperatingActivities": 13234000, "capitalExpenditures": -288000, "investments": 4860000, "otherCashflowsFromInvestingActivities": 18000, "totalCashflowsFromInvestingActivities": 4590000, "netBorrowings": -189000, "otherCashflowsFromFinancingActivities": -16549000, "totalCashFromFinancingActivities": -16738000, "changeInCash": 1086000}, {"maxAge": 1, "endDate": "2016-03-31", "netIncome": -3778813, "depreciation": 6898826, "changeToNetincome": -1456400, "changeToAccountReceivables": -37200926, "changeToLiabilities": 51019067, "changeToOperatingActivities": 19067000, "totalCashFromOperatingActivities": 15525159, "capitalExpenditures": -16024617, "investments": 4860000, "otherCashflowsFromInvestingActivities": 25893, "totalCashflowsFromInvestingActivities": -23972964, "netBorrowings": 23558479, "otherCashflowsFromFinancingActivities": -15455313, "totalCashFromFinancingActivities": 8103166, "changeInCash": -344639}], "maxAge": 86400}, "institutionOwnership": {"ownershipList": [], "maxAge": 1}, "balanceSheetHistoryQuarterly": {"balanceSheetStatements": [{"maxAge": 1, "endDate": "2019-12-31", "totalStockholderEquity": -15495000, "netTangibleAssets": -15499000}, {"maxAge": 1, "endDate": "2019-09-30", "cash": 9605000, "netReceivables": 77204000, "otherCurrentAssets": 12294000, "totalCurrentAssets": 99103000, "longTermInvestments": 19075000, "propertyPlantEquipment": 19972000, "intangibleAssets": 4000, "otherAssets": 5051000, "totalAssets": 143205000, "accountsPayable": 71567000, "otherCurrentLiab": 30718000, "otherLiab": 3510000, "totalCurrentLiabilities": 133783000, "totalLiab": 158700000, "commonStock": 142831000, "treasuryStock": -158326000, "otherStockholderEquity": -158326000, "totalStockholderEquity": -15495000, "netTangibleAssets": -15499000}, {"maxAge": 1, "endDate": "2019-06-30", "totalStockholderEquity": 11500000, "netTangibleAssets": 11500000}, {"maxAge": 1, "endDate": "2019-03-31", "cash": 268000, "netReceivables": 13776000, "otherCurrentAssets": 101715000, "totalCurrentAssets": 115759000, "longTermInvestments": 19075000, "propertyPlantEquipment": 128000, "intangibleAssets": 7000, "otherAssets": 2901000, "totalAssets": 137870000, "accountsPayable": 72495000, "otherCurrentLiab": 24051000, "otherLiab": 3281000, "totalCurrentLiabilities": 123044000, "totalLiab": 126325000, "commonStock": 142831000, "retainedEarnings": -132054000, "treasuryStock": 768000, "otherStockholderEquity": 768000, "totalStockholderEquity": 11545000, "netTangibleAssets": 11538000}], "maxAge": 86400}, "indexTrend": {"maxAge": 1, "symbol": "SP5", "peRatio": 19.7411, "pegRatio": 1.34172, "estimates": [{"period": "0q", "growth": 0.549}, {"period": "+1q", "growth": 0.431}, {"period": "0y", "growth": 0.305}, {"period": "+1y", "growth": 0.109}, {"period": "+5y", "growth": 0.120865}, {"period": "-5y"}]}, "quoteType": {"exchange": "BSE", "quoteType": "EQUITY", "symbol": "MELSTAR.BO", "underlyingSymbol": "MELSTAR.BO", "shortName": "MELSTAR INFORMATION TECHNOLOGI", "longName": "Melstar Information Technologies Limited", "firstTradeDateEpochUtc": "2000-04-13 09:15:00", "timeZoneFullName": "Asia/Kolkata", "timeZoneShortName": "IST", "uuid": "ff2915f9-83b5-3a14-9714-ad90c1f7803f", "gmtOffSetMilliseconds": 19800000, "maxAge": 1}, "incomeStatementHistory": {"incomeStatementHistory": [{"maxAge": 1, "endDate": "2019-03-31", "totalRevenue": 34272000, "costOfRevenue": 49419000, "grossProfit": -15147000, "researchDevelopment": {}, "sellingGeneralAdministrative": 5664000, "nonRecurring": {}, "otherOperatingExpenses": 23834000, "totalOperatingExpenses": 79023000, "operatingIncome": -44751000, "totalOtherIncomeExpenseNet": 43775000, "ebit": -44751000, "interestExpense": -8563000, "incomeBeforeTax": -976000, "incomeTaxExpense": 35000, "minorityInterest": {}, "netIncomeFromContinuingOps": -1011000, "discontinuedOperations": {}, "extraordinaryItems": {}, "effectOfAccountingCharges": {}, "otherItems": {}, "netIncome": -1011000, "netIncomeApplicableToCommonShares": -1011000}, {"maxAge": 1, "endDate": "2018-03-31", "totalRevenue": 33497000, "costOfRevenue": 47330000, "grossProfit": -13833000, "researchDevelopment": {}, "sellingGeneralAdministrative": 6631000, "nonRecurring": {}, "otherOperatingExpenses": 11777000, "totalOperatingExpenses": 68581000, "operatingIncome": -35084000, "totalOtherIncomeExpenseNet": 9765000, "ebit": -35084000, "interestExpense": -19092000, "incomeBeforeTax": -25319000, "incomeTaxExpense": 1857000, "minorityInterest": {}, "netIncomeFromContinuingOps": -27176000, "discontinuedOperations": {}, "extraordinaryItems": {}, "effectOfAccountingCharges": {}, "otherItems": {}, "netIncome": -27176000, "netIncomeApplicableToCommonShares": -27176000}, {"maxAge": 1, "endDate": "2017-03-31", "totalRevenue": 210171000, "costOfRevenue": 150096000, "grossProfit": 60075000, "researchDevelopment": {}, "sellingGeneralAdministrative": 3719000, "nonRecurring": {}, "otherOperatingExpenses": 72341000, "totalOperatingExpenses": 232495000, "operatingIncome": -22324000, "totalOtherIncomeExpenseNet": -16314000, "ebit": -22324000, "interestExpense": -16234000, "incomeBeforeTax": -38638000, "incomeTaxExpense": 219000, "minorityInterest": {}, "netIncomeFromContinuingOps": -38857000, "discontinuedOperations": {}, "extraordinaryItems": {}, "effectOfAccountingCharges": {}, "otherItems": {}, "netIncome": -38857000, "netIncomeApplicableToCommonShares": -38857000}, {"maxAge": 1, "endDate": "2016-03-31", "totalRevenue": 315274104, "costOfRevenue": 171529659, "grossProfit": 143744445, "researchDevelopment": {}, "sellingGeneralAdministrative": 2731141, "nonRecurring": {}, "otherOperatingExpenses": 122231884, "totalOperatingExpenses": 303430941, "operatingIncome": 11843163, "totalOtherIncomeExpenseNet": -15254683, "ebit": 11843163, "interestExpense": -15461182, "incomeBeforeTax": -3411520, "incomeTaxExpense": 367293, "minorityInterest": {}, "netIncomeFromContinuingOps": -3778813, "discontinuedOperations": {}, "extraordinaryItems": {}, "effectOfAccountingCharges": {}, "otherItems": {}, "netIncome": -3778813, "netIncomeApplicableToCommonShares": -3778813}], "maxAge": 86400}, "fundOwnership": {"ownershipList": [], "maxAge": 1}, "summaryDetail": {"maxAge": 1, "priceHint": 4, "previousClose": 1.9, "open": 1.89, "dayLow": 1.89, "dayHigh": 1.98, "regularMarketPreviousClose": 1.9, "regularMarketOpen": 1.89, "regularMarketDayLow": 1.89, "regularMarketDayHigh": 1.98, "volume": 2447, "regularMarketVolume": 2447, "averageVolume": 5976, "averageVolume10days": 10176, "averageDailyVolume10Day": 10176, "bid": 1.91, "ask": 0.0, "bidSize": 0, "askSize": 0, "marketCap": 27137890, "fiftyTwoWeekLow": 1.67, "fiftyTwoWeekHigh": 5.32, "fiftyDayAverage": 2.4536364, "twoHundredDayAverage": 2.4016912, "currency": "INR", "fromCurrency": null, "lastMarket": null, "algorithm": null, "tradeable": false}, "incomeStatementHistoryQuarterly": {"incomeStatementHistory": [{"maxAge": 1, "endDate": "2019-12-31", "totalRevenue": 32936000, "costOfRevenue": 28227000, "grossProfit": 4709000, "researchDevelopment": {}, "sellingGeneralAdministrative": {}, "nonRecurring": {}, "otherOperatingExpenses": 12355000, "totalOperatingExpenses": 35200000, "operatingIncome": -2264000, "totalOtherIncomeExpenseNet": -666000, "ebit": -2264000, "interestExpense": -1109000, "incomeBeforeTax": -2930000, "incomeTaxExpense": 0, "minorityInterest": {}, "netIncomeFromContinuingOps": -2930000, "discontinuedOperations": {}, "extraordinaryItems": {}, "effectOfAccountingCharges": {}, "otherItems": {}, "netIncome": -2930000, "netIncomeApplicableToCommonShares": -2930000}, {"maxAge": 1, "endDate": "2019-09-30", "totalRevenue": 30231000, "costOfRevenue": 26187000, "grossProfit": 4044000, "researchDevelopment": {}, "sellingGeneralAdministrative": {}, "nonRecurring": {}, "otherOperatingExpenses": 16633000, "totalOperatingExpenses": 47513000, "operatingIncome": -17282000, "totalOtherIncomeExpenseNet": -1668000, "ebit": -17282000, "interestExpense": -1738000, "incomeBeforeTax": -18950000, "incomeTaxExpense": 0, "minorityInterest": {}, "netIncomeFromContinuingOps": -18950000, "discontinuedOperations": {}, "extraordinaryItems": {}, "effectOfAccountingCharges": {}, "otherItems": {}, "netIncome": -18950000, "netIncomeApplicableToCommonShares": -18950000}, {"maxAge": 1, "endDate": "2019-06-30", "totalRevenue": 22139000, "costOfRevenue": 20764000, "grossProfit": 1375000, "researchDevelopment": {}, "sellingGeneralAdministrative": {}, "nonRecurring": {}, "otherOperatingExpenses": 6378000, "totalOperatingExpenses": 27872000, "operatingIncome": -5733000, "totalOtherIncomeExpenseNet": -1239000, "ebit": -5733000, "interestExpense": -1465000, "incomeBeforeTax": -6972000, "incomeTaxExpense": 0, "minorityInterest": {}, "netIncomeFromContinuingOps": -6972000, "discontinuedOperations": {}, "extraordinaryItems": {}, "effectOfAccountingCharges": {}, "otherItems": {}, "netIncome": -6972000, "netIncomeApplicableToCommonShares": -6972000}, {"maxAge": 1, "endDate": "2019-03-31", "totalRevenue": 8856000, "costOfRevenue": 14101000, "grossProfit": -5245000, "researchDevelopment": {}, "sellingGeneralAdministrative": 5664000, "nonRecurring": {}, "otherOperatingExpenses": 6746000, "totalOperatingExpenses": 26522000, "operatingIncome": -17666000, "totalOtherIncomeExpenseNet": 39196000, "ebit": -17666000, "interestExpense": -1465000, "incomeBeforeTax": 21530000, "incomeTaxExpense": 35000, "minorityInterest": {}, "netIncomeFromContinuingOps": 21495000, "discontinuedOperations": {}, "extraordinaryItems": {}, "effectOfAccountingCharges": {}, "otherItems": {}, "netIncome": 21495000, "netIncomeApplicableToCommonShares": 21495000}], "maxAge": 86400}, "cashflowStatementHistoryQuarterly": {"cashflowStatements": [{"maxAge": 1, "endDate": "2019-12-31", "netIncome": -2930000, "changeToLiabilities": 0}, {"maxAge": 1, "endDate": "2019-09-30", "netIncome": -18950000, "changeToLiabilities": 0}, {"maxAge": 1, "endDate": "2019-06-30", "netIncome": -6972000, "changeToLiabilities": 0}, {"maxAge": 1, "endDate": "2019-03-31", "netIncome": 21495000, "changeToLiabilities": 0}], "maxAge": 86400}, "insiderHolders": {"holders": [], "maxAge": 1}, "calendarEvents": {"maxAge": 1, "earnings": {"earningsDate": ["2020-02-13 05:30:S"]}}, "upgradeDowngradeHistory": {"history": [], "maxAge": 86400}, "price": {"maxAge": 1, "regularMarketChangePercent": 0.0, "regularMarketChange": 0.0, "regularMarketTime": "2021-04-28 15:26:27", "priceHint": 4, "regularMarketPrice": 1.9, "regularMarketDayHigh": 1.98, "regularMarketDayLow": 1.89, "regularMarketVolume": 2447, "averageDailyVolume10Day": 10176, "averageDailyVolume3Month": 5976, "regularMarketPreviousClose": 1.9, "regularMarketSource": "FREE_REALTIME", "regularMarketOpen": 1.89, "exchange": "BSE", "exchangeName": "BSE", "exchangeDataDelayedBy": 0, "marketState": "CLOSED", "quoteType": "EQUITY", "symbol": "MELSTAR.BO", "underlyingSymbol": null, "shortName": "MELSTAR INFORMATION TECHNOLOGI", "longName": "Melstar Information Technologies Limited", "currency": "INR", "quoteSourceName": "Delayed Quote", "currencySymbol": "\u20b9", "fromCurrency": null, "lastMarket": null, "marketCap": 27137890}, "balanceSheetHistory": {"balanceSheetStatements": [{"maxAge": 1, "endDate": "2019-03-31", "cash": 268000, "netReceivables": 13776000, "otherCurrentAssets": 101715000, "totalCurrentAssets": 115759000, "longTermInvestments": 19075000, "propertyPlantEquipment": 128000, "intangibleAssets": 7000, "otherAssets": 2901000, "totalAssets": 137870000, "accountsPayable": 72495000, "otherCurrentLiab": 24051000, "otherLiab": 3281000, "totalCurrentLiabilities": 123044000, "totalLiab": 126325000, "commonStock": 142831000, "retainedEarnings": -132054000, "treasuryStock": 768000, "otherStockholderEquity": 768000, "totalStockholderEquity": 11545000, "netTangibleAssets": 11538000}, {"maxAge": 1, "endDate": "2018-03-31", "cash": 1827000, "netReceivables": 18919000, "otherCurrentAssets": 100535000, "totalCurrentAssets": 121281000, "longTermInvestments": 22575000, "propertyPlantEquipment": 62751000, "intangibleAssets": 23559000, "otherAssets": 4132000, "totalAssets": 234298000, "accountsPayable": 68587000, "shortLongTermDebt": 145000, "otherCurrentLiab": 29653000, "otherLiab": 4460000, "totalCurrentLiabilities": 217191000, "totalLiab": 221651000, "commonStock": 142831000, "retainedEarnings": -130952000, "treasuryStock": 768000, "otherStockholderEquity": 768000, "totalStockholderEquity": 12647000, "netTangibleAssets": -10912000}, {"maxAge": 1, "endDate": "2017-03-31", "cash": 1338000, "netReceivables": 26487000, "otherCurrentAssets": 94632000, "totalCurrentAssets": 122457000, "longTermInvestments": 4640000, "propertyPlantEquipment": 69586000, "intangibleAssets": 23565000, "otherAssets": 4453000, "totalAssets": 224701000, "accountsPayable": 55007000, "shortLongTermDebt": 189000, "otherCurrentLiab": 22256000, "longTermDebt": 145000, "otherLiab": 4372000, "totalCurrentLiabilities": 179876000, "totalLiab": 184393000, "commonStock": 142831000, "retainedEarnings": -103291000, "treasuryStock": 768000, "otherStockholderEquity": 768000, "totalStockholderEquity": 40308000, "netTangibleAssets": 16743000}, {"maxAge": 1, "endDate": "2016-03-31", "cash": 868579, "netReceivables": 99806855, "inventory": 4483761, "otherCurrentAssets": 24191357, "totalCurrentAssets": 129350552, "longTermInvestments": 3500000, "propertyPlantEquipment": 76490297, "goodWill": 7974705, "intangibleAssets": 23307037, "otherAssets": 51201461, "totalAssets": 291824052, "accountsPayable": 81320074, "shortLongTermDebt": 617013, "otherCurrentLiab": 5082690, "longTermDebt": 1172891, "otherLiab": 5278853, "totalCurrentLiabilities": 211600568, "totalLiab": 218052312, "commonStock": 142831390, "retainedEarnings": -147149384, "treasuryStock": 10618760, "capitalSurplus": 67470974, "otherStockholderEquity": 10618760, "totalStockholderEquity": 73771740, "netTangibleAssets": 42489998}], "maxAge": 86400}, "financialData": {"maxAge": 86400, "currentPrice": 1.9, "recommendationKey": "none", "grossProfits": -15147000, "financialCurrency": "INR"}}}