{"MELSTAR.NS": {"assetProfile": {"address1": "159, Industry House", "address2": "5th Floor Reclamation Churchgate", "city": "Mumbai", "zip": "400020", "country": "India", "phone": "91 22 6235 6400", "fax": "91 22 6235 6402", "website": "http://www.melstar.com", "industry": "Software\u2014Application", "sector": "Technology", "longBusinessSummary": "Melstar Information Technologies Limited, a software services company, provides various information technology (IT) solutions primarily to banking, insurance, government, education, healthcare, and IT sectors in India and internationally. It offers application development services; application management, maintenance, and support services; packaged application services, including consulting, implementation, application maintenance and support, upgrades, and testing in the areas of enterprise resource planning; testing and applications modernization services; and other technology services. In addition, the company provides man power supply services. Melstar Information Technologies Limited was incorporated in 1986 and is based in Mumbai, India.", "fullTimeEmployees": 81, "companyOfficers": [{"maxAge": 1, "name": "Mr. Anant Satish Pathak", "age": 36, "title": "MD & Additional Exec. Director", "yearBorn": 1984, "fiscalYear": 2020, "totalPay": 0, "exercisedValue": 0, "unexercisedValue": 0}, {"maxAge": 1, "name": "Mr. Ashok  Waykul", "title": "Chief Operating Officer", "exercisedValue": 0, "unexercisedValue": 0}, {"maxAge": 1, "name": "Mr. Yashovardhan  Birla", "age": 53, "title": "Head of Strategic Bus.", "yearBorn": 1967, "fiscalYear": 2016, "exercisedValue": 0, "unexercisedValue": 0}], "compensationAsOfEpochDate": "2020-12-31 05:30:00", "maxAge": 86400}, "cashflowStatementHistory": {"cashflowStatements": [{"maxAge": 1, "endDate": "2020-03-31", "netIncome": -46504000, "depreciation": 49000, "changeToNetincome": 20395000, "changeToAccountReceivables": -20525000, "changeToLiabilities": 2985000, "changeToOperatingActivities": 59097000, "totalCashFromOperatingActivities": 15503000, "capitalExpenditures": -56000, "totalCashflowsFromInvestingActivities": -56000, "otherCashflowsFromFinancingActivities": -2761000, "totalCashFromFinancingActivities": -2761000, "changeInCash": 12686000}, {"maxAge": 1, "endDate": "2019-03-31", "netIncome": -1011000, "depreciation": 104000, "changeToNetincome": 12098000, "changeToAccountReceivables": 7643000, "changeToLiabilities": 3908000, "changeToOperatingActivities": -98309000, "totalCashFromOperatingActivities": -75562000, "capitalExpenditures": -56000, "totalCashflowsFromInvestingActivities": 86066000, "otherCashflowsFromFinancingActivities": -12063000, "totalCashFromFinancingActivities": -12063000, "changeInCash": -1559000}, {"maxAge": 1, "endDate": "2018-03-31", "netIncome": -27176000, "depreciation": 2840000, "changeToNetincome": 22932000, "changeToAccountReceivables": 9135000, "changeToLiabilities": 13579000, "changeToOperatingActivities": -25469000, "totalCashFromOperatingActivities": -4153000, "capitalExpenditures": -56000, "totalCashflowsFromInvestingActivities": 3995000, "netBorrowings": 19555000, "otherCashflowsFromFinancingActivities": -18907000, "totalCashFromFinancingActivities": 648000, "changeInCash": 490000}, {"maxAge": 1, "endDate": "2017-03-31", "netIncome": -38857000, "depreciation": 6326000, "changeToNetincome": 29420000, "changeToAccountReceivables": 20790000, "changeToLiabilities": -23529000, "changeToOperatingActivities": 19067000, "totalCashFromOperatingActivities": 13234000, "capitalExpenditures": -288000, "investments": 4860000, "otherCashflowsFromInvestingActivities": 18000, "totalCashflowsFromInvestingActivities": 4590000, "netBorrowings": -189000, "otherCashflowsFromFinancingActivities": -16549000, "totalCashFromFinancingActivities": -16738000, "changeInCash": 1086000}], "maxAge": 86400}, "institutionOwnership": {"ownershipList": [], "maxAge": 1}, "majorHoldersBreakdown": {"maxAge": 1, "insidersPercentHeld": 0.50615, "institutionsPercentHeld": 0.0, "institutionsFloatPercentHeld": 0.0, "institutionsCount": 0}, "balanceSheetHistoryQuarterly": {"balanceSheetStatements": [{"maxAge": 1, "endDate": "2020-12-31", "totalStockholderEquity": -39579000, "netTangibleAssets": -39579000}, {"maxAge": 1, "endDate": "2020-09-30", "cash": 10699000, "netReceivables": 84591000, "otherCurrentAssets": 12487000, "totalCurrentAssets": 107777000, "longTermInvestments": 1435000, "propertyPlantEquipment": 112000, "otherAssets": 3618000, "totalAssets": 112942000, "accountsPayable": 71819000, "otherCurrentLiab": 45086000, "otherLiab": 3016000, "totalCurrentLiabilities": 149505000, "totalLiab": 152521000, "commonStock": 142831000, "treasuryStock": -182410000, "otherStockholderEquity": -182410000, "totalStockholderEquity": -39579000, "netTangibleAssets": -39579000}, {"maxAge": 1, "endDate": "2020-06-30", "totalStockholderEquity": -34943000, "netTangibleAssets": -34944000}, {"maxAge": 1, "endDate": "2020-03-31", "cash": 12954000, "netReceivables": 37672000, "otherCurrentAssets": 63320000, "totalCurrentAssets": 113946000, "longTermInvestments": 1435000, "propertyPlantEquipment": 135000, "intangibleAssets": 1000, "otherAssets": 4968000, "totalAssets": 120485000, "accountsPayable": 75480000, "otherCurrentLiab": 44332000, "otherLiab": 3016000, "totalCurrentLiabilities": 152412000, "totalLiab": 155428000, "commonStock": 142831000, "retainedEarnings": -178542000, "treasuryStock": 768000, "otherStockholderEquity": 768000, "totalStockholderEquity": -34943000, "netTangibleAssets": -34944000}], "maxAge": 86400}, "indexTrend": {"maxAge": 1, "symbol": "SP5", "peRatio": 19.7411, "pegRatio": 1.34172, "estimates": [{"period": "0q", "growth": 0.549}, {"period": "+1q", "growth": 0.431}, {"period": "0y", "growth": 0.305}, {"period": "+1y", "growth": 0.109}, {"period": "+5y", "growth": 0.120865}, {"period": "-5y"}]}, "defaultKeyStatistics": {"maxAge": 1, "priceHint": 4, "enterpriseValue": 46787664, "profitMargins": -0.55083, "floatShares": 6497078, "sharesOutstanding": 14283100, "heldPercentInsiders": 0.50615, "heldPercentInstitutions": 0.0, "beta": 0.647327, "category": null, "bookValue": -2.756, "fundFamily": null, "legalType": null, "lastFiscalYearEnd": "2020-03-31 05:30:00", "nextFiscalYearEnd": "2022-03-31 05:30:00", "mostRecentQuarter": "2020-12-31 05:30:00", "netIncomeToCommon": -24372000, "trailingEps": -1.705, "lastSplitFactor": null, "enterpriseToRevenue": 1.057, "enterpriseToEbitda": -1.888}, "summaryProfile": {"address1": "159, Industry House", "address2": "5th Floor Reclamation Churchgate", "city": "Mumbai", "zip": "400020", "country": "India", "phone": "91 22 6235 6400", "fax": "91 22 6235 6402", "website": "http://www.melstar.com", "industry": "Software\u2014Application", "sector": "Technology", "longBusinessSummary": "Melstar Information Technologies Limited, a software services company, provides various information technology (IT) solutions primarily to banking, insurance, government, education, healthcare, and IT sectors in India and internationally. It offers application development services; application management, maintenance, and support services; packaged application services, including consulting, implementation, application maintenance and support, upgrades, and testing in the areas of enterprise resource planning; testing and applications modernization services; and other technology services. In addition, the company provides man power supply services. Melstar Information Technologies Limited was incorporated in 1986 and is based in Mumbai, India.", "fullTimeEmployees": 81, "companyOfficers": [], "maxAge": 86400}, "netSharePurchaseActivity": {"maxAge": 1, "period": "6m", "buyInfoCount": 0, "buyInfoShares": 0, "sellInfoCount": 0, "netInfoCount": 0, "netInfoShares": 0, "netPercentInsiderShares": 0.0, "totalInsiderShares": 7032110}, "quoteType": {"exchange": "NSI", "quoteType": "EQUITY", "symbol": "MELSTAR.NS", "underlyingSymbol": "MELSTAR.NS", "shortName": "MELSTAR INFORMATIO", "longName": "Melstar Information Technologies Limited", "firstTradeDateEpochUtc": "2002-08-15 09:15:00", "timeZoneFullName": "Asia/Kolkata", "timeZoneShortName": "IST", "uuid": "c0d59dc3-2618-32c2-94d9-362a67dbbb27", "gmtOffSetMilliseconds": 19800000, "maxAge": 1}, "incomeStatementHistory": {"incomeStatementHistory": [{"maxAge": 1, "endDate": "2020-03-31", "totalRevenue": 112140000, "costOfRevenue": 99942000, "grossProfit": 12198000, "researchDevelopment": {}, "sellingGeneralAdministrative": 19274000, "nonRecurring": {}, "otherOperatingExpenses": 35478000, "totalOperatingExpenses": 154749000, "operatingIncome": -42609000, "totalOtherIncomeExpenseNet": -3901000, "ebit": -42609000, "interestExpense": -2761000, "incomeBeforeTax": -46510000, "incomeTaxExpense": -6000, "minorityInterest": {}, "netIncomeFromContinuingOps": -46504000, "discontinuedOperations": {}, "extraordinaryItems": {}, "effectOfAccountingCharges": {}, "otherItems": {}, "netIncome": -46504000, "netIncomeApplicableToCommonShares": -46504000}, {"maxAge": 1, "endDate": "2019-03-31", "totalRevenue": 41800000, "costOfRevenue": 49419000, "grossProfit": -7619000, "researchDevelopment": {}, "sellingGeneralAdministrative": 5664000, "nonRecurring": {}, "otherOperatingExpenses": 47381000, "totalOperatingExpenses": 102570000, "operatingIncome": -60770000, "totalOtherIncomeExpenseNet": 59794000, "ebit": -60770000, "interestExpense": -8563000, "incomeBeforeTax": -976000, "incomeTaxExpense": 35000, "minorityInterest": {}, "netIncomeFromContinuingOps": -1011000, "discontinuedOperations": {}, "extraordinaryItems": {}, "effectOfAccountingCharges": {}, "otherItems": {}, "netIncome": -1011000, "netIncomeApplicableToCommonShares": -1011000}, {"maxAge": 1, "endDate": "2018-03-31", "totalRevenue": 33497000, "costOfRevenue": 47330000, "grossProfit": -13833000, "researchDevelopment": {}, "sellingGeneralAdministrative": 6631000, "nonRecurring": {}, "otherOperatingExpenses": 11777000, "totalOperatingExpenses": 68581000, "operatingIncome": -35084000, "totalOtherIncomeExpenseNet": 9765000, "ebit": -35084000, "interestExpense": -19092000, "incomeBeforeTax": -25319000, "incomeTaxExpense": 1857000, "minorityInterest": {}, "netIncomeFromContinuingOps": -27176000, "discontinuedOperations": {}, "extraordinaryItems": {}, "effectOfAccountingCharges": {}, "otherItems": {}, "netIncome": -27176000, "netIncomeApplicableToCommonShares": -27176000}, {"maxAge": 1, "endDate": "2017-03-31", "totalRevenue": 210171000, "costOfRevenue": 150096000, "grossProfit": 60075000, "researchDevelopment": {}, "sellingGeneralAdministrative": 3719000, "nonRecurring": {}, "otherOperatingExpenses": 72341000, "totalOperatingExpenses": 232495000, "operatingIncome": -22324000, "totalOtherIncomeExpenseNet": -16314000, "ebit": -22324000, "interestExpense": -16234000, "incomeBeforeTax": -38638000, "incomeTaxExpense": 219000, "minorityInterest": {}, "netIncomeFromContinuingOps": -38857000, "discontinuedOperations": {}, "extraordinaryItems": {}, "effectOfAccountingCharges": {}, "otherItems": {}, "netIncome": -38857000, "netIncomeApplicableToCommonShares": -38857000}], "maxAge": 86400}, "fundOwnership": {"ownershipList": [], "maxAge": 1}, "summaryDetail": {"maxAge": 1, "priceHint": 4, "previousClose": 2.0, "open": 2.1, "dayLow": 1.95, "dayHigh": 2.1, "regularMarketPreviousClose": 2.0, "regularMarketOpen": 2.1, "regularMarketDayLow": 1.95, "regularMarketDayHigh": 2.1, "exDividendDate": "2001-07-10 05:30:00", "payoutRatio": 0.0, "beta": 0.647327, "volume": 3439, "regularMarketVolume": 3439, "averageVolume": 4575, "averageVolume10days": 622, "averageDailyVolume10Day": 622, "bid": 0.0, "ask": 0.0, "bidSize": 0, "askSize": 0, "marketCap": 27138000, "fiftyTwoWeekLow": 1.65, "fiftyTwoWeekHigh": 4.9, "priceToSalesTrailing12Months": 0.6133436, "fiftyDayAverage": 1.8560606, "twoHundredDayAverage": 2.0057142, "currency": "INR", "fromCurrency": null, "lastMarket": null, "algorithm": null, "tradeable": false}, "incomeStatementHistoryQuarterly": {"incomeStatementHistory": [{"maxAge": 1, "endDate": "2020-12-31", "totalRevenue": 5297000, "costOfRevenue": 5980000, "grossProfit": -683000, "researchDevelopment": {}, "sellingGeneralAdministrative": {}, "nonRecurring": {}, "otherOperatingExpenses": 1390000, "totalOperatingExpenses": 7381000, "operatingIncome": -2084000, "totalOtherIncomeExpenseNet": 0, "ebit": -2084000, "interestExpense": {}, "incomeBeforeTax": -2084000, "incomeTaxExpense": 0, "minorityInterest": {}, "netIncomeFromContinuingOps": -2084000, "discontinuedOperations": {}, "extraordinaryItems": {}, "effectOfAccountingCharges": {}, "otherItems": {}, "netIncome": -2084000, "netIncomeApplicableToCommonShares": -2084000}, {"maxAge": 1, "endDate": "2020-09-30", "totalRevenue": 6184000, "costOfRevenue": 6918000, "grossProfit": -734000, "researchDevelopment": {}, "sellingGeneralAdministrative": {}, "nonRecurring": {}, "otherOperatingExpenses": 2415000, "totalOperatingExpenses": 9343000, "operatingIncome": -3159000, "totalOtherIncomeExpenseNet": 0, "ebit": -3159000, "interestExpense": {}, "incomeBeforeTax": -3159000, "incomeTaxExpense": 0, "minorityInterest": {}, "netIncomeFromContinuingOps": -3159000, "discontinuedOperations": {}, "extraordinaryItems": {}, "effectOfAccountingCharges": {}, "otherItems": {}, "netIncome": -3159000, "netIncomeApplicableToCommonShares": -3159000}, {"maxAge": 1, "endDate": "2020-06-30", "totalRevenue": 6670000, "costOfRevenue": 6315000, "grossProfit": 355000, "researchDevelopment": {}, "sellingGeneralAdministrative": {}, "nonRecurring": {}, "otherOperatingExpenses": 1818000, "totalOperatingExpenses": 8147000, "operatingIncome": -1477000, "totalOtherIncomeExpenseNet": 0, "ebit": -1477000, "interestExpense": {}, "incomeBeforeTax": -1477000, "incomeTaxExpense": 0, "minorityInterest": {}, "netIncomeFromContinuingOps": -1477000, "discontinuedOperations": {}, "extraordinaryItems": {}, "effectOfAccountingCharges": {}, "otherItems": {}, "netIncome": -1477000, "netIncomeApplicableToCommonShares": -1477000}, {"maxAge": 1, "endDate": "2020-03-31", "totalRevenue": 26095000, "costOfRevenue": 24764000, "grossProfit": 1331000, "researchDevelopment": {}, "sellingGeneralAdministrative": 19274000, "nonRecurring": {}, "otherOperatingExpenses": 112000, "totalOperatingExpenses": 44164000, "operatingIncome": -18069000, "totalOtherIncomeExpenseNet": 411000, "ebit": -18069000, "interestExpense": {}, "incomeBeforeTax": -17658000, "incomeTaxExpense": -6000, "minorityInterest": {}, "netIncomeFromContinuingOps": -17652000, "discontinuedOperations": {}, "extraordinaryItems": {}, "effectOfAccountingCharges": {}, "otherItems": {}, "netIncome": -17652000, "netIncomeApplicableToCommonShares": -17652000}], "maxAge": 86400}, "cashflowStatementHistoryQuarterly": {"cashflowStatements": [{"maxAge": 1, "endDate": "2020-12-31", "netIncome": -2084000, "changeToLiabilities": 0}, {"maxAge": 1, "endDate": "2020-09-30", "netIncome": -3159000, "changeToLiabilities": 0}, {"maxAge": 1, "endDate": "2020-06-30", "netIncome": -1477000, "changeToLiabilities": 0}, {"maxAge": 1, "endDate": "2020-03-31", "netIncome": -17652000, "changeToLiabilities": 0}], "maxAge": 86400}, "insiderHolders": {"holders": [], "maxAge": 1}, "calendarEvents": {"maxAge": 1, "earnings": {"earningsDate": ["2018-02-07 05:30:S", "2018-02-12 05:30:S"]}, "exDividendDate": "2001-07-10 05:30:00"}, "upgradeDowngradeHistory": {"history": [], "maxAge": 86400}, "price": {"maxAge": 1, "regularMarketChangePercent": 0.0, "regularMarketChange": 0.0, "regularMarketTime": "2021-04-30 15:21:01", "priceHint": 4, "regularMarketPrice": 2.0, "regularMarketDayHigh": 2.1, "regularMarketDayLow": 1.95, "regularMarketVolume": 3439, "averageDailyVolume10Day": 622, "averageDailyVolume3Month": 4575, "regularMarketPreviousClose": 2.0, "regularMarketSource": "FREE_REALTIME", "regularMarketOpen": 2.1, "exchange": "NSI", "exchangeName": "NSE", "exchangeDataDelayedBy": 15, "marketState": "CLOSED", "quoteType": "EQUITY", "symbol": "MELSTAR.NS", "underlyingSymbol": null, "shortName": "MELSTAR INFORMATIO", "longName": "Melstar Information Technologies Limited", "currency": "INR", "quoteSourceName": "Delayed Quote", "currencySymbol": "\u20b9", "fromCurrency": null, "lastMarket": null, "marketCap": 27138000}, "balanceSheetHistory": {"balanceSheetStatements": [{"maxAge": 1, "endDate": "2020-03-31", "cash": 12954000, "netReceivables": 37672000, "otherCurrentAssets": 63320000, "totalCurrentAssets": 113946000, "longTermInvestments": 1435000, "propertyPlantEquipment": 135000, "intangibleAssets": 1000, "otherAssets": 4968000, "totalAssets": 120485000, "accountsPayable": 75480000, "otherCurrentLiab": 44332000, "otherLiab": 3016000, "totalCurrentLiabilities": 152412000, "totalLiab": 155428000, "commonStock": 142831000, "retainedEarnings": -178542000, "treasuryStock": 768000, "otherStockholderEquity": 768000, "totalStockholderEquity": -34943000, "netTangibleAssets": -34944000}, {"maxAge": 1, "endDate": "2019-03-31", "cash": 268000, "netReceivables": 13776000, "otherCurrentAssets": 101715000, "totalCurrentAssets": 115759000, "longTermInvestments": 19075000, "propertyPlantEquipment": 128000, "intangibleAssets": 7000, "otherAssets": 2901000, "totalAssets": 137870000, "accountsPayable": 72495000, "otherCurrentLiab": 24051000, "otherLiab": 3281000, "totalCurrentLiabilities": 123044000, "totalLiab": 126325000, "commonStock": 142831000, "retainedEarnings": -132054000, "treasuryStock": 768000, "otherStockholderEquity": 768000, "totalStockholderEquity": 11545000, "netTangibleAssets": 11538000}, {"maxAge": 1, "endDate": "2018-03-31", "cash": 1827000, "netReceivables": 18919000, "otherCurrentAssets": 100535000, "totalCurrentAssets": 121281000, "longTermInvestments": 22575000, "propertyPlantEquipment": 62751000, "intangibleAssets": 23559000, "otherAssets": 4132000, "totalAssets": 234298000, "accountsPayable": 68587000, "shortLongTermDebt": 145000, "otherCurrentLiab": 29653000, "otherLiab": 4460000, "totalCurrentLiabilities": 217191000, "totalLiab": 221651000, "commonStock": 142831000, "retainedEarnings": -130952000, "treasuryStock": 768000, "otherStockholderEquity": 768000, "totalStockholderEquity": 12647000, "netTangibleAssets": -10912000}, {"maxAge": 1, "endDate": "2017-03-31", "cash": 1338000, "netReceivables": 26487000, "otherCurrentAssets": 94632000, "totalCurrentAssets": 122457000, "longTermInvestments": 4640000, "propertyPlantEquipment": 69586000, "intangibleAssets": 23565000, "otherAssets": 4453000, "totalAssets": 224701000, "accountsPayable": 55007000, "shortLongTermDebt": 189000, "otherCurrentLiab": 22256000, "longTermDebt": 145000, "otherLiab": 4372000, "totalCurrentLiabilities": 179876000, "totalLiab": 184393000, "commonStock": 142831000, "retainedEarnings": -103291000, "treasuryStock": 768000, "otherStockholderEquity": 768000, "totalStockholderEquity": 40308000, "netTangibleAssets": 16743000}], "maxAge": 86400}, "financialData": {"maxAge": 86400, "currentPrice": 2.0, "recommendationKey": "none", "totalCash": 10699000, "totalCashPerShare": 0.77, "ebitda": -24781250, "totalDebt": 29700000, "totalRevenue": 44246000, "revenuePerShare": 3.095, "grossProfits": 12198000, "revenueGrowth": -0.841, "grossMargins": 0.0060799997, "ebitdaMargins": -0.56008, "operatingMargins": -0.56025004, "profitMargins": -0.55083, "financialCurrency": "INR"}}}