{"MENNPIS.BO": {"recommendationTrend": {"trend": [{"period": "0m", "strongBuy": 0, "buy": 0, "hold": 0, "sell": 0, "strongSell": 0}, {"period": "-1m", "strongBuy": 0, "buy": 0, "hold": 0, "sell": 0, "strongSell": 0}, {"period": "-2m", "strongBuy": 0, "buy": 0, "hold": 0, "sell": 0, "strongSell": 0}, {"period": "-3m", "strongBuy": 0, "buy": 0, "hold": 0, "sell": 0, "strongSell": 0}], "maxAge": 86400}, "cashflowStatementHistory": {"cashflowStatements": [{"maxAge": 1, "endDate": "2020-03-31", "netIncome": 43858000, "depreciation": 52266000, "changeToNetincome": -13593000, "changeToAccountReceivables": 149938000, "changeToLiabilities": -45457000, "changeToInventory": -33812000, "totalCashFromOperatingActivities": 154249000, "capitalExpenditures": -53032000, "investments": -14534000, "otherCashflowsFromInvestingActivities": -670000, "totalCashflowsFromInvestingActivities": -68213000, "dividendsPaid": -73243000, "otherCashflowsFromFinancingActivities": -2550000, "totalCashFromFinancingActivities": -75793000, "changeInCash": 10243000}, {"maxAge": 1, "endDate": "2019-03-31", "netIncome": 100760000, "depreciation": 47508000, "changeToNetincome": -11364000, "changeToAccountReceivables": 29534000, "changeToLiabilities": -45104000, "changeToInventory": -8465000, "totalCashFromOperatingActivities": 113672000, "capitalExpenditures": -83258000, "investments": 2331000, "otherCashflowsFromInvestingActivities": 3142000, "totalCashflowsFromInvestingActivities": -76025000, "dividendsPaid": -37022000, "netBorrowings": -1322000, "otherCashflowsFromFinancingActivities": -4831000, "totalCashFromFinancingActivities": -43175000, "changeInCash": -5528000}, {"maxAge": 1, "endDate": "2018-03-31", "netIncome": 70250000, "depreciation": 43688000, "changeToNetincome": -1302000, "changeToAccountReceivables": -57384000, "changeToLiabilities": -54783000, "changeToInventory": 10695000, "totalCashFromOperatingActivities": 11562000, "capitalExpenditures": -40827000, "investments": 66798000, "otherCashflowsFromInvestingActivities": 11250000, "totalCashflowsFromInvestingActivities": 37721000, "dividendsPaid": -25413000, "netBorrowings": -1216000, "otherCashflowsFromFinancingActivities": -15073000, "totalCashFromFinancingActivities": -41702000, "changeInCash": 7581000}, {"maxAge": 1, "endDate": "2017-03-31", "netIncome": 73983000, "depreciation": 43658000, "changeToNetincome": -430000, "changeToAccountReceivables": -14416000, "changeToLiabilities": -48732000, "changeToInventory": -4090000, "totalCashFromOperatingActivities": 50109000, "capitalExpenditures": -28019000, "investments": -40649000, "otherCashflowsFromInvestingActivities": 15154000, "totalCashflowsFromInvestingActivities": -47926000, "dividendsPaid": -638000, "netBorrowings": 2254000, "otherCashflowsFromFinancingActivities": -16229000, "totalCashFromFinancingActivities": -14613000, "changeInCash": -12430000}], "maxAge": 86400}, "institutionOwnership": {"maxAge": 1, "ownershipList": []}, "balanceSheetHistoryQuarterly": {"balanceSheetStatements": [{"maxAge": 1, "endDate": "2020-06-30", "totalStockholderEquity": 745671000, "netTangibleAssets": 743795000}, {"maxAge": 1, "endDate": "2020-03-31", "cash": 24010000, "shortTermInvestments": 17800000, "netReceivables": 290123000, "inventory": 205387000, "otherCurrentAssets": 13317000, "totalCurrentAssets": 557770000, "longTermInvestments": 37000, "propertyPlantEquipment": 314373000, "intangibleAssets": 1876000, "otherAssets": 55553000, "totalAssets": 929609000, "accountsPayable": 62321000, "otherCurrentLiab": 30995000, "otherLiab": 17581000, "totalCurrentLiabilities": 166357000, "totalLiab": 183938000, "commonStock": 51000000, "retainedEarnings": 613921000, "capitalSurplus": 80750000, "totalStockholderEquity": 745671000, "netTangibleAssets": 743795000}, {"maxAge": 1, "endDate": "2019-12-31", "totalStockholderEquity": 764040000, "netTangibleAssets": 761876000}, {"maxAge": 1, "endDate": "2019-09-30", "cash": 25915000, "shortTermInvestments": 190000, "netReceivables": 381446000, "inventory": 183817000, "otherCurrentAssets": 19420000, "totalCurrentAssets": 610598000, "longTermInvestments": 37000, "propertyPlantEquipment": 327229000, "intangibleAssets": 2164000, "otherAssets": 55754000, "totalAssets": 995782000, "accountsPayable": 78366000, "otherCurrentLiab": 92225000, "otherLiab": 23285000, "totalCurrentLiabilities": 208457000, "totalLiab": 231742000, "commonStock": 51000000, "treasuryStock": 713040000, "otherStockholderEquity": 713040000, "totalStockholderEquity": 764040000, "netTangibleAssets": 761876000}], "maxAge": 86400}, "earningsHistory": {"history": [{"maxAge": 1, "epsActual": {}, "epsEstimate": {}, "epsDifference": {}, "surprisePercent": {}, "quarter": {}, "period": "-4q"}, {"maxAge": 1, "epsActual": {}, "epsEstimate": {}, "epsDifference": {}, "surprisePercent": {}, "quarter": {}, "period": "-3q"}, {"maxAge": 1, "epsActual": 0.49, "epsEstimate": 0.41, "epsDifference": 0.08, "surprisePercent": 0.195, "quarter": "2018-06-30", "period": "-2q"}, {"maxAge": 1, "epsActual": 0.55, "epsEstimate": 0.45, "epsDifference": 0.1, "surprisePercent": 0.222, "quarter": "2018-09-30", "period": "-1q"}], "maxAge": 86400}, "indexTrend": {"maxAge": 1, "symbol": "SP5", "peRatio": 19.7411, "pegRatio": 1.34172, "estimates": [{"period": "0q", "growth": 0.549}, {"period": "+1q", "growth": 0.431}, {"period": "0y", "growth": 0.305}, {"period": "+1y", "growth": 0.109}, {"period": "+5y", "growth": 0.120859005}, {"period": "-5y"}]}, "industryTrend": {"maxAge": 1, "symbol": null, "estimates": []}, "insiderTransactions": {"transactions": [{"maxAge": 1, "shares": 1134380, "filerUrl": "", "transactionText": "", "filerName": "Menon (Radhamani Ram)", "filerRelation": "Promoter", "moneyText": "", "startDate": "2019-10-09", "ownership": "D"}], "maxAge": 1}, "quoteType": {"exchange": "BSE", "quoteType": "EQUITY", "symbol": "MENNPIS.BO", "underlyingSymbol": "MENNPIS.BO", "shortName": "MENON PISTONS LTD.", "longName": "Menon Pistons Limited", "firstTradeDateEpochUtc": "2000-03-23 09:15:00", "timeZoneFullName": "Asia/Kolkata", "timeZoneShortName": "IST", "uuid": "c9db1999-ccd3-3f2c-b9fe-bea8f457569e", "messageBoardId": null, "gmtOffSetMilliseconds": 19800000, "maxAge": 1}, "incomeStatementHistory": {"incomeStatementHistory": [{"maxAge": 1, "endDate": "2020-03-31", "totalRevenue": 1179627000, "costOfRevenue": 460792000, "grossProfit": 718835000, "researchDevelopment": {}, "sellingGeneralAdministrative": 179399000, "nonRecurring": {}, "otherOperatingExpenses": 429473000, "totalOperatingExpenses": 1122978000, "operatingIncome": 56649000, "totalOtherIncomeExpenseNet": -992000, "ebit": 56649000, "interestExpense": -2262000, "incomeBeforeTax": 55657000, "incomeTaxExpense": 11799000, "minorityInterest": {}, "netIncomeFromContinuingOps": 43858000, "discontinuedOperations": {}, "extraordinaryItems": {}, "effectOfAccountingCharges": {}, "otherItems": {}, "netIncome": 43858000, "netIncomeApplicableToCommonShares": 43858000}, {"maxAge": 1, "endDate": "2019-03-31", "totalRevenue": 1563724000, "costOfRevenue": 671203000, "grossProfit": 892521000, "researchDevelopment": {}, "sellingGeneralAdministrative": 181672000, "nonRecurring": {}, "otherOperatingExpenses": 521217000, "totalOperatingExpenses": 1422402000, "operatingIncome": 141322000, "totalOtherIncomeExpenseNet": -932000, "ebit": 141322000, "interestExpense": -4544000, "incomeBeforeTax": 140390000, "incomeTaxExpense": 39630000, "minorityInterest": {}, "netIncomeFromContinuingOps": 100760000, "discontinuedOperations": {}, "extraordinaryItems": {}, "effectOfAccountingCharges": {}, "otherItems": {}, "netIncome": 100760000, "netIncomeApplicableToCommonShares": 100760000}, {"maxAge": 1, "endDate": "2018-03-31", "totalRevenue": 1460787000, "costOfRevenue": 642238000, "grossProfit": 818549000, "researchDevelopment": {}, "sellingGeneralAdministrative": 174120000, "nonRecurring": {}, "otherOperatingExpenses": 480477000, "totalOperatingExpenses": 1346345000, "operatingIncome": 114442000, "totalOtherIncomeExpenseNet": 4068000, "ebit": 114442000, "interestExpense": -10259000, "incomeBeforeTax": 118510000, "incomeTaxExpense": 48260000, "minorityInterest": {}, "netIncomeFromContinuingOps": 70250000, "discontinuedOperations": {}, "extraordinaryItems": {}, "effectOfAccountingCharges": {}, "otherItems": {}, "netIncome": 70250000, "netIncomeApplicableToCommonShares": 70250000}, {"maxAge": 1, "endDate": "2017-03-31", "totalRevenue": 1328232000, "costOfRevenue": 561791000, "grossProfit": 766441000, "researchDevelopment": {}, "sellingGeneralAdministrative": 165914000, "nonRecurring": {}, "otherOperatingExpenses": 449766000, "totalOperatingExpenses": 1221264000, "operatingIncome": 106968000, "totalOtherIncomeExpenseNet": 1253000, "ebit": 106968000, "interestExpense": -16223000, "incomeBeforeTax": 108221000, "incomeTaxExpense": 34238000, "minorityInterest": {}, "netIncomeFromContinuingOps": 73983000, "discontinuedOperations": {}, "extraordinaryItems": {}, "effectOfAccountingCharges": {}, "otherItems": {}, "netIncome": 73983000, "netIncomeApplicableToCommonShares": 73983000}], "maxAge": 86400}, "fundOwnership": {"maxAge": 1, "ownershipList": []}, "summaryDetail": {"maxAge": 1, "priceHint": 2, "previousClose": 19.15, "open": 18.25, "dayLow": 18.0, "dayHigh": 19.75, "regularMarketPreviousClose": 19.15, "regularMarketOpen": 18.25, "regularMarketDayLow": 18.0, "regularMarketDayHigh": 19.75, "trailingPE": 25.928572, "forwardPE": 8.725962, "volume": 26715, "regularMarketVolume": 26715, "averageVolume": 60616, "averageVolume10days": 22023, "averageDailyVolume10Day": 22023, "bid": 18.0, "ask": 18.45, "bidSize": 0, "askSize": 0, "marketCap": 925649984, "fiftyTwoWeekLow": 7.76, "fiftyTwoWeekHigh": 23.2, "fiftyDayAverage": 19.962856, "twoHundredDayAverage": 15.115547, "trailingAnnualDividendRate": 0.45, "trailingAnnualDividendYield": 0.023498693, "currency": "INR", "fromCurrency": null, "toCurrency": null, "lastMarket": null, "algorithm": null, "tradeable": false}, "sectorTrend": {"maxAge": 1, "symbol": null, "estimates": []}, "incomeStatementHistoryQuarterly": {"incomeStatementHistory": [{"maxAge": 1, "endDate": "2020-06-30", "totalRevenue": 200430000, "costOfRevenue": 96325000, "grossProfit": 104105000, "researchDevelopment": {}, "sellingGeneralAdministrative": 69000000, "nonRecurring": {}, "otherOperatingExpenses": 9339000, "totalOperatingExpenses": 187642000, "operatingIncome": 12788000, "totalOtherIncomeExpenseNet": -153000, "ebit": 12788000, "interestExpense": -153000, "incomeBeforeTax": 12635000, "incomeTaxExpense": 3180000, "minorityInterest": {}, "netIncomeFromContinuingOps": 9455000, "discontinuedOperations": {}, "extraordinaryItems": {}, "effectOfAccountingCharges": {}, "otherItems": {}, "netIncome": 9455000, "netIncomeApplicableToCommonShares": 9455000}, {"maxAge": 1, "endDate": "2020-03-31", "totalRevenue": 231591000, "costOfRevenue": 90665000, "grossProfit": 140926000, "researchDevelopment": {}, "sellingGeneralAdministrative": -214926000, "nonRecurring": {}, "otherOperatingExpenses": 342945000, "totalOperatingExpenses": 233125000, "operatingIncome": -1534000, "totalOtherIncomeExpenseNet": -1504000, "ebit": -1534000, "interestExpense": -135000, "incomeBeforeTax": -3038000, "incomeTaxExpense": -2570000, "minorityInterest": {}, "netIncomeFromContinuingOps": -468000, "discontinuedOperations": {}, "extraordinaryItems": {}, "effectOfAccountingCharges": {}, "otherItems": {}, "netIncome": -468000, "netIncomeApplicableToCommonShares": -468000}, {"maxAge": 1, "endDate": "2019-12-31", "totalRevenue": 289977000, "costOfRevenue": 116570000, "grossProfit": 173407000, "researchDevelopment": {}, "sellingGeneralAdministrative": 119491000, "nonRecurring": {}, "otherOperatingExpenses": 27575000, "totalOperatingExpenses": 277012000, "operatingIncome": 12965000, "totalOtherIncomeExpenseNet": 485000, "ebit": 12965000, "interestExpense": -695000, "incomeBeforeTax": 13450000, "incomeTaxExpense": 3292000, "minorityInterest": {}, "netIncomeFromContinuingOps": 10158000, "discontinuedOperations": {}, "extraordinaryItems": {}, "effectOfAccountingCharges": {}, "otherItems": {}, "netIncome": 10158000, "netIncomeApplicableToCommonShares": 10158000}, {"maxAge": 1, "endDate": "2019-09-30", "totalRevenue": 305210000, "costOfRevenue": 115383000, "grossProfit": 189827000, "researchDevelopment": {}, "sellingGeneralAdministrative": 127987000, "nonRecurring": {}, "otherOperatingExpenses": 28241000, "totalOperatingExpenses": 284438000, "operatingIncome": 20772000, "totalOtherIncomeExpenseNet": -634000, "ebit": 20772000, "interestExpense": -1160000, "incomeBeforeTax": 20138000, "incomeTaxExpense": 3766000, "minorityInterest": {}, "netIncomeFromContinuingOps": 16372000, "discontinuedOperations": {}, "extraordinaryItems": {}, "effectOfAccountingCharges": {}, "otherItems": {}, "netIncome": 16372000, "netIncomeApplicableToCommonShares": 16372000}], "maxAge": 86400}, "cashflowStatementHistoryQuarterly": {"cashflowStatements": [{"maxAge": 1, "endDate": "2020-06-30", "netIncome": 9455000, "changeToLiabilities": 0}, {"maxAge": 1, "endDate": "2020-03-31", "netIncome": -468000, "changeToLiabilities": 0}, {"maxAge": 1, "endDate": "2019-12-31", "netIncome": 10158000, "changeToLiabilities": 0}, {"maxAge": 1, "endDate": "2019-09-30", "netIncome": 16372000, "changeToLiabilities": 0}], "maxAge": 86400}, "insiderHolders": {"holders": [{"maxAge": 1, "name": "Menon (Radhamani Ram)", "relation": "Promoter", "url": "", "transactionDescription": "Other", "latestTransDate": "2019-10-09", "positionDirect": 3700000, "positionDirectDate": "2019-10-09"}], "maxAge": 1}, "earnings": {"maxAge": 86400, "earningsChart": {"quarterly": [{"date": "2Q2018", "actual": 0.49, "estimate": 0.41}, {"date": "3Q2018", "actual": 0.55, "estimate": 0.45}], "currentQuarterEstimateDate": "4Q", "currentQuarterEstimateYear": 2018, "earningsDate": ["2020-08-12 05:30:S"]}, "financialsChart": {"yearly": [{"date": 2017, "revenue": 1328232000, "earnings": 73983000}, {"date": 2018, "revenue": 1460787000, "earnings": 70250000}, {"date": 2019, "revenue": 1563724000, "earnings": 100760000}, {"date": 2020, "revenue": 1179627000, "earnings": 43858000}], "quarterly": [{"date": "3Q2019", "revenue": 305210000, "earnings": 16372000}, {"date": "4Q2019", "revenue": 289977000, "earnings": 10158000}, {"date": "1Q2020", "revenue": 231591000, "earnings": -468000}, {"date": "2Q2020", "revenue": 200430000, "earnings": 9455000}]}, "financialCurrency": "INR"}, "calendarEvents": {"maxAge": 1, "earnings": {"earningsDate": ["2020-08-12 05:30:S"]}}, "price": {"maxAge": 1, "regularMarketChangePercent": -0.052219324, "regularMarketChange": -1.0, "regularMarketTime": "2021-04-30 15:29:39", "priceHint": 2, "regularMarketPrice": 18.15, "regularMarketDayHigh": 19.75, "regularMarketDayLow": 18.0, "regularMarketVolume": 26715, "averageDailyVolume10Day": 22023, "averageDailyVolume3Month": 60616, "regularMarketPreviousClose": 19.15, "regularMarketSource": "FREE_REALTIME", "regularMarketOpen": 18.25, "exchange": "BSE", "exchangeName": "BSE", "exchangeDataDelayedBy": 0, "marketState": "CLOSED", "quoteType": "EQUITY", "symbol": "MENNPIS.BO", "underlyingSymbol": null, "shortName": "MENON PISTONS LTD.", "longName": "Menon Pistons Limited", "currency": "INR", "quoteSourceName": "Delayed Quote", "currencySymbol": "\u20b9", "fromCurrency": null, "toCurrency": null, "lastMarket": null, "marketCap": 925649984}, "balanceSheetHistory": {"balanceSheetStatements": [{"maxAge": 1, "endDate": "2020-03-31", "cash": 24010000, "shortTermInvestments": 17800000, "netReceivables": 290123000, "inventory": 205387000, "otherCurrentAssets": 13317000, "totalCurrentAssets": 557770000, "longTermInvestments": 37000, "propertyPlantEquipment": 314373000, "intangibleAssets": 1876000, "otherAssets": 55553000, "totalAssets": 929609000, "accountsPayable": 62321000, "otherCurrentLiab": 30995000, "otherLiab": 17581000, "totalCurrentLiabilities": 166357000, "totalLiab": 183938000, "commonStock": 51000000, "retainedEarnings": 613921000, "capitalSurplus": 80750000, "totalStockholderEquity": 745671000, "netTangibleAssets": 743795000}, {"maxAge": 1, "endDate": "2019-03-31", "cash": 13767000, "shortTermInvestments": 3266000, "netReceivables": 440459000, "inventory": 167075000, "otherCurrentAssets": 13943000, "totalCurrentAssets": 645989000, "longTermInvestments": 37000, "propertyPlantEquipment": 311116000, "intangibleAssets": 1594000, "otherAssets": 58639000, "totalAssets": 1017375000, "accountsPayable": 86333000, "otherCurrentLiab": 55465000, "otherLiab": 24755000, "totalCurrentLiabilities": 215459000, "totalLiab": 240214000, "commonStock": 51000000, "retainedEarnings": 640345000, "treasuryStock": 5066000, "capitalSurplus": 80750000, "otherStockholderEquity": 5066000, "totalStockholderEquity": 777161000, "netTangibleAssets": 775567000}, {"maxAge": 1, "endDate": "2018-03-31", "cash": 19295000, "shortTermInvestments": 5597000, "netReceivables": 469401000, "inventory": 158610000, "otherCurrentAssets": 16715000, "totalCurrentAssets": 676370000, "longTermInvestments": 37000, "propertyPlantEquipment": 270263000, "intangibleAssets": 1811000, "otherAssets": 53923000, "totalAssets": 1002404000, "accountsPayable": 95918000, "shortLongTermDebt": 1322000, "otherCurrentLiab": 37173000, "otherLiab": 28445000, "totalCurrentLiabilities": 259200000, "totalLiab": 287645000, "commonStock": 51000000, "retainedEarnings": 577943000, "treasuryStock": 5066000, "capitalSurplus": 80750000, "otherStockholderEquity": 5066000, "totalStockholderEquity": 714759000, "netTangibleAssets": 712948000}, {"maxAge": 1, "endDate": "2017-03-31", "cash": 11714000, "shortTermInvestments": 72395000, "netReceivables": 420908000, "inventory": 169305000, "otherCurrentAssets": 19713000, "totalCurrentAssets": 697302000, "longTermInvestments": 37000, "propertyPlantEquipment": 293202000, "goodWill": 71000, "intangibleAssets": 956000, "otherAssets": 33707000, "totalAssets": 1025275000, "accountsPayable": 70319000, "shortLongTermDebt": 1216000, "otherCurrentLiab": 75302000, "longTermDebt": 1322000, "otherLiab": 32476000, "totalCurrentLiabilities": 314592000, "totalLiab": 348390000, "commonStock": 51000000, "retainedEarnings": 540069000, "treasuryStock": 5066000, "capitalSurplus": 80750000, "otherStockholderEquity": 5066000, "totalStockholderEquity": 676885000, "netTangibleAssets": 675858000}], "maxAge": 86400}, "earningsTrend": {"trend": [{"maxAge": 1, "period": "0q", "endDate": "2018-12-31", "growth": {}, "earningsEstimate": {"avg": 0.0, "low": 0.0, "high": 0.0, "yearAgoEps": {}, "numberOfAnalysts": 0, "growth": {}}, "revenueEstimate": {"avg": 0, "low": 0, "high": 0, "numberOfAnalysts": 0, "yearAgoRevenue": {}, "growth": {}}, "epsTrend": {"current": 0.0, "7daysAgo": 0.0, "30daysAgo": 0.0, "60daysAgo": 0.0, "90daysAgo": 0.0}, "epsRevisions": {"upLast7days": 0, "upLast30days": 0, "downLast30days": 0, "downLast90days": {}}}, {"maxAge": 1, "period": "+1q", "endDate": "2019-03-31", "growth": {}, "earningsEstimate": {"avg": 0.0, "low": 0.0, "high": 0.0, "yearAgoEps": {}, "numberOfAnalysts": 0, "growth": {}}, "revenueEstimate": {"avg": 0, "low": 0, "high": 0, "numberOfAnalysts": 0, "yearAgoRevenue": {}, "growth": {}}, "epsTrend": {"current": 0.0, "7daysAgo": 0.0, "30daysAgo": 0.0, "60daysAgo": 0.0, "90daysAgo": 0.0}, "epsRevisions": {"upLast7days": 0, "upLast30days": 0, "downLast30days": 0, "downLast90days": {}}}, {"maxAge": 1, "period": "0y", "endDate": "2019-03-31", "growth": {}, "earningsEstimate": {"avg": 0.0, "low": 0.0, "high": 0.0, "yearAgoEps": {}, "numberOfAnalysts": 0, "growth": {}}, "revenueEstimate": {"avg": 1638200000, "low": 1638200000, "high": 1638200000, "numberOfAnalysts": 1, "yearAgoRevenue": 1421880000, "growth": 0.152}, "epsTrend": {"current": 0.0, "7daysAgo": 1.78, "30daysAgo": 1.78, "60daysAgo": 1.78, "90daysAgo": 1.78}, "epsRevisions": {"upLast7days": 0, "upLast30days": 0, "downLast30days": 0, "downLast90days": {}}}, {"maxAge": 1, "period": "+1y", "endDate": "2020-03-31", "growth": {}, "earningsEstimate": {"avg": 0.0, "low": 0.0, "high": 0.0, "yearAgoEps": {}, "numberOfAnalysts": 0, "growth": {}}, "revenueEstimate": {"avg": 1825610000, "low": 1825610000, "high": 1825610000, "numberOfAnalysts": 1, "yearAgoRevenue": 1638200000, "growth": 0.11399999}, "epsTrend": {"current": 0.0, "7daysAgo": 2.08, "30daysAgo": 2.08, "60daysAgo": 2.08, "90daysAgo": 2.08}, "epsRevisions": {"upLast7days": 0, "upLast30days": 0, "downLast30days": 0, "downLast90days": {}}}, {"maxAge": 1, "period": "+5y", "endDate": null, "growth": {}, "earningsEstimate": {"avg": {}, "low": {}, "high": {}, "yearAgoEps": {}, "numberOfAnalysts": {}, "growth": {}}, "revenueEstimate": {"avg": {}, "low": {}, "high": {}, "numberOfAnalysts": {}, "yearAgoRevenue": {}, "growth": {}}, "epsTrend": {"current": {}, "7daysAgo": {}, "30daysAgo": {}, "60daysAgo": {}, "90daysAgo": {}}, "epsRevisions": {"upLast7days": {}, "upLast30days": {}, "downLast30days": {}, "downLast90days": {}}}, {"maxAge": 1, "period": "-5y", "endDate": null, "growth": {}, "earningsEstimate": {"avg": {}, "low": {}, "high": {}, "yearAgoEps": {}, "numberOfAnalysts": {}, "growth": {}}, "revenueEstimate": {"avg": {}, "low": {}, "high": {}, "numberOfAnalysts": {}, "yearAgoRevenue": {}, "growth": {}}, "epsTrend": {"current": {}, "7daysAgo": {}, "30daysAgo": {}, "60daysAgo": {}, "90daysAgo": {}}, "epsRevisions": {"upLast7days": {}, "upLast30days": {}, "downLast30days": {}, "downLast90days": {}}}], "maxAge": 1}, "financialData": {"maxAge": 86400, "currentPrice": 18.15, "targetHighPrice": 174.0, "targetLowPrice": 174.0, "targetMeanPrice": 174.0, "targetMedianPrice": 174.0, "recommendationKey": "none", "numberOfAnalystOpinions": 1, "grossProfits": 718835000, "financialCurrency": "INR"}}}