{"MERCANTILE.BO": {"cashflowStatementHistory": {"cashflowStatements": [{"maxAge": 1, "endDate": "2020-03-31", "netIncome": 257903000, "depreciation": 10120000, "changeToNetincome": -327602000, "changeToAccountReceivables": -17433000, "changeToLiabilities": 0, "changeToOperatingActivities": -24874000, "totalCashFromOperatingActivities": -93134000, "capitalExpenditures": -41512000, "investments": 138606000, "otherCashflowsFromInvestingActivities": 44979000, "totalCashflowsFromInvestingActivities": 170137000, "changeInCash": 77003000}, {"maxAge": 1, "endDate": "2019-03-31", "netIncome": 66644000, "depreciation": 10669000, "changeToNetincome": 40100000, "changeToAccountReceivables": 12033000, "changeToLiabilities": 0, "changeToOperatingActivities": -55477000, "totalCashFromOperatingActivities": 102281000, "capitalExpenditures": -209000, "investments": -149492000, "otherCashflowsFromInvestingActivities": 42016000, "totalCashflowsFromInvestingActivities": -44166000, "netBorrowings": -36502000, "totalCashFromFinancingActivities": -36502000, "changeInCash": 21613000}, {"maxAge": 1, "endDate": "2018-03-31", "netIncome": 11414000, "depreciation": 11652000, "changeToNetincome": 33163000, "changeToAccountReceivables": 1484000, "changeToLiabilities": 0, "changeToOperatingActivities": -16174000, "totalCashFromOperatingActivities": 41539000, "capitalExpenditures": -917000, "investments": -26217000, "otherCashflowsFromInvestingActivities": 36829000, "totalCashflowsFromInvestingActivities": -41067000, "netBorrowings": -2686000, "totalCashFromFinancingActivities": -686000, "changeInCash": -214000, "issuanceOfStock": 2000000}, {"maxAge": 1, "endDate": "2017-03-31", "netIncome": -279308000, "depreciation": 11417000, "changeToNetincome": 22352000, "changeToAccountReceivables": -9726000, "changeToLiabilities": 0, "changeToOperatingActivities": -15684000, "totalCashFromOperatingActivities": -270949000, "capitalExpenditures": -684000, "investments": -26017000, "otherCashflowsFromInvestingActivities": 42749000, "totalCashflowsFromInvestingActivities": 336281000, "netBorrowings": -60098000, "totalCashFromFinancingActivities": -49898000, "changeInCash": 15434000, "issuanceOfStock": 10200000}], "maxAge": 86400}, "institutionOwnership": {"ownershipList": [], "maxAge": 1}, "balanceSheetHistoryQuarterly": {"balanceSheetStatements": [{"maxAge": 1, "endDate": "2020-06-30", "totalStockholderEquity": 2713575000, "netTangibleAssets": 2704786000}, {"maxAge": 1, "endDate": "2020-03-31", "cash": 128202000, "netReceivables": 86989000, "inventory": 34000, "otherCurrentAssets": 577399000, "totalCurrentAssets": 792624000, "longTermInvestments": 771511000, "propertyPlantEquipment": 1195761000, "goodWill": 8789000, "otherAssets": 113555000, "deferredLongTermAssetCharges": 113555000, "totalAssets": 2882240000, "accountsPayable": 4966000, "otherCurrentLiab": 95152000, "otherLiab": 28144000, "totalCurrentLiabilities": 140521000, "totalLiab": 168665000, "commonStock": 1119182000, "retainedEarnings": 428834000, "treasuryStock": -59688000, "capitalSurplus": 1225247000, "otherStockholderEquity": -59688000, "totalStockholderEquity": 2713575000, "netTangibleAssets": 2704786000}, {"maxAge": 1, "endDate": "2019-12-31", "totalStockholderEquity": 2754273000, "netTangibleAssets": 2721102000}, {"maxAge": 1, "endDate": "2019-09-30", "cash": 24657000, "netReceivables": 74040000, "inventory": 62000, "otherCurrentAssets": 80566000, "totalCurrentAssets": 179325000, "longTermInvestments": 1261315000, "propertyPlantEquipment": 1432458000, "goodWill": 33171000, "otherAssets": 92582000, "deferredLongTermAssetCharges": 66226000, "totalAssets": 2998851000, "accountsPayable": 2496000, "otherCurrentLiab": 215513000, "otherLiab": 26569000, "totalCurrentLiabilities": 218009000, "totalLiab": 244578000, "commonStock": 1119182000, "treasuryStock": 1635091000, "otherStockholderEquity": 1635091000, "totalStockholderEquity": 2754273000, "netTangibleAssets": 2721102000}], "maxAge": 86400}, "indexTrend": {"maxAge": 1, "symbol": "SP5", "peRatio": 19.7411, "pegRatio": 1.34172, "estimates": [{"period": "0q", "growth": 0.549}, {"period": "+1q", "growth": 0.431}, {"period": "0y", "growth": 0.305}, {"period": "+1y", "growth": 0.109}, {"period": "+5y", "growth": 0.120859005}, {"period": "-5y"}]}, "insiderTransactions": {"transactions": [{"maxAge": 1, "shares": 5808000, "filerUrl": "", "transactionText": "", "filerName": "Gold Nest Trading Co, Ltd.", "filerRelation": "Promoter", "moneyText": "", "startDate": "2019-03-08", "ownership": "D"}, {"maxAge": 1, "shares": 7529456, "filerUrl": "", "transactionText": "", "filerName": "South India Travels Pvt Ltd", "filerRelation": "Promoter", "moneyText": "", "startDate": "2018-09-05", "ownership": "D"}, {"maxAge": 1, "shares": 4800000, "filerUrl": "", "transactionText": "", "filerName": "South India Travels Pvt Ltd", "filerRelation": "Promoter", "moneyText": "", "startDate": "2017-03-31", "ownership": "D"}], "maxAge": 1}, "quoteType": {"exchange": "BSE", "quoteType": "EQUITY", "symbol": "MERCANTILE.BO", "underlyingSymbol": "MERCANTILE.BO", "shortName": "Mercantile Ventures Limited", "longName": "Mercantile Ventures Limited", "firstTradeDateEpochUtc": "2015-03-05 09:15:00", "timeZoneFullName": "Asia/Kolkata", "timeZoneShortName": "IST", "uuid": "23b43175-f396-3e8a-a2cf-54364cb66edc", "gmtOffSetMilliseconds": 19800000, "maxAge": 1}, "incomeStatementHistory": {"incomeStatementHistory": [{"maxAge": 1, "endDate": "2020-03-31", "totalRevenue": 382394000, "costOfRevenue": 104818000, "grossProfit": 277576000, "researchDevelopment": {}, "sellingGeneralAdministrative": 204526000, "nonRecurring": {}, "otherOperatingExpenses": 28065000, "totalOperatingExpenses": 347529000, "operatingIncome": 34865000, "totalOtherIncomeExpenseNet": 146340000, "ebit": 34865000, "interestExpense": -9389000, "incomeBeforeTax": 181205000, "incomeTaxExpense": -29695000, "minorityInterest": {}, "netIncomeFromContinuingOps": 210900000, "discontinuedOperations": {}, "extraordinaryItems": {}, "effectOfAccountingCharges": {}, "otherItems": {}, "netIncome": 257903000, "netIncomeApplicableToCommonShares": 257903000}, {"maxAge": 1, "endDate": "2019-03-31", "totalRevenue": 343959000, "costOfRevenue": 113271000, "grossProfit": 230688000, "researchDevelopment": {}, "sellingGeneralAdministrative": 168259000, "nonRecurring": {}, "otherOperatingExpenses": 26222000, "totalOperatingExpenses": 318421000, "operatingIncome": 25538000, "totalOtherIncomeExpenseNet": 56348000, "ebit": 25538000, "interestExpense": -5399000, "incomeBeforeTax": 81886000, "incomeTaxExpense": 15242000, "minorityInterest": {}, "netIncomeFromContinuingOps": 66644000, "discontinuedOperations": {}, "extraordinaryItems": {}, "effectOfAccountingCharges": {}, "otherItems": {}, "netIncome": 66644000, "netIncomeApplicableToCommonShares": 66644000}, {"maxAge": 1, "endDate": "2018-03-31", "totalRevenue": 299544000, "costOfRevenue": 101236000, "grossProfit": 198308000, "researchDevelopment": {}, "sellingGeneralAdministrative": 143820000, "nonRecurring": {}, "otherOperatingExpenses": 24896000, "totalOperatingExpenses": 281604000, "operatingIncome": 17940000, "totalOtherIncomeExpenseNet": 44341000, "ebit": 17940000, "interestExpense": -6569000, "incomeBeforeTax": 62281000, "incomeTaxExpense": 50867000, "minorityInterest": {}, "netIncomeFromContinuingOps": 11414000, "discontinuedOperations": {}, "extraordinaryItems": {}, "effectOfAccountingCharges": {}, "otherItems": {}, "netIncome": 11414000, "netIncomeApplicableToCommonShares": 11414000}, {"maxAge": 1, "endDate": "2017-03-31", "totalRevenue": 271410000, "costOfRevenue": 83182000, "grossProfit": 188228000, "researchDevelopment": {}, "sellingGeneralAdministrative": 139377000, "nonRecurring": {}, "otherOperatingExpenses": 21787000, "totalOperatingExpenses": 255763000, "operatingIncome": 15647000, "totalOtherIncomeExpenseNet": -280556000, "ebit": 15647000, "interestExpense": -19213000, "incomeBeforeTax": -264909000, "incomeTaxExpense": 14399000, "minorityInterest": {}, "netIncomeFromContinuingOps": -279308000, "discontinuedOperations": {}, "extraordinaryItems": {}, "effectOfAccountingCharges": {}, "otherItems": {}, "netIncome": -279308000, "netIncomeApplicableToCommonShares": -279308000}], "maxAge": 86400}, "fundOwnership": {"ownershipList": [], "maxAge": 1}, "summaryDetail": {"maxAge": 1, "priceHint": 2, "previousClose": 14.9, "open": 14.9, "dayLow": 14.8, "dayHigh": 15.75, "regularMarketPreviousClose": 14.9, "regularMarketOpen": 14.9, "regularMarketDayLow": 14.8, "regularMarketDayHigh": 15.75, "trailingPE": 5.3284163, "volume": 2372, "regularMarketVolume": 2372, "averageVolume": 7808, "averageVolume10days": 6935, "averageDailyVolume10Day": 6935, "bid": 14.81, "ask": 15.25, "bidSize": 0, "askSize": 0, "marketCap": 1697796096, "fiftyTwoWeekLow": 3.4, "fiftyTwoWeekHigh": 16.5, "fiftyDayAverage": 14.5199995, "twoHundredDayAverage": 9.512353, "currency": "INR", "fromCurrency": null, "lastMarket": null, "algorithm": null, "tradeable": false}, "incomeStatementHistoryQuarterly": {"incomeStatementHistory": [{"maxAge": 1, "endDate": "2020-06-30", "totalRevenue": 94344000, "costOfRevenue": 22721000, "grossProfit": 71623000, "researchDevelopment": {}, "sellingGeneralAdministrative": 51335000, "nonRecurring": {}, "otherOperatingExpenses": 9823000, "totalOperatingExpenses": 86442000, "operatingIncome": 7902000, "totalOtherIncomeExpenseNet": 2060000, "ebit": 7902000, "interestExpense": -2497000, "incomeBeforeTax": 9962000, "incomeTaxExpense": 3900000, "minorityInterest": {}, "netIncomeFromContinuingOps": 6062000, "discontinuedOperations": {}, "extraordinaryItems": {}, "effectOfAccountingCharges": {}, "otherItems": {}, "netIncome": 10480000, "netIncomeApplicableToCommonShares": 10480000}, {"maxAge": 1, "endDate": "2020-03-31", "totalRevenue": 100621000, "costOfRevenue": 31622000, "grossProfit": 68999000, "researchDevelopment": {}, "sellingGeneralAdministrative": 55302000, "nonRecurring": {}, "otherOperatingExpenses": -2970000, "totalOperatingExpenses": 85919000, "operatingIncome": 14702000, "totalOtherIncomeExpenseNet": 84126000, "ebit": 14702000, "interestExpense": -2039000, "incomeBeforeTax": 98828000, "incomeTaxExpense": -42032000, "minorityInterest": {}, "netIncomeFromContinuingOps": 140860000, "discontinuedOperations": {}, "extraordinaryItems": {}, "effectOfAccountingCharges": {}, "otherItems": {}, "netIncome": 196730000, "netIncomeApplicableToCommonShares": 196730000}, {"maxAge": 1, "endDate": "2019-12-31", "totalRevenue": 96527000, "costOfRevenue": 26786000, "grossProfit": 69741000, "researchDevelopment": {}, "sellingGeneralAdministrative": 48034000, "nonRecurring": {}, "otherOperatingExpenses": 11344000, "totalOperatingExpenses": 88888000, "operatingIncome": 7639000, "totalOtherIncomeExpenseNet": 27163000, "ebit": 7639000, "interestExpense": -2422000, "incomeBeforeTax": 34802000, "incomeTaxExpense": 3397000, "minorityInterest": {}, "netIncomeFromContinuingOps": 31405000, "discontinuedOperations": {}, "extraordinaryItems": {}, "effectOfAccountingCharges": {}, "otherItems": {}, "netIncome": 21080000, "netIncomeApplicableToCommonShares": 21080000}, {"maxAge": 1, "endDate": "2019-09-30", "totalRevenue": 93385000, "costOfRevenue": 27268000, "grossProfit": 66117000, "researchDevelopment": {}, "sellingGeneralAdministrative": 46178000, "nonRecurring": {}, "otherOperatingExpenses": 9592000, "totalOperatingExpenses": 85898000, "operatingIncome": 7487000, "totalOtherIncomeExpenseNet": 15213000, "ebit": 7487000, "interestExpense": -4225000, "incomeBeforeTax": 22700000, "incomeTaxExpense": 3840000, "minorityInterest": {}, "netIncomeFromContinuingOps": 18860000, "discontinuedOperations": {}, "extraordinaryItems": {}, "effectOfAccountingCharges": {}, "otherItems": {}, "netIncome": 20318000, "netIncomeApplicableToCommonShares": 20318000}], "maxAge": 86400}, "cashflowStatementHistoryQuarterly": {"cashflowStatements": [{"maxAge": 1, "endDate": "2020-06-30", "netIncome": 10480000, "changeToLiabilities": 0}, {"maxAge": 1, "endDate": "2020-03-31", "netIncome": 196730000, "changeToLiabilities": 0}, {"maxAge": 1, "endDate": "2019-12-31", "netIncome": 21080000, "changeToLiabilities": 0}, {"maxAge": 1, "endDate": "2019-09-30", "netIncome": 20318000, "changeToLiabilities": 0}], "maxAge": 86400}, "insiderHolders": {"holders": [{"maxAge": 1, "name": "Gold Nest Trading Co, Ltd.", "relation": "Promoter", "url": "", "transactionDescription": "Other", "latestTransDate": "2019-03-08", "positionDirect": 0, "positionDirectDate": "2019-03-08"}, {"maxAge": 1, "name": "South India Travels Pvt Ltd", "relation": "Promoter", "url": "", "transactionDescription": "Other", "latestTransDate": "2018-09-05", "positionDirect": 18581956, "positionDirectDate": "2018-09-05"}], "maxAge": 1}, "calendarEvents": {"maxAge": 1, "earnings": {"earningsDate": []}}, "upgradeDowngradeHistory": {"history": [], "maxAge": 86400}, "price": {"maxAge": 1, "regularMarketChangePercent": 0.018120836, "regularMarketChange": 0.27000046, "regularMarketTime": "2021-04-30 15:07:59", "priceHint": 2, "regularMarketPrice": 15.17, "regularMarketDayHigh": 15.75, "regularMarketDayLow": 14.8, "regularMarketVolume": 2372, "averageDailyVolume10Day": 6935, "averageDailyVolume3Month": 7808, "regularMarketPreviousClose": 14.9, "regularMarketSource": "FREE_REALTIME", "regularMarketOpen": 14.9, "exchange": "BSE", "exchangeName": "BSE", "exchangeDataDelayedBy": 0, "marketState": "CLOSED", "quoteType": "EQUITY", "symbol": "MERCANTILE.BO", "underlyingSymbol": null, "shortName": "Mercantile Ventures Limited", "longName": "Mercantile Ventures Limited", "currency": "INR", "quoteSourceName": "Delayed Quote", "currencySymbol": "\u20b9", "fromCurrency": null, "lastMarket": null, "marketCap": 1697796096}, "balanceSheetHistory": {"balanceSheetStatements": [{"maxAge": 1, "endDate": "2020-03-31", "cash": 128202000, "netReceivables": 86989000, "inventory": 34000, "otherCurrentAssets": 577399000, "totalCurrentAssets": 792624000, "longTermInvestments": 771511000, "propertyPlantEquipment": 1195761000, "goodWill": 8789000, "otherAssets": 113555000, "deferredLongTermAssetCharges": 113555000, "totalAssets": 2882240000, "accountsPayable": 4966000, "otherCurrentLiab": 95152000, "otherLiab": 28144000, "totalCurrentLiabilities": 140521000, "totalLiab": 168665000, "commonStock": 1119182000, "retainedEarnings": 428834000, "treasuryStock": -59688000, "capitalSurplus": 1225247000, "otherStockholderEquity": -59688000, "totalStockholderEquity": 2713575000, "netTangibleAssets": 2704786000}, {"maxAge": 1, "endDate": "2019-03-31", "cash": 51199000, "netReceivables": 69442000, "inventory": 125000, "otherCurrentAssets": 522514000, "totalCurrentAssets": 643280000, "longTermInvestments": 813721000, "propertyPlantEquipment": 1249852000, "goodWill": 33171000, "otherAssets": 100687000, "deferredLongTermAssetCharges": 100583000, "totalAssets": 2840711000, "accountsPayable": 2124000, "otherCurrentLiab": 62662000, "otherLiab": 25220000, "totalCurrentLiabilities": 99730000, "totalLiab": 124950000, "commonStock": 1119182000, "retainedEarnings": 169733000, "treasuryStock": 201599000, "capitalSurplus": 1225247000, "otherStockholderEquity": 201599000, "totalStockholderEquity": 2715761000, "netTangibleAssets": 2682590000}, {"maxAge": 1, "endDate": "2018-03-31", "cash": 29586000, "netReceivables": 57169000, "inventory": 53000, "otherCurrentAssets": 579021000, "totalCurrentAssets": 665829000, "longTermInvestments": 658889000, "propertyPlantEquipment": 1280930000, "goodWill": 5815000, "otherAssets": 97616000, "deferredLongTermAssetCharges": 97512000, "totalAssets": 2709079000, "accountsPayable": 4276000, "shortLongTermDebt": 4291000, "otherCurrentLiab": 73719000, "longTermDebt": 36502000, "otherLiab": 23500000, "totalCurrentLiabilities": 111366000, "totalLiab": 171368000, "commonStock": 1119182000, "retainedEarnings": 98657000, "treasuryStock": 94625000, "capitalSurplus": 1225247000, "otherStockholderEquity": 94625000, "totalStockholderEquity": 2537711000, "netTangibleAssets": 2531896000}, {"maxAge": 1, "endDate": "2017-03-31", "cash": 29800000, "netReceivables": 52383000, "inventory": 372000, "otherCurrentAssets": 1003503000, "totalCurrentAssets": 1086058000, "longTermInvestments": 641605000, "propertyPlantEquipment": 852363000, "goodWill": 4739000, "otherAssets": 126939000, "deferredLongTermAssetCharges": 126849000, "totalAssets": 2711704000, "accountsPayable": 5135000, "shortLongTermDebt": 3829000, "otherCurrentLiab": 136861000, "longTermDebt": 39188000, "otherLiab": 19284000, "totalCurrentLiabilities": 162002000, "totalLiab": 220474000, "commonStock": 1119182000, "retainedEarnings": 113387000, "treasuryStock": 33414000, "capitalSurplus": 1225247000, "otherStockholderEquity": 33414000, "totalStockholderEquity": 2491230000, "netTangibleAssets": 2486491000}], "maxAge": 86400}, "financialData": {"maxAge": 86400, "currentPrice": 15.17, "recommendationKey": "none", "grossProfits": 277576000, "financialCurrency": "INR"}}}