{"MERCATOR.NS": {"assetProfile": {"address1": "83-87, Mittal Tower", "address2": "8th floor B-Wing Nariman Point", "city": "Mumbai", "zip": "400021", "country": "India", "phone": "91 22 6637 3333", "fax": "91 22 6637 3344", "website": "http://www.mercator.in", "industry": "Thermal Coal", "sector": "Energy", "longBusinessSummary": "Mercator Limited, together with its subsidiaries, engages in shipping, dredging, oil and gas, and coal businesses. It operates in two segments, Shipping; and Coal Mining, Trading and Logistics. The company is involved in coal mining, procurement, and logistics activities. It owns and operates coal mines in Indonesia; and a mining license in Mozambique. The company also explores for petroleum in two blocks located in Cambay basin, Gujarat in India. In addition, it has a fleet of oil tankers and dredgers; and rents and leases water-transport equipment. The company was formerly known as Mercator Lines Limited and changed its name to Mercator Limited in November 2011. Mercator Limited was founded in 1983 and is based in Mumbai, India.", "fullTimeEmployees": 247, "companyOfficers": [{"maxAge": 1, "name": "Mr. Harish Kumar Mittal", "age": 71, "title": "Exec. Chairman", "yearBorn": 1949, "fiscalYear": 2020, "totalPay": 0, "exercisedValue": 0, "unexercisedValue": 0}, {"maxAge": 1, "name": "Mr. Shalabh  Mittal", "age": 42, "title": "Chief Exec. Officer", "yearBorn": 1978, "fiscalYear": 2020, "totalPay": 9710000, "exercisedValue": 0, "unexercisedValue": 0}, {"maxAge": 1, "name": "Mr. Rajendra Kumar Kothari", "age": 57, "title": "Chief Financial Officer", "yearBorn": 1963, "fiscalYear": 2020, "totalPay": 6230000, "exercisedValue": 0, "unexercisedValue": 0}, {"maxAge": 1, "name": "Mr. Gurpreet  Malhi", "age": 45, "title": "Chief Operating Officer", "yearBorn": 1975, "exercisedValue": 0, "unexercisedValue": 0}, {"maxAge": 1, "name": "Mr. Adip  Mittal", "age": 34, "title": "Head of Oil & Gas Bus.", "yearBorn": 1986, "exercisedValue": 0, "unexercisedValue": 0}, {"maxAge": 1, "name": "Mr. Kirtipal S. Raheja B.Tech, MBA- XLRI.", "age": 50, "title": "Country Head of Indonesia", "yearBorn": 1970, "fiscalYear": 2007, "exercisedValue": 0, "unexercisedValue": 0}, {"maxAge": 1, "name": "Mr. Vikram  Sharma", "age": 46, "title": "Chief Officer", "yearBorn": 1974, "exercisedValue": 0, "unexercisedValue": 0}, {"maxAge": 1, "name": "Captain Kowshik  Kuchroo", "age": 56, "title": "Pres of Shipping", "yearBorn": 1964, "fiscalYear": 2018, "exercisedValue": 0, "unexercisedValue": 0}, {"maxAge": 1, "name": "Captain Arun  Nanda", "age": 65, "title": "Pres - Shipping", "yearBorn": 1955, "fiscalYear": 2018, "exercisedValue": 0, "unexercisedValue": 0}, {"maxAge": 1, "name": "Mr. Handoko  Soeseno", "title": "Exec. Officer", "exercisedValue": 0, "unexercisedValue": 0}], "compensationAsOfEpochDate": "2020-12-31 05:30:00", "maxAge": 86400}, "recommendationTrend": {"trend": [{"period": "0m", "strongBuy": 0, "buy": 0, "hold": 0, "sell": 0, "strongSell": 0}, {"period": "-1m", "strongBuy": 0, "buy": 0, "hold": 0, "sell": 0, "strongSell": 0}, {"period": "-2m", "strongBuy": 0, "buy": 0, "hold": 0, "sell": 0, "strongSell": 0}, {"period": "-3m", "strongBuy": 0, "buy": 0, "hold": 0, "sell": 0, "strongSell": 0}], "maxAge": 86400}, "cashflowStatementHistory": {"cashflowStatements": [{"maxAge": 1, "endDate": "2020-03-31", "netIncome": -9260900000, "depreciation": 1413500000, "changeToNetincome": 7415800000, "changeToAccountReceivables": -330400000, "changeToLiabilities": -322700000, "changeToInventory": 57200000, "changeToOperatingActivities": 675800000, "totalCashFromOperatingActivities": -351000000, "capitalExpenditures": -458800000, "otherCashflowsFromInvestingActivities": 542200000, "totalCashflowsFromInvestingActivities": 2704700000, "netBorrowings": -848900000, "otherCashflowsFromFinancingActivities": -1322800000, "totalCashFromFinancingActivities": -2171700000, "changeInCash": 182000000}, {"maxAge": 1, "endDate": "2019-03-31", "netIncome": -9086100000, "depreciation": 1767000000, "changeToNetincome": 7916400000, "changeToAccountReceivables": -12300000, "changeToLiabilities": -518000000, "changeToInventory": 14100000, "changeToOperatingActivities": 1014500000, "totalCashFromOperatingActivities": 1096100000, "capitalExpenditures": -1184900000, "otherCashflowsFromInvestingActivities": 1391500000, "totalCashflowsFromInvestingActivities": 1028900000, "netBorrowings": -1062200000, "otherCashflowsFromFinancingActivities": -1154400000, "totalCashFromFinancingActivities": -2216600000, "effectOfExchangeRate": -100000, "changeInCash": -91700000}, {"maxAge": 1, "endDate": "2018-03-31", "netIncome": -2952600000, "depreciation": 1856700000, "changeToNetincome": 3342200000, "changeToAccountReceivables": 518200000, "changeToLiabilities": 756300000, "changeToInventory": 12400000, "changeToOperatingActivities": -288500000, "totalCashFromOperatingActivities": 3248400000, "capitalExpenditures": -2253500000, "investments": -17400000, "otherCashflowsFromInvestingActivities": -527100000, "totalCashflowsFromInvestingActivities": -2074300000, "dividendsPaid": -16200000, "netBorrowings": -1260800000, "otherCashflowsFromFinancingActivities": -1943000000, "totalCashFromFinancingActivities": -1888200000, "effectOfExchangeRate": -100000, "changeInCash": -714200000, "issuanceOfStock": 1331800000}, {"maxAge": 1, "endDate": "2017-03-31", "netIncome": 245000000, "depreciation": 3185700000, "changeToNetincome": 2721200000, "changeToAccountReceivables": 1327400000, "changeToLiabilities": -2101100000, "changeToInventory": 13700000, "changeToOperatingActivities": -190900000, "totalCashFromOperatingActivities": 5201700000, "capitalExpenditures": -1515800000, "investments": -489700000, "otherCashflowsFromInvestingActivities": 794400000, "totalCashflowsFromInvestingActivities": 3688000000, "dividendsPaid": -29500000, "netBorrowings": -7928900000, "otherCashflowsFromFinancingActivities": -1832600000, "totalCashFromFinancingActivities": -8795200000, "effectOfExchangeRate": -1200000, "changeInCash": 93300000, "issuanceOfStock": 995800000}], "maxAge": 86400}, "indexTrend": {"maxAge": 1, "symbol": "SP5", "peRatio": 19.7411, "pegRatio": 1.34172, "estimates": [{"period": "0q", "growth": 0.549}, {"period": "+1q", "growth": 0.431}, {"period": "0y", "growth": 0.305}, {"period": "+1y", "growth": 0.109}, {"period": "+5y", "growth": 0.120865}, {"period": "-5y"}]}, "defaultKeyStatistics": {"maxAge": 1, "priceHint": 4, "enterpriseValue": 20519602176, "profitMargins": -0.83724, "floatShares": 244307299, "sharesOutstanding": 302459008, "heldPercentInsiders": 0.24157, "heldPercentInstitutions": 0.02722, "beta": 1.405207, "category": null, "bookValue": -39.747, "fundFamily": null, "legalType": null, "lastFiscalYearEnd": "2020-03-31 05:30:00", "nextFiscalYearEnd": "2022-03-31 05:30:00", "mostRecentQuarter": "2020-12-31 05:30:00", "netIncomeToCommon": -4759600128, "trailingEps": -15.749, "lastSplitFactor": "5:2", "lastSplitDate": "2006-02-02 05:30:00", "enterpriseToRevenue": 3.609, "enterpriseToEbitda": 27.953}, "industryTrend": {"maxAge": 1, "symbol": null, "estimates": []}, "quoteType": {"exchange": "NSI", "quoteType": "EQUITY", "symbol": "MERCATOR.NS", "underlyingSymbol": "MERCATOR.NS", "shortName": "MERCATOR LTD", "longName": "Mercator Limited", "firstTradeDateEpochUtc": "2005-06-20 09:15:00", "timeZoneFullName": "Asia/Kolkata", "timeZoneShortName": "IST", "uuid": "dfab7b97-a750-3e28-8517-6777224c3406", "gmtOffSetMilliseconds": 19800000, "maxAge": 1}, "incomeStatementHistory": {"incomeStatementHistory": [{"maxAge": 1, "endDate": "2020-03-31", "totalRevenue": 6472200000, "costOfRevenue": 4535700000, "grossProfit": 1936500000, "researchDevelopment": {}, "sellingGeneralAdministrative": 522600000, "nonRecurring": {}, "otherOperatingExpenses": 931500000, "totalOperatingExpenses": 7404000000, "operatingIncome": -931800000, "totalOtherIncomeExpenseNet": -8053000000, "ebit": -931800000, "interestExpense": -1452000000, "incomeBeforeTax": -8984800000, "incomeTaxExpense": 110500000, "minorityInterest": 1041400000, "netIncomeFromContinuingOps": -9095300000, "discontinuedOperations": -29300000, "extraordinaryItems": {}, "effectOfAccountingCharges": {}, "otherItems": {}, "netIncome": -9260900000, "netIncomeApplicableToCommonShares": -9260900000}, {"maxAge": 1, "endDate": "2019-03-31", "totalRevenue": 8691700000, "costOfRevenue": 5983400000, "grossProfit": 2708300000, "researchDevelopment": {}, "sellingGeneralAdministrative": 722400000, "nonRecurring": {}, "otherOperatingExpenses": 1062300000, "totalOperatingExpenses": 9537000000, "operatingIncome": -845300000, "totalOtherIncomeExpenseNet": -4274200000, "ebit": -845300000, "interestExpense": -1284100000, "incomeBeforeTax": -5119500000, "incomeTaxExpense": 324800000, "minorityInterest": 905000000, "netIncomeFromContinuingOps": -5444300000, "discontinuedOperations": -3346600000, "extraordinaryItems": {}, "effectOfAccountingCharges": {}, "otherItems": {}, "netIncome": -9086100000, "netIncomeApplicableToCommonShares": -9086100000}, {"maxAge": 1, "endDate": "2018-03-31", "totalRevenue": 9326600000, "costOfRevenue": 6411400000, "grossProfit": 2915200000, "researchDevelopment": {}, "sellingGeneralAdministrative": 416700000, "nonRecurring": {}, "otherOperatingExpenses": 866900000, "totalOperatingExpenses": 9239600000, "operatingIncome": 87000000, "totalOtherIncomeExpenseNet": -1802700000, "ebit": 87000000, "interestExpense": -867400000, "incomeBeforeTax": -1715700000, "incomeTaxExpense": 602400000, "minorityInterest": 609700000, "netIncomeFromContinuingOps": -2318100000, "discontinuedOperations": -457300000, "extraordinaryItems": {}, "effectOfAccountingCharges": {}, "otherItems": {}, "netIncome": -2952600000, "netIncomeApplicableToCommonShares": -2952600000}, {"maxAge": 1, "endDate": "2017-03-31", "totalRevenue": 21153900000, "costOfRevenue": 13507600000, "grossProfit": 7646300000, "researchDevelopment": {}, "sellingGeneralAdministrative": 748100000, "nonRecurring": {}, "otherOperatingExpenses": 1000000000, "totalOperatingExpenses": 18442100000, "operatingIncome": 2711800000, "totalOtherIncomeExpenseNet": -2211700000, "ebit": 2711800000, "interestExpense": -2004600000, "incomeBeforeTax": 500100000, "incomeTaxExpense": 212100000, "minorityInterest": 579300000, "netIncomeFromContinuingOps": 288000000, "discontinuedOperations": -457300000, "extraordinaryItems": {}, "effectOfAccountingCharges": {}, "otherItems": {}, "netIncome": 245000000, "netIncomeApplicableToCommonShares": 245000000}], "maxAge": 86400}, "fundOwnership": {"ownershipList": [], "maxAge": 1}, "summaryDetail": {"maxAge": 1, "priceHint": 4, "previousClose": 0.95, "open": 1.0, "dayLow": 0.95, "dayHigh": 1.0, "regularMarketPreviousClose": 0.95, "regularMarketOpen": 1.0, "regularMarketDayLow": 0.95, "regularMarketDayHigh": 1.0, "exDividendDate": "2017-09-07 05:30:00", "payoutRatio": 0.0, "beta": 1.405207, "volume": 1071680, "regularMarketVolume": 1071680, "averageVolume": 540441, "averageVolume10days": 460558, "averageDailyVolume10Day": 460558, "bid": 0.0, "ask": 0.0, "bidSize": 0, "askSize": 0, "marketCap": 302459008, "fiftyTwoWeekLow": 0.55, "fiftyTwoWeekHigh": 1.65, "priceToSalesTrailing12Months": 0.053197376, "fiftyDayAverage": 0.96363634, "twoHundredDayAverage": 0.9596428, "trailingAnnualDividendRate": 0.05, "trailingAnnualDividendYield": 0.05263158, "currency": "INR", "fromCurrency": null, "lastMarket": null, "algorithm": null, "tradeable": false}, "insiderHolders": {"holders": [{"maxAge": 1, "name": "Agarwal (Aayush)", "relation": "Promoter", "url": "", "transactionDescription": "Sale", "latestTransDate": "2017-02-27", "positionDirect": 0, "positionDirectDate": "2017-02-27"}, {"maxAge": 1, "name": "Agarwal (Arooshi)", "relation": "Promoter", "url": "", "transactionDescription": "Sale", "latestTransDate": "2017-02-27", "positionDirect": 0, "positionDirectDate": "2017-02-27"}, {"maxAge": 1, "name": "Agarwal (Atul J)", "relation": "Promoter", "url": "", "transactionDescription": "Sale", "latestTransDate": "2016-10-06", "positionDirect": 0, "positionDirectDate": "2016-10-06"}, {"maxAge": 1, "name": "Agarwal (Manjuli)", "relation": "Promoter", "url": "", "transactionDescription": "Acquisition", "latestTransDate": "2016-11-25", "positionDirectDate": "2016-11-25"}, {"maxAge": 1, "name": "Garg (Ritu)", "relation": "UNREPORTED", "url": "", "transactionDescription": "Acquisition", "latestTransDate": "2014-03-26", "positionDirect": 200000, "positionDirectDate": "2014-03-26"}, {"maxAge": 1, "name": "Khanna (Anil) HUF", "relation": "UNREPORTED", "url": "", "transactionDescription": "Acquisition", "latestTransDate": "2010-08-31", "positionDirect": 43070, "positionDirectDate": "2010-08-31"}, {"maxAge": 1, "name": "Khanna (Simi)", "relation": "UNREPORTED", "url": "", "transactionDescription": "Acquisition", "latestTransDate": "2010-12-10", "positionDirect": 68725, "positionDirectDate": "2010-12-10"}, {"maxAge": 1, "name": "Kuchroo (Kowshik)", "relation": "Divisional Officer", "url": "", "transactionDescription": "Sale", "latestTransDate": "2016-05-17", "positionDirect": 15000, "positionDirectDate": "2016-05-17"}, {"maxAge": 1, "name": "Mittal (Archana)", "relation": "Additonal Director", "url": "", "transactionDescription": "Acquisition", "latestTransDate": "2016-04-27", "positionDirect": 27027400, "positionDirectDate": "2016-04-27"}, {"maxAge": 1, "name": "Mittal (Harishkumar)", "relation": "Executive Chairman", "url": "", "transactionDescription": "Acquisition", "latestTransDate": "2018-10-05", "positionDirect": 48508700, "positionDirectDate": "2018-10-05"}], "maxAge": 1}, "calendarEvents": {"maxAge": 1, "earnings": {"earningsDate": []}, "exDividendDate": "2017-09-07 05:30:00"}, "upgradeDowngradeHistory": {"history": [], "maxAge": 86400}, "price": {"maxAge": 1, "regularMarketChangePercent": 0.052631594, "regularMarketChange": 0.050000012, "regularMarketTime": "2021-04-30 15:26:41", "priceHint": 4, "regularMarketPrice": 1.0, "regularMarketDayHigh": 1.0, "regularMarketDayLow": 0.95, "regularMarketVolume": 1071680, "averageDailyVolume10Day": 460558, "averageDailyVolume3Month": 540441, "regularMarketPreviousClose": 0.95, "regularMarketSource": "FREE_REALTIME", "regularMarketOpen": 1.0, "exchange": "NSI", "exchangeName": "NSE", "exchangeDataDelayedBy": 15, "marketState": "CLOSED", "quoteType": "EQUITY", "symbol": "MERCATOR.NS", "underlyingSymbol": null, "shortName": "MERCATOR LTD", "longName": "Mercator Limited", "currency": "INR", "quoteSourceName": "Delayed Quote", "currencySymbol": "\u20b9", "fromCurrency": null, "lastMarket": null, "marketCap": 302459008}, "balanceSheetHistory": {"balanceSheetStatements": [{"maxAge": 1, "endDate": "2020-03-31", "cash": 314900000, "netReceivables": 1786000000, "inventory": 94800000, "otherCurrentAssets": 3220400000, "totalCurrentAssets": 6310500000, "propertyPlantEquipment": 3348500000, "intangibleAssets": 400000, "otherAssets": 3276100000, "deferredLongTermAssetCharges": 14900000, "totalAssets": 12935500000, "accountsPayable": 1859800000, "shortLongTermDebt": 9452500000, "otherCurrentLiab": 926500000, "otherLiab": 394500000, "minorityInterest": 1041400000, "totalCurrentLiabilities": 22081600000, "totalLiab": 22476100000, "commonStock": 302500000, "retainedEarnings": -17724700000, "treasuryStock": 932700000, "capitalSurplus": 5907500000, "otherStockholderEquity": 932700000, "totalStockholderEquity": -10582000000, "netTangibleAssets": -10582400000}, {"maxAge": 1, "endDate": "2019-03-31", "cash": 132900000, "netReceivables": 2105200000, "inventory": 152000000, "otherCurrentAssets": 2583400000, "totalCurrentAssets": 6897800000, "propertyPlantEquipment": 11218300000, "intangibleAssets": 1100000, "otherAssets": 3804200000, "deferredLongTermAssetCharges": 13000000, "totalAssets": 21921400000, "accountsPayable": 2134900000, "shortLongTermDebt": 4954400000, "otherCurrentLiab": 1328200000, "longTermDebt": 5144800000, "otherLiab": 376400000, "minorityInterest": 905000000, "totalCurrentLiabilities": 16061200000, "totalLiab": 21582400000, "commonStock": 302500000, "retainedEarnings": -8081500000, "treasuryStock": 1305500000, "capitalSurplus": 5907500000, "otherStockholderEquity": 1305500000, "totalStockholderEquity": -566000000, "netTangibleAssets": -567100000}, {"maxAge": 1, "endDate": "2018-03-31", "cash": 224600000, "shortTermInvestments": 29300000, "netReceivables": 6021600000, "inventory": 166100000, "otherCurrentAssets": 1922700000, "totalCurrentAssets": 10589500000, "propertyPlantEquipment": 14588700000, "intangibleAssets": 5400000, "otherAssets": 6974700000, "totalAssets": 32158300000, "accountsPayable": 2652900000, "shortLongTermDebt": 2928100000, "otherCurrentLiab": 1382000000, "longTermDebt": 10126000000, "otherLiab": 462700000, "deferredLongTermLiab": 38900000, "minorityInterest": 609700000, "totalCurrentLiabilities": 11433100000, "totalLiab": 22021800000, "commonStock": 302500000, "retainedEarnings": 1004800000, "treasuryStock": 2312000000, "capitalSurplus": 5907500000, "otherStockholderEquity": 2312000000, "totalStockholderEquity": 9526800000, "netTangibleAssets": 9521400000}, {"maxAge": 1, "endDate": "2017-03-31", "cash": 938800000, "shortTermInvestments": 29400000, "netReceivables": 6801100000, "inventory": 178500000, "otherCurrentAssets": 1570100000, "totalCurrentAssets": 11489400000, "propertyPlantEquipment": 25570000000, "intangibleAssets": 1900000, "otherAssets": 2359500000, "totalAssets": 39420800000, "accountsPayable": 1892100000, "shortLongTermDebt": 2165500000, "otherCurrentLiab": 7878800000, "longTermDebt": 11995700000, "otherLiab": 507800000, "deferredLongTermLiab": 12000000, "minorityInterest": 579300000, "totalCurrentLiabilities": 16418900000, "totalLiab": 28922400000, "commonStock": 269900000, "retainedEarnings": 3976200000, "treasuryStock": 1064700000, "capitalSurplus": 4608300000, "otherStockholderEquity": 1064700000, "totalStockholderEquity": 9919100000, "netTangibleAssets": 9917200000}], "maxAge": 86400}, "earningsTrend": {"trend": [{"maxAge": 1, "period": "0q", "endDate": null, "growth": {}, "earningsEstimate": {"avg": 0.0, "low": 0.0, "high": 0.0, "yearAgoEps": {}, "numberOfAnalysts": 0, "growth": {}}, "revenueEstimate": {"avg": 0, "low": 0, "high": 0, "numberOfAnalysts": 0, "yearAgoRevenue": {}, "growth": {}}, "epsTrend": {"current": 0.0, "7daysAgo": 0.0, "30daysAgo": 0.0, "60daysAgo": 0.0, "90daysAgo": 0.0}, "epsRevisions": {"upLast7days": 0, "upLast30days": 0, "downLast30days": 0, "downLast90days": {}}}, {"maxAge": 1, "period": "+1q", "endDate": null, "growth": {}, "earningsEstimate": {"avg": 0.0, "low": 0.0, "high": 0.0, "yearAgoEps": {}, "numberOfAnalysts": 0, "growth": {}}, "revenueEstimate": {"avg": 0, "low": 0, "high": 0, "numberOfAnalysts": 0, "yearAgoRevenue": {}, "growth": {}}, "epsTrend": {"current": 0.0, "7daysAgo": 0.0, "30daysAgo": 0.0, "60daysAgo": 0.0, "90daysAgo": 0.0}, "epsRevisions": {"upLast7days": 0, "upLast30days": 0, "downLast30days": 0, "downLast90days": {}}}, {"maxAge": 1, "period": "0y", "endDate": null, "growth": {}, "earningsEstimate": {"avg": 0.0, "low": 0.0, "high": 0.0, "yearAgoEps": {}, "numberOfAnalysts": 0, "growth": {}}, "revenueEstimate": {"avg": 0, "low": 0, "high": 0, "numberOfAnalysts": 0, "yearAgoRevenue": {}, "growth": {}}, "epsTrend": {"current": 0.0, "7daysAgo": 0.0, "30daysAgo": 0.0, "60daysAgo": 0.0, "90daysAgo": 0.0}, "epsRevisions": {"upLast7days": 0, "upLast30days": 0, "downLast30days": 0, "downLast90days": {}}}, {"maxAge": 1, "period": "+1y", "endDate": null, "growth": {}, "earningsEstimate": {"avg": 0.0, "low": 0.0, "high": 0.0, "yearAgoEps": {}, "numberOfAnalysts": 0, "growth": {}}, "revenueEstimate": {"avg": 0, "low": 0, "high": 0, "numberOfAnalysts": 0, "yearAgoRevenue": {}, "growth": {}}, "epsTrend": {"current": 0.0, "7daysAgo": 0.0, "30daysAgo": 0.0, "60daysAgo": 0.0, "90daysAgo": 0.0}, "epsRevisions": {"upLast7days": 0, "upLast30days": 0, "downLast30days": 0, "downLast90days": {}}}, {"maxAge": 1, "period": "+5y", "endDate": null, "growth": {}, "earningsEstimate": {"avg": {}, "low": {}, "high": {}, "yearAgoEps": {}, "numberOfAnalysts": {}, "growth": {}}, "revenueEstimate": {"avg": {}, "low": {}, "high": {}, "numberOfAnalysts": {}, "yearAgoRevenue": {}, "growth": {}}, "epsTrend": {"current": {}, "7daysAgo": {}, "30daysAgo": {}, "60daysAgo": {}, "90daysAgo": {}}, "epsRevisions": {"upLast7days": {}, "upLast30days": {}, "downLast30days": {}, "downLast90days": {}}}, {"maxAge": 1, "period": "-5y", "endDate": null, "growth": -0.39034, "earningsEstimate": {"avg": {}, "low": {}, "high": {}, "yearAgoEps": {}, "numberOfAnalysts": {}, "growth": {}}, "revenueEstimate": {"avg": {}, "low": {}, "high": {}, "numberOfAnalysts": {}, "yearAgoRevenue": {}, "growth": {}}, "epsTrend": {"current": {}, "7daysAgo": {}, "30daysAgo": {}, "60daysAgo": {}, "90daysAgo": {}}, "epsRevisions": {"upLast7days": {}, "upLast30days": {}, "downLast30days": {}, "downLast90days": {}}}], "maxAge": 1}, "institutionOwnership": {"ownershipList": [], "maxAge": 1}, "majorHoldersBreakdown": {"maxAge": 1, "insidersPercentHeld": 0.24157, "institutionsPercentHeld": 0.02722, "institutionsFloatPercentHeld": 0.0359, "institutionsCount": 2}, "balanceSheetHistoryQuarterly": {"balanceSheetStatements": [{"maxAge": 1, "endDate": "2020-12-31", "totalStockholderEquity": -12041700000, "netTangibleAssets": -12042000000}, {"maxAge": 1, "endDate": "2020-09-30", "cash": 222300000, "shortTermInvestments": 855800000, "netReceivables": 1709900000, "inventory": 120500000, "otherCurrentAssets": 3241700000, "totalCurrentAssets": 6150200000, "longTermInvestments": 2046400000, "propertyPlantEquipment": 3102500000, "intangibleAssets": 300000, "otherAssets": 918600000, "deferredLongTermAssetCharges": 14600000, "totalAssets": 12218000000, "accountsPayable": 2086100000, "shortLongTermDebt": 13604500000, "otherCurrentLiab": 619400000, "otherLiab": 242700000, "minorityInterest": 1096600000, "totalCurrentLiabilities": 22920400000, "totalLiab": 23163100000, "commonStock": 302500000, "treasuryStock": -12344200000, "otherStockholderEquity": -12344200000, "totalStockholderEquity": -12041700000, "netTangibleAssets": -12042000000}, {"maxAge": 1, "endDate": "2020-06-30", "totalStockholderEquity": -10582000000, "netTangibleAssets": -10582400000}, {"maxAge": 1, "endDate": "2020-03-31", "cash": 314900000, "netReceivables": 1786000000, "inventory": 94800000, "otherCurrentAssets": 3220400000, "totalCurrentAssets": 6310500000, "propertyPlantEquipment": 3348500000, "intangibleAssets": 400000, "otherAssets": 3276100000, "deferredLongTermAssetCharges": 14900000, "totalAssets": 12935500000, "accountsPayable": 1859800000, "shortLongTermDebt": 9452500000, "otherCurrentLiab": 926500000, "otherLiab": 394500000, "minorityInterest": 1041400000, "totalCurrentLiabilities": 22081600000, "totalLiab": 22476100000, "commonStock": 302500000, "retainedEarnings": -17724700000, "treasuryStock": 932700000, "capitalSurplus": 5907500000, "otherStockholderEquity": 932700000, "totalStockholderEquity": -10582000000, "netTangibleAssets": -10582400000}], "maxAge": 86400}, "earningsHistory": {"history": [{"maxAge": 1, "epsActual": {}, "epsEstimate": {}, "epsDifference": {}, "surprisePercent": {}, "quarter": {}, "period": "-4q"}, {"maxAge": 1, "epsActual": {}, "epsEstimate": {}, "epsDifference": {}, "surprisePercent": {}, "quarter": {}, "period": "-3q"}, {"maxAge": 1, "epsActual": {}, "epsEstimate": {}, "epsDifference": {}, "surprisePercent": {}, "quarter": {}, "period": "-2q"}, {"maxAge": 1, "epsActual": {}, "epsEstimate": {}, "epsDifference": {}, "surprisePercent": {}, "quarter": {}, "period": "-1q"}], "maxAge": 86400}, "summaryProfile": {"address1": "83-87, Mittal Tower", "address2": "8th floor B-Wing Nariman Point", "city": "Mumbai", "zip": "400021", "country": "India", "phone": "91 22 6637 3333", "fax": "91 22 6637 3344", "website": "http://www.mercator.in", "industry": "Thermal Coal", "sector": "Energy", "longBusinessSummary": "Mercator Limited, together with its subsidiaries, engages in shipping, dredging, oil and gas, and coal businesses. It operates in two segments, Shipping; and Coal Mining, Trading and Logistics. The company is involved in coal mining, procurement, and logistics activities. It owns and operates coal mines in Indonesia; and a mining license in Mozambique. The company also explores for petroleum in two blocks located in Cambay basin, Gujarat in India. In addition, it has a fleet of oil tankers and dredgers; and rents and leases water-transport equipment. The company was formerly known as Mercator Lines Limited and changed its name to Mercator Limited in November 2011. Mercator Limited was founded in 1983 and is based in Mumbai, India.", "fullTimeEmployees": 247, "companyOfficers": [], "maxAge": 86400}, "netSharePurchaseActivity": {"maxAge": 1, "period": "6m", "buyInfoCount": 0, "buyInfoShares": 0, "sellInfoCount": 0, "netInfoCount": 0, "netInfoShares": 0, "netPercentInsiderShares": 0.0, "totalInsiderShares": 73208848}, "insiderTransactions": {"transactions": [{"maxAge": 1, "shares": 100000, "filerUrl": "", "transactionText": "", "filerName": "Mittal (Harishkumar)", "filerRelation": "Executive Chairman", "moneyText": "", "startDate": "2018-10-05", "ownership": "D"}, {"maxAge": 1, "shares": 37783847, "filerUrl": "", "transactionText": "", "filerName": "Mittal (Harishkumar)", "filerRelation": "Executive Chairman", "moneyText": "", "startDate": "2018-09-28", "ownership": "D"}, {"maxAge": 1, "shares": 3000000, "filerUrl": "", "transactionText": "", "filerName": "Mittal (Harishkumar)", "filerRelation": "Executive Chairman", "moneyText": "", "startDate": "2018-08-03", "ownership": "D"}, {"maxAge": 1, "shares": 3000000, "filerUrl": "", "transactionText": "", "filerName": "Mittal (Harishkumar)", "filerRelation": "Executive Chairman", "moneyText": "", "startDate": "2018-06-29", "ownership": "D"}, {"maxAge": 1, "shares": 22000, "filerUrl": "", "transactionText": "", "filerName": "Mittal (Harishkumar)", "filerRelation": "Executive Chairman", "moneyText": "", "startDate": "2018-06-15", "ownership": "D"}, {"maxAge": 1, "shares": 32174173, "filerUrl": "", "transactionText": "", "filerName": "Mittal (Harishkumar)", "filerRelation": "Executive Chairman", "moneyText": "", "startDate": "2018-06-08", "ownership": "D"}, {"maxAge": 1, "shares": 41039964, "filerUrl": "", "transactionText": "", "filerName": "Mittal (Harishkumar)", "filerRelation": "Executive Chairman", "moneyText": "", "startDate": "2018-04-26", "ownership": "D"}, {"maxAge": 1, "shares": 300000, "filerUrl": "", "transactionText": "", "filerName": "Mittal (Harishkumar)", "filerRelation": "Executive Chairman", "moneyText": "", "startDate": "2017-09-01", "ownership": "D"}, {"maxAge": 1, "shares": 21721, "filerUrl": "", "transactionText": "", "filerName": "Agarwal (Arooshi)", "filerRelation": "Promoter", "moneyText": "", "startDate": "2017-02-27", "ownership": "D"}, {"maxAge": 1, "shares": 7500, "filerUrl": "", "transactionText": "", "filerName": "Agarwal (Aayush)", "filerRelation": "Promoter", "moneyText": "", "startDate": "2017-02-27", "ownership": "D"}, {"maxAge": 1, "shares": 52500, "filerUrl": "", "transactionText": "", "filerName": "Agarwal (Aayush)", "filerRelation": "Promoter", "moneyText": "", "startDate": "2017-02-21", "ownership": "D"}, {"maxAge": 1, "shares": 38279, "filerUrl": "", "transactionText": "", "filerName": "Agarwal (Arooshi)", "filerRelation": "Promoter", "moneyText": "", "startDate": "2017-02-21", "ownership": "D"}, {"maxAge": 1, "shares": 39207, "filerUrl": "", "transactionText": "", "filerName": "Agarwal (Aayush)", "filerRelation": "Promoter", "moneyText": "", "startDate": "2016-12-22", "ownership": "D"}, {"maxAge": 1, "shares": 10000, "filerUrl": "", "transactionText": "", "filerName": "Agarwal (Arooshi)", "filerRelation": "Promoter", "moneyText": "", "startDate": "2016-12-22", "ownership": "D"}, {"maxAge": 1, "shares": 72000, "filerUrl": "", "transactionText": "", "filerName": "Agarwal (Aayush)", "filerRelation": "Promoter", "moneyText": "", "startDate": "2016-12-14", "ownership": "D"}, {"maxAge": 1, "shares": 100000, "filerUrl": "", "transactionText": "", "filerName": "Agarwal (Arooshi)", "filerRelation": "Promoter", "moneyText": "", "startDate": "2016-12-14", "ownership": "D"}, {"maxAge": 1, "shares": 103793, "filerUrl": "", "transactionText": "", "filerName": "Agarwal (Aayush)", "filerRelation": "Promoter", "moneyText": "", "startDate": "2016-12-02", "ownership": "D"}, {"maxAge": 1, "shares": 105000, "filerUrl": "", "transactionText": "", "filerName": "Agarwal (Arooshi)", "filerRelation": "Promoter", "moneyText": "", "startDate": "2016-12-02", "ownership": "D"}, {"maxAge": 1, "shares": 42500, "filerUrl": "", "transactionText": "", "filerName": "Agarwal (Aayush)", "filerRelation": "Promoter", "moneyText": "", "startDate": "2016-11-29", "ownership": "D"}, {"maxAge": 1, "shares": 42500, "filerUrl": "", "transactionText": "", "filerName": "Agarwal (Arooshi)", "filerRelation": "Promoter", "moneyText": "", "startDate": "2016-11-29", "ownership": "D"}, {"maxAge": 1, "shares": 19966, "filerUrl": "", "transactionText": "", "filerName": "Agarwal (Manjuli)", "filerRelation": "Promoter", "moneyText": "", "startDate": "2016-11-25", "ownership": "D"}, {"maxAge": 1, "shares": 539034, "filerUrl": "", "transactionText": "", "filerName": "Agarwal (Manjuli)", "filerRelation": "Promoter", "moneyText": "", "startDate": "2016-10-06", "ownership": "D"}, {"maxAge": 1, "shares": 5460966, "filerUrl": "", "transactionText": "", "filerName": "Agarwal (Atul J)", "filerRelation": "Promoter", "moneyText": "", "startDate": "2016-10-06", "ownership": "D"}, {"maxAge": 1, "shares": 70000, "filerUrl": "", "transactionText": "", "filerName": "Kuchroo (Kowshik)", "filerRelation": "Divisional Officer", "moneyText": "", "startDate": "2016-05-17", "ownership": "D"}, {"maxAge": 1, "shares": 700000, "filerUrl": "", "transactionText": "", "filerName": "Mittal (Archana)", "filerRelation": "Additonal Director", "moneyText": "", "startDate": "2016-04-27", "ownership": "D"}, {"maxAge": 1, "shares": 112500, "filerUrl": "", "transactionText": "", "filerName": "Mittal (Harishkumar)", "filerRelation": "Executive Chairman", "moneyText": "", "startDate": "2016-03-28", "ownership": "D"}, {"maxAge": 1, "shares": 44336, "filerUrl": "", "transactionText": "", "filerName": "Garg (Ritu)", "filerRelation": "UNREPORTED", "moneyText": "", "startDate": "2014-03-26", "ownership": "D"}, {"maxAge": 1, "shares": 155664, "filerUrl": "", "transactionText": "", "filerName": "Garg (Ritu)", "filerRelation": "UNREPORTED", "moneyText": "", "startDate": "2014-03-25", "ownership": "D"}, {"maxAge": 1, "shares": 5500, "filerUrl": "", "transactionText": "", "filerName": "Khanna (Simi)", "filerRelation": "UNREPORTED", "moneyText": "", "startDate": "2010-12-10", "ownership": "D"}, {"maxAge": 1, "shares": 4000, "filerUrl": "", "transactionText": "", "filerName": "Khanna (Anil) HUF", "filerRelation": "UNREPORTED", "moneyText": "", "startDate": "2010-08-31", "ownership": "D"}, {"maxAge": 1, "shares": 4000, "filerUrl": "", "transactionText": "", "filerName": "Khanna (Anil)", "filerRelation": "Director (Non-Executive)", "moneyText": "", "startDate": "2010-06-03", "ownership": "D"}], "maxAge": 1}, "sectorTrend": {"maxAge": 1, "symbol": null, "estimates": []}, "incomeStatementHistoryQuarterly": {"incomeStatementHistory": [{"maxAge": 1, "endDate": "2020-12-31", "totalRevenue": 1516300000, "costOfRevenue": 1095500000, "grossProfit": 420800000, "researchDevelopment": {}, "sellingGeneralAdministrative": 75000000, "nonRecurring": {}, "otherOperatingExpenses": 82900000, "totalOperatingExpenses": 1395800000, "operatingIncome": 120500000, "totalOtherIncomeExpenseNet": -748000000, "ebit": 120500000, "interestExpense": -749900000, "incomeBeforeTax": -627500000, "incomeTaxExpense": 25800000, "minorityInterest": {}, "netIncomeFromContinuingOps": -653300000, "discontinuedOperations": {}, "extraordinaryItems": {}, "effectOfAccountingCharges": {}, "otherItems": {}, "netIncome": -724300000, "netIncomeApplicableToCommonShares": -724300000}, {"maxAge": 1, "endDate": "2020-09-30", "totalRevenue": 1248400000, "costOfRevenue": 826700000, "grossProfit": 421700000, "researchDevelopment": {}, "sellingGeneralAdministrative": 97400000, "nonRecurring": {}, "otherOperatingExpenses": 257900000, "totalOperatingExpenses": 1305700000, "operatingIncome": -57300000, "totalOtherIncomeExpenseNet": -661100000, "ebit": -57300000, "interestExpense": -664600000, "incomeBeforeTax": -718400000, "incomeTaxExpense": 14300000, "minorityInterest": 1096600000, "netIncomeFromContinuingOps": -732700000, "discontinuedOperations": {}, "extraordinaryItems": {}, "effectOfAccountingCharges": {}, "otherItems": {}, "netIncome": -757400000, "netIncomeApplicableToCommonShares": -757400000}, {"maxAge": 1, "endDate": "2020-06-30", "totalRevenue": 1196300000, "costOfRevenue": 914900000, "grossProfit": 281400000, "researchDevelopment": {}, "sellingGeneralAdministrative": 49400000, "nonRecurring": {}, "otherOperatingExpenses": 68900000, "totalOperatingExpenses": 1155600000, "operatingIncome": 40700000, "totalOtherIncomeExpenseNet": -674500000, "ebit": 40700000, "interestExpense": -686100000, "incomeBeforeTax": -633800000, "incomeTaxExpense": 21300000, "minorityInterest": 1096600000, "netIncomeFromContinuingOps": -655100000, "discontinuedOperations": {}, "extraordinaryItems": {}, "effectOfAccountingCharges": {}, "otherItems": {}, "netIncome": -685600000, "netIncomeApplicableToCommonShares": -685600000}, {"maxAge": 1, "endDate": "2020-03-31", "totalRevenue": 1724600000, "costOfRevenue": 1153600000, "grossProfit": 571000000, "researchDevelopment": {}, "sellingGeneralAdministrative": 244500000, "nonRecurring": {}, "otherOperatingExpenses": 136400000, "totalOperatingExpenses": 2242800000, "operatingIncome": -518200000, "totalOtherIncomeExpenseNet": -2032300000, "ebit": -518200000, "interestExpense": -686100000, "incomeBeforeTax": -2550500000, "incomeTaxExpense": 7300000, "minorityInterest": 1041400000, "netIncomeFromContinuingOps": -2557800000, "discontinuedOperations": -600000, "extraordinaryItems": {}, "effectOfAccountingCharges": {}, "otherItems": {}, "netIncome": -2592900000, "netIncomeApplicableToCommonShares": -2592900000}], "maxAge": 86400}, "cashflowStatementHistoryQuarterly": {"cashflowStatements": [{"maxAge": 1, "endDate": "2020-12-31", "netIncome": -724300000, "changeToLiabilities": 0}, {"maxAge": 1, "endDate": "2020-09-30", "netIncome": -757400000, "changeToLiabilities": 0}, {"maxAge": 1, "endDate": "2020-06-30", "netIncome": -685600000, "changeToLiabilities": 0}, {"maxAge": 1, "endDate": "2020-03-31", "netIncome": -2592900000, "changeToLiabilities": 0}], "maxAge": 86400}, "earnings": {"maxAge": 86400, "earningsChart": {"quarterly": [], "earningsDate": []}, "financialsChart": {"yearly": [{"date": 2017, "revenue": 21153900000, "earnings": 245000000}, {"date": 2018, "revenue": 9326600000, "earnings": -2952600000}, {"date": 2019, "revenue": 8691700000, "earnings": -9086100000}, {"date": 2020, "revenue": 6472200000, "earnings": -9260900000}], "quarterly": [{"date": "1Q2020", "revenue": 1724600000, "earnings": -2592900000}, {"date": "2Q2020", "revenue": 1196300000, "earnings": -685600000}, {"date": "3Q2020", "revenue": 1248400000, "earnings": -757400000}, {"date": "4Q2020", "revenue": 1516300000, "earnings": -724300000}]}, "financialCurrency": "INR"}, "financialData": {"maxAge": 86400, "currentPrice": 1.0, "targetHighPrice": 12.0, "targetLowPrice": 12.0, "targetMeanPrice": 12.0, "targetMedianPrice": 12.0, "recommendationKey": "none", "numberOfAnalystOpinions": 1, "totalCash": 1078099968, "totalCashPerShare": 3.557, "ebitda": 734075008, "totalDebt": 20213200896, "totalRevenue": 5685600256, "revenuePerShare": 18.81, "grossProfits": 1936500000, "revenueGrowth": -0.123, "grossMargins": 0.2981, "ebitdaMargins": 0.12911001, "operatingMargins": -0.07287, "profitMargins": -0.83724, "financialCurrency": "INR"}}}