{"MERCURYLAB.BO": {"recommendationTrend": {"trend": [{"period": "0m", "strongBuy": 0, "buy": 0, "hold": 0, "sell": 0, "strongSell": 0}, {"period": "-1m", "strongBuy": 0, "buy": 0, "hold": 0, "sell": 0, "strongSell": 0}, {"period": "-2m", "strongBuy": 0, "buy": 0, "hold": 0, "sell": 0, "strongSell": 0}, {"period": "-3m", "strongBuy": 0, "buy": 0, "hold": 0, "sell": 0, "strongSell": 0}], "maxAge": 86400}, "cashflowStatementHistory": {"cashflowStatements": [{"maxAge": 1, "endDate": "2020-03-31", "netIncome": 32281563, "depreciation": 18266968, "changeToNetincome": 6932832, "changeToAccountReceivables": 11488502, "changeToLiabilities": -32391271, "changeToInventory": 12749910, "changeToOperatingActivities": 5174856, "totalCashFromOperatingActivities": 54924972, "capitalExpenditures": -11407671, "totalCashflowsFromInvestingActivities": -11407671, "dividendsPaid": -2169996, "netBorrowings": -21754395, "otherCashflowsFromFinancingActivities": -9348908, "totalCashFromFinancingActivities": -33273299, "changeInCash": 10244001}, {"maxAge": 1, "endDate": "2019-03-31", "netIncome": 28361831, "depreciation": 15924039, "changeToNetincome": 12768492, "changeToAccountReceivables": -45704840, "changeToLiabilities": 27632953, "changeToInventory": 9073007, "changeToOperatingActivities": 3826180, "totalCashFromOperatingActivities": 52235988, "capitalExpenditures": -49912149, "totalCashflowsFromInvestingActivities": -49912149, "dividendsPaid": -2169996, "netBorrowings": -11933030, "otherCashflowsFromFinancingActivities": -11333923, "totalCashFromFinancingActivities": -25436949, "changeInCash": -23113110}, {"maxAge": 1, "endDate": "2018-03-31", "netIncome": 20133106, "depreciation": 13902676, "changeToNetincome": 6819824, "changeToAccountReceivables": 28113196, "changeToLiabilities": -14373061, "changeToInventory": -827895, "changeToOperatingActivities": -4933595, "totalCashFromOperatingActivities": 49676402, "capitalExpenditures": -37165107, "totalCashflowsFromInvestingActivities": -36785107, "dividendsPaid": -2166438, "netBorrowings": 22756542, "otherCashflowsFromFinancingActivities": -9901178, "totalCashFromFinancingActivities": 10688926, "changeInCash": 23580221}, {"maxAge": 1, "endDate": "2017-03-31", "netIncome": 27030950, "depreciation": 12154276, "changeToNetincome": 19671277, "changeToAccountReceivables": -42278015, "changeToLiabilities": 27547202, "changeToInventory": -11757742, "changeToOperatingActivities": -13874985, "totalCashFromOperatingActivities": 19224001, "capitalExpenditures": -15009329, "totalCashflowsFromInvestingActivities": -15009329, "dividendsPaid": -1800000, "netBorrowings": 8515625, "otherCashflowsFromFinancingActivities": -9257128, "totalCashFromFinancingActivities": -2541503, "changeInCash": 1673169}], "maxAge": 86400}, "institutionOwnership": {"ownershipList": [], "maxAge": 1}, "balanceSheetHistoryQuarterly": {"balanceSheetStatements": [{"maxAge": 1, "endDate": "2020-06-30", "totalStockholderEquity": 319771000, "netTangibleAssets": 319337000}, {"maxAge": 1, "endDate": "2020-03-31", "cash": 12957445, "shortTermInvestments": 9293110, "netReceivables": 186965014, "inventory": 55077663, "otherCurrentAssets": 50346413, "totalCurrentAssets": 315104816, "longTermInvestments": 63000, "propertyPlantEquipment": 236151212, "intangibleAssets": 433757, "otherAssets": 11231025, "totalAssets": 562983810, "accountsPayable": 84277556, "shortLongTermDebt": 8646882, "otherCurrentLiab": 49858466, "longTermDebt": 63261048, "otherLiab": 29298770, "totalCurrentLiabilities": 150653465, "totalLiab": 243213283, "commonStock": 12000000, "retainedEarnings": 304170527, "capitalSurplus": 3600000, "totalStockholderEquity": 319770527, "netTangibleAssets": 319336770}, {"maxAge": 1, "endDate": "2019-12-31", "totalStockholderEquity": 308032000, "netTangibleAssets": 307489000}, {"maxAge": 1, "endDate": "2019-09-30", "cash": 24589000, "netReceivables": 209316000, "inventory": 52145000, "otherCurrentAssets": 39104000, "totalCurrentAssets": 325154000, "longTermInvestments": 10120000, "propertyPlantEquipment": 236565000, "intangibleAssets": 543000, "totalAssets": 572382000, "accountsPayable": 87194000, "otherCurrentLiab": 66963000, "longTermDebt": 82409000, "otherLiab": 27784000, "totalCurrentLiabilities": 154157000, "totalLiab": 264350000, "commonStock": 12000000, "treasuryStock": 296032000, "otherStockholderEquity": 296032000, "totalStockholderEquity": 308032000, "netTangibleAssets": 307489000}], "maxAge": 86400}, "earningsHistory": {"history": [{"maxAge": 1, "epsActual": {}, "epsEstimate": {}, "epsDifference": {}, "surprisePercent": {}, "quarter": {}, "period": "-4q"}, {"maxAge": 1, "epsActual": {}, "epsEstimate": {}, "epsDifference": {}, "surprisePercent": {}, "quarter": {}, "period": "-3q"}, {"maxAge": 1, "epsActual": {}, "epsEstimate": {}, "epsDifference": {}, "surprisePercent": {}, "quarter": {}, "period": "-2q"}, {"maxAge": 1, "epsActual": {}, "epsEstimate": {}, "epsDifference": {}, "surprisePercent": {}, "quarter": {}, "period": "-1q"}], "maxAge": 86400}, "indexTrend": {"maxAge": 1, "symbol": "SP5", "peRatio": 19.7411, "pegRatio": 1.34172, "estimates": [{"period": "0q", "growth": 0.549}, {"period": "+1q", "growth": 0.431}, {"period": "0y", "growth": 0.305}, {"period": "+1y", "growth": 0.109}, {"period": "+5y", "growth": 0.120859005}, {"period": "-5y"}]}, "industryTrend": {"maxAge": 1, "symbol": null, "estimates": []}, "insiderTransactions": {"transactions": [{"maxAge": 1, "shares": 25000, "filerUrl": "", "transactionText": "", "filerName": "Shah (Dilipbhai Ramanlal)", "filerRelation": "UNREPORTED", "moneyText": "", "startDate": "2019-08-02", "ownership": "D"}], "maxAge": 1}, "quoteType": {"exchange": "BSE", "quoteType": "EQUITY", "symbol": "MERCURYLAB.BO", "underlyingSymbol": "MERCURYLAB.BO", "shortName": "Mercury Laboratories Limited", "longName": "Mercury Laboratories Limited", "firstTradeDateEpochUtc": "2015-02-25 09:15:00", "timeZoneFullName": "Asia/Kolkata", "timeZoneShortName": "IST", "uuid": "c4bc6ba7-63a0-39ca-af4e-59020453cd8e", "gmtOffSetMilliseconds": 19800000, "maxAge": 1}, "incomeStatementHistory": {"incomeStatementHistory": [{"maxAge": 1, "endDate": "2020-03-31", "totalRevenue": 572691508, "costOfRevenue": 266677821, "grossProfit": 306013687, "researchDevelopment": {}, "sellingGeneralAdministrative": 93012077, "nonRecurring": {}, "otherOperatingExpenses": 149917679, "totalOperatingExpenses": 529721139, "operatingIncome": 42970369, "totalOtherIncomeExpenseNet": 320208, "ebit": 42970369, "interestExpense": -3845900, "incomeBeforeTax": 43290577, "incomeTaxExpense": 11009014, "minorityInterest": {}, "netIncomeFromContinuingOps": 32281563, "discontinuedOperations": {}, "extraordinaryItems": {}, "effectOfAccountingCharges": {}, "otherItems": {}, "netIncome": 32281563, "netIncomeApplicableToCommonShares": 32281563}, {"maxAge": 1, "endDate": "2019-03-31", "totalRevenue": 555209779, "costOfRevenue": 272968072, "grossProfit": 282241707, "researchDevelopment": {}, "sellingGeneralAdministrative": 78265480, "nonRecurring": {}, "otherOperatingExpenses": 146750284, "totalOperatingExpenses": 514262201, "operatingIncome": 40947578, "totalOtherIncomeExpenseNet": -442308, "ebit": 40947578, "interestExpense": -6881317, "incomeBeforeTax": 40505270, "incomeTaxExpense": 12143439, "minorityInterest": {}, "netIncomeFromContinuingOps": 28361831, "discontinuedOperations": {}, "extraordinaryItems": {}, "effectOfAccountingCharges": {}, "otherItems": {}, "netIncome": 28361831, "netIncomeApplicableToCommonShares": 28361831}, {"maxAge": 1, "endDate": "2018-03-31", "totalRevenue": 518677108, "costOfRevenue": 245491245, "grossProfit": 273185863, "researchDevelopment": {}, "sellingGeneralAdministrative": 73352479, "nonRecurring": {}, "otherOperatingExpenses": 155704502, "totalOperatingExpenses": 489293052, "operatingIncome": 29384056, "totalOtherIncomeExpenseNet": -4825072, "ebit": 29384056, "interestExpense": -4716185, "incomeBeforeTax": 24558984, "incomeTaxExpense": 4425878, "minorityInterest": {}, "netIncomeFromContinuingOps": 20133106, "discontinuedOperations": {}, "extraordinaryItems": {}, "effectOfAccountingCharges": {}, "otherItems": {}, "netIncome": 20133106, "netIncomeApplicableToCommonShares": 20133106}, {"maxAge": 1, "endDate": "2017-03-31", "totalRevenue": 480272399, "costOfRevenue": 211901849, "grossProfit": 268370550, "researchDevelopment": {}, "sellingGeneralAdministrative": 74711679, "nonRecurring": {}, "otherOperatingExpenses": 124663445, "totalOperatingExpenses": 424162287, "operatingIncome": 56110112, "totalOtherIncomeExpenseNet": -7167232, "ebit": 56110112, "interestExpense": -4540200, "incomeBeforeTax": 48942880, "incomeTaxExpense": 21911930, "minorityInterest": {}, "netIncomeFromContinuingOps": 27030950, "discontinuedOperations": {}, "extraordinaryItems": {}, "effectOfAccountingCharges": {}, "otherItems": {}, "netIncome": 27030950, "netIncomeApplicableToCommonShares": 27030950}], "maxAge": 86400}, "fundOwnership": {"ownershipList": [], "maxAge": 1}, "summaryDetail": {"maxAge": 1, "priceHint": 2, "previousClose": 839.0, "open": 899.2, "dayLow": 833.55, "dayHigh": 899.2, "regularMarketPreviousClose": 839.0, "regularMarketOpen": 899.2, "regularMarketDayLow": 833.55, "regularMarketDayHigh": 899.2, "trailingPE": 32.033924, "volume": 1397, "regularMarketVolume": 1397, "averageVolume": 262, "averageVolume10days": 259, "averageDailyVolume10Day": 259, "bid": 846.0, "ask": 850.0, "bidSize": 0, "askSize": 0, "marketCap": 1022099968, "fiftyTwoWeekLow": 267.0, "fiftyTwoWeekHigh": 899.2, "fiftyDayAverage": 560.5803, "twoHundredDayAverage": 451.29263, "trailingAnnualDividendRate": 2.0, "trailingAnnualDividendYield": 0.0023837902, "currency": "INR", "fromCurrency": null, "lastMarket": null, "algorithm": null, "tradeable": false}, "sectorTrend": {"maxAge": 1, "symbol": null, "estimates": []}, "incomeStatementHistoryQuarterly": {"incomeStatementHistory": [{"maxAge": 1, "endDate": "2020-06-30", "totalRevenue": 133540000, "costOfRevenue": 57403000, "grossProfit": 76137000, "researchDevelopment": {}, "sellingGeneralAdministrative": 22027000, "nonRecurring": {}, "otherOperatingExpenses": 35147000, "totalOperatingExpenses": 119047000, "operatingIncome": 14493000, "totalOtherIncomeExpenseNet": -916000, "ebit": 14493000, "interestExpense": -1227000, "incomeBeforeTax": 13577000, "incomeTaxExpense": 3970000, "minorityInterest": {}, "netIncomeFromContinuingOps": 9607000, "discontinuedOperations": {}, "extraordinaryItems": {}, "effectOfAccountingCharges": {}, "otherItems": {}, "netIncome": 9607000, "netIncomeApplicableToCommonShares": 9607000}, {"maxAge": 1, "endDate": "2020-03-31", "totalRevenue": 117716508, "costOfRevenue": 68638821, "grossProfit": 49077687, "researchDevelopment": {}, "sellingGeneralAdministrative": 24855077, "nonRecurring": {}, "otherOperatingExpenses": 26168679, "totalOperatingExpenses": 126112139, "operatingIncome": -8395631, "totalOtherIncomeExpenseNet": 1801208, "ebit": -8395631, "interestExpense": -1227000, "incomeBeforeTax": -6594423, "incomeTaxExpense": -3052986, "minorityInterest": {}, "netIncomeFromContinuingOps": -3541437, "discontinuedOperations": {}, "extraordinaryItems": {}, "effectOfAccountingCharges": {}, "otherItems": {}, "netIncome": -3541437, "netIncomeApplicableToCommonShares": -3541437}, {"maxAge": 1, "endDate": "2019-12-31", "totalRevenue": 155740000, "costOfRevenue": 68040000, "grossProfit": 87700000, "researchDevelopment": {}, "sellingGeneralAdministrative": 23000000, "nonRecurring": {}, "otherOperatingExpenses": 40560000, "totalOperatingExpenses": 136300000, "operatingIncome": 19440000, "totalOtherIncomeExpenseNet": 1590000, "ebit": 19440000, "interestExpense": -1750000, "incomeBeforeTax": 21030000, "incomeTaxExpense": 5750000, "minorityInterest": {}, "netIncomeFromContinuingOps": 15280000, "discontinuedOperations": {}, "extraordinaryItems": {}, "effectOfAccountingCharges": {}, "otherItems": {}, "netIncome": 15280000, "netIncomeApplicableToCommonShares": 15280000}, {"maxAge": 1, "endDate": "2019-09-30", "totalRevenue": 151719000, "costOfRevenue": 66457000, "grossProfit": 85262000, "researchDevelopment": {}, "sellingGeneralAdministrative": 23454000, "nonRecurring": {}, "otherOperatingExpenses": 40944000, "totalOperatingExpenses": 134985000, "operatingIncome": 16734000, "totalOtherIncomeExpenseNet": -1952000, "ebit": 16734000, "interestExpense": -2272000, "incomeBeforeTax": 14782000, "incomeTaxExpense": 4226000, "minorityInterest": {}, "netIncomeFromContinuingOps": 10556000, "discontinuedOperations": {}, "extraordinaryItems": {}, "effectOfAccountingCharges": {}, "otherItems": {}, "netIncome": 10556000, "netIncomeApplicableToCommonShares": 10556000}], "maxAge": 86400}, "cashflowStatementHistoryQuarterly": {"cashflowStatements": [{"maxAge": 1, "endDate": "2020-06-30", "netIncome": 9607000, "changeToLiabilities": 0}, {"maxAge": 1, "endDate": "2020-03-31", "netIncome": -3541437, "changeToLiabilities": 0}, {"maxAge": 1, "endDate": "2019-12-31", "netIncome": 15280000, "changeToLiabilities": 0}, {"maxAge": 1, "endDate": "2019-09-30", "netIncome": 10556000, "changeToLiabilities": 0}], "maxAge": 86400}, "insiderHolders": {"holders": [{"maxAge": 1, "name": "Shah (Dilipbhai Ramanlal)", "relation": "UNREPORTED", "url": "", "transactionDescription": "Other", "latestTransDate": "2019-08-02", "positionDirect": 84850, "positionDirectDate": "2019-08-02"}], "maxAge": 1}, "earnings": {"maxAge": 86400, "earningsChart": {"quarterly": [], "earningsDate": []}, "financialsChart": {"yearly": [{"date": 2017, "revenue": 480272399, "earnings": 27030950}, {"date": 2018, "revenue": 518677108, "earnings": 20133106}, {"date": 2019, "revenue": 555209779, "earnings": 28361831}, {"date": 2020, "revenue": 572691508, "earnings": 32281563}], "quarterly": [{"date": "3Q2019", "revenue": 151719000, "earnings": 10556000}, {"date": "4Q2019", "revenue": 155740000, "earnings": 15280000}, {"date": "1Q2020", "revenue": 117716508, "earnings": -3541437}, {"date": "2Q2020", "revenue": 133540000, "earnings": 9607000}]}, "financialCurrency": "INR"}, "calendarEvents": {"maxAge": 1, "earnings": {"earningsDate": []}}, "upgradeDowngradeHistory": {"history": [], "maxAge": 86400}, "price": {"maxAge": 1, "regularMarketChangePercent": 0.015196662, "regularMarketChange": 12.75, "regularMarketTime": "2021-04-30 15:43:04", "priceHint": 2, "regularMarketPrice": 851.75, "regularMarketDayHigh": 899.2, "regularMarketDayLow": 833.55, "regularMarketVolume": 1397, "averageDailyVolume10Day": 259, "averageDailyVolume3Month": 262, "regularMarketPreviousClose": 839.0, "regularMarketSource": "FREE_REALTIME", "regularMarketOpen": 899.2, "exchange": "BSE", "exchangeName": "BSE", "exchangeDataDelayedBy": 0, "marketState": "CLOSED", "quoteType": "EQUITY", "symbol": "MERCURYLAB.BO", "underlyingSymbol": null, "shortName": "Mercury Laboratories Limited", "longName": "Mercury Laboratories Limited", "currency": "INR", "quoteSourceName": "Delayed Quote", "currencySymbol": "\u20b9", "fromCurrency": null, "lastMarket": null, "marketCap": 1022099968}, "balanceSheetHistory": {"balanceSheetStatements": [{"maxAge": 1, "endDate": "2020-03-31", "cash": 12957445, "shortTermInvestments": 9293110, "netReceivables": 186965014, "inventory": 55077663, "otherCurrentAssets": 50346413, "totalCurrentAssets": 315104816, "longTermInvestments": 63000, "propertyPlantEquipment": 236151212, "intangibleAssets": 433757, "otherAssets": 11231025, "totalAssets": 562983810, "accountsPayable": 84277556, "shortLongTermDebt": 8646882, "otherCurrentLiab": 49858466, "longTermDebt": 63261048, "otherLiab": 29298770, "totalCurrentLiabilities": 150653465, "totalLiab": 243213283, "commonStock": 12000000, "retainedEarnings": 304170527, "capitalSurplus": 3600000, "totalStockholderEquity": 319770527, "netTangibleAssets": 319336770}, {"maxAge": 1, "endDate": "2019-03-31", "cash": 2857655, "shortTermInvestments": 9102792, "netReceivables": 195801346, "inventory": 67827573, "otherCurrentAssets": 41953360, "totalCurrentAssets": 318984338, "longTermInvestments": 63000, "propertyPlantEquipment": 243138110, "intangibleAssets": 727770, "otherAssets": 10056999, "totalAssets": 572970217, "accountsPayable": 116668827, "shortLongTermDebt": 10554072, "otherCurrentLiab": 32848091, "longTermDebt": 85015443, "otherLiab": 29112675, "totalCurrentLiabilities": 169183137, "totalLiab": 283311255, "commonStock": 12000000, "retainedEarnings": 274058962, "capitalSurplus": 3600000, "totalStockholderEquity": 289658962, "netTangibleAssets": 288931192}, {"maxAge": 1, "endDate": "2018-03-31", "cash": 26551851, "shortTermInvestments": 8608333, "netReceivables": 149823389, "inventory": 76900580, "otherCurrentAssets": 34335847, "totalCurrentAssets": 297086354, "longTermInvestments": 63000, "propertyPlantEquipment": 209428715, "intangibleAssets": 803381, "otherAssets": 9604395, "totalAssets": 516985845, "accountsPayable": 89035874, "shortLongTermDebt": 694008, "otherCurrentLiab": 29508867, "longTermDebt": 96948473, "otherLiab": 26067400, "totalCurrentLiabilities": 130502845, "totalLiab": 253518718, "commonStock": 12000000, "retainedEarnings": 247867127, "capitalSurplus": 3600000, "totalStockholderEquity": 263467127, "netTangibleAssets": 262663746}, {"maxAge": 1, "endDate": "2017-03-31", "cash": 3671735, "shortTermInvestments": 8093221, "netReceivables": 177435311, "inventory": 76072685, "otherCurrentAssets": 48256885, "totalCurrentAssets": 314657038, "longTermInvestments": 63000, "propertyPlantEquipment": 186276317, "intangibleAssets": 1587132, "otherAssets": 8772526, "totalAssets": 511356013, "accountsPayable": 103408935, "shortLongTermDebt": 199234, "otherCurrentLiab": 50067183, "longTermDebt": 74191931, "otherLiab": 27428209, "totalCurrentLiabilities": 165012110, "totalLiab": 266632250, "commonStock": 12000000, "retainedEarnings": 229123763, "capitalSurplus": 3600000, "totalStockholderEquity": 244723763, "netTangibleAssets": 243136631}], "maxAge": 86400}, "earningsTrend": {"trend": [{"maxAge": 1, "period": "0q", "endDate": null, "growth": {}, "earningsEstimate": {"avg": 0.0, "low": 0.0, "high": 0.0, "yearAgoEps": {}, "numberOfAnalysts": 0, "growth": {}}, "revenueEstimate": {"avg": 0, "low": 0, "high": 0, "numberOfAnalysts": 0, "yearAgoRevenue": {}, "growth": {}}, "epsTrend": {"current": 0.0, "7daysAgo": 0.0, "30daysAgo": 0.0, "60daysAgo": 0.0, "90daysAgo": 0.0}, "epsRevisions": {"upLast7days": 0, "upLast30days": 0, "downLast30days": 0, "downLast90days": {}}}, {"maxAge": 1, "period": "+1q", "endDate": null, "growth": {}, "earningsEstimate": {"avg": 0.0, "low": 0.0, "high": 0.0, "yearAgoEps": {}, "numberOfAnalysts": 0, "growth": {}}, "revenueEstimate": {"avg": 0, "low": 0, "high": 0, "numberOfAnalysts": 0, "yearAgoRevenue": {}, "growth": {}}, "epsTrend": {"current": 0.0, "7daysAgo": 0.0, "30daysAgo": 0.0, "60daysAgo": 0.0, "90daysAgo": 0.0}, "epsRevisions": {"upLast7days": 0, "upLast30days": 0, "downLast30days": 0, "downLast90days": {}}}, {"maxAge": 1, "period": "0y", "endDate": null, "growth": {}, "earningsEstimate": {"avg": 0.0, "low": 0.0, "high": 0.0, "yearAgoEps": {}, "numberOfAnalysts": 0, "growth": {}}, "revenueEstimate": {"avg": 0, "low": 0, "high": 0, "numberOfAnalysts": 0, "yearAgoRevenue": {}, "growth": {}}, "epsTrend": {"current": 0.0, "7daysAgo": 0.0, "30daysAgo": 0.0, "60daysAgo": 0.0, "90daysAgo": 0.0}, "epsRevisions": {"upLast7days": 0, "upLast30days": 0, "downLast30days": 0, "downLast90days": {}}}, {"maxAge": 1, "period": "+1y", "endDate": null, "growth": {}, "earningsEstimate": {"avg": 0.0, "low": 0.0, "high": 0.0, "yearAgoEps": {}, "numberOfAnalysts": 0, "growth": {}}, "revenueEstimate": {"avg": 0, "low": 0, "high": 0, "numberOfAnalysts": 0, "yearAgoRevenue": {}, "growth": {}}, "epsTrend": {"current": 0.0, "7daysAgo": 0.0, "30daysAgo": 0.0, "60daysAgo": 0.0, "90daysAgo": 0.0}, "epsRevisions": {"upLast7days": 0, "upLast30days": 0, "downLast30days": 0, "downLast90days": {}}}, {"maxAge": 1, "period": "+5y", "endDate": null, "growth": {}, "earningsEstimate": {"avg": {}, "low": {}, "high": {}, "yearAgoEps": {}, "numberOfAnalysts": {}, "growth": {}}, "revenueEstimate": {"avg": {}, "low": {}, "high": {}, "numberOfAnalysts": {}, "yearAgoRevenue": {}, "growth": {}}, "epsTrend": {"current": {}, "7daysAgo": {}, "30daysAgo": {}, "60daysAgo": {}, "90daysAgo": {}}, "epsRevisions": {"upLast7days": {}, "upLast30days": {}, "downLast30days": {}, "downLast90days": {}}}, {"maxAge": 1, "period": "-5y", "endDate": null, "growth": {}, "earningsEstimate": {"avg": {}, "low": {}, "high": {}, "yearAgoEps": {}, "numberOfAnalysts": {}, "growth": {}}, "revenueEstimate": {"avg": {}, "low": {}, "high": {}, "numberOfAnalysts": {}, "yearAgoRevenue": {}, "growth": {}}, "epsTrend": {"current": {}, "7daysAgo": {}, "30daysAgo": {}, "60daysAgo": {}, "90daysAgo": {}}, "epsRevisions": {"upLast7days": {}, "upLast30days": {}, "downLast30days": {}, "downLast90days": {}}}], "maxAge": 1}, "financialData": {"maxAge": 86400, "currentPrice": 851.75, "recommendationMean": 2.0, "recommendationKey": "buy", "grossProfits": 306013687, "financialCurrency": "INR"}}}