{"MERCATOR.BO": {"recommendationTrend": {"trend": [{"period": "0m", "strongBuy": 0, "buy": 0, "hold": 0, "sell": 0, "strongSell": 0}, {"period": "-1m", "strongBuy": 0, "buy": 0, "hold": 0, "sell": 0, "strongSell": 0}, {"period": "-2m", "strongBuy": 0, "buy": 0, "hold": 0, "sell": 0, "strongSell": 0}, {"period": "-3m", "strongBuy": 0, "buy": 0, "hold": 0, "sell": 0, "strongSell": 0}], "maxAge": 86400}, "cashflowStatementHistory": {"cashflowStatements": [{"maxAge": 1, "endDate": "2020-03-31", "netIncome": -9260900000, "depreciation": 1414200000, "changeToNetincome": 7415800000, "changeToAccountReceivables": -330400000, "changeToLiabilities": -322700000, "changeToInventory": 57200000, "changeToOperatingActivities": 675800000, "totalCashFromOperatingActivities": -351000000, "capitalExpenditures": -458800000, "investments": 441600000, "otherCashflowsFromInvestingActivities": 100600000, "totalCashflowsFromInvestingActivities": 2704700000, "netBorrowings": -848900000, "otherCashflowsFromFinancingActivities": -1322800000, "totalCashFromFinancingActivities": -2171700000, "changeInCash": 182000000}, {"maxAge": 1, "endDate": "2019-03-31", "netIncome": -9086100000, "depreciation": 1767000000, "changeToNetincome": 7916500000, "changeToAccountReceivables": -12300000, "changeToLiabilities": -518000000, "changeToInventory": 14100000, "changeToOperatingActivities": 1014400000, "totalCashFromOperatingActivities": 1096100000, "capitalExpenditures": -1184900000, "investments": 441600000, "otherCashflowsFromInvestingActivities": 1561200000, "totalCashflowsFromInvestingActivities": 1028900000, "netBorrowings": -1062200000, "otherCashflowsFromFinancingActivities": -1154400000, "totalCashFromFinancingActivities": -2216600000, "effectOfExchangeRate": -100000, "changeInCash": -91700000}, {"maxAge": 1, "endDate": "2018-03-31", "netIncome": -2952600000, "depreciation": 1856700000, "changeToNetincome": 3342200000, "changeToAccountReceivables": 518200000, "changeToLiabilities": 756300000, "changeToInventory": 12400000, "changeToOperatingActivities": -288500000, "totalCashFromOperatingActivities": 3248400000, "capitalExpenditures": -2253500000, "investments": -17400000, "otherCashflowsFromInvestingActivities": -527100000, "totalCashflowsFromInvestingActivities": -2074300000, "dividendsPaid": -16200000, "netBorrowings": -1260800000, "otherCashflowsFromFinancingActivities": -1943000000, "totalCashFromFinancingActivities": -1888200000, "effectOfExchangeRate": -100000, "changeInCash": -714200000, "issuanceOfStock": 1331800000}, {"maxAge": 1, "endDate": "2017-03-31", "netIncome": 245000000, "depreciation": 3185700000, "changeToNetincome": 2721200000, "changeToAccountReceivables": 1327400000, "changeToLiabilities": -2101100000, "changeToInventory": 13700000, "changeToOperatingActivities": -190900000, "totalCashFromOperatingActivities": 5201700000, "capitalExpenditures": -1515800000, "investments": -489700000, "otherCashflowsFromInvestingActivities": 794400000, "totalCashflowsFromInvestingActivities": 3688000000, "dividendsPaid": -29500000, "netBorrowings": -7928900000, "otherCashflowsFromFinancingActivities": -1832600000, "totalCashFromFinancingActivities": -8795200000, "effectOfExchangeRate": -1200000, "changeInCash": 93300000, "issuanceOfStock": 995800000}], "maxAge": 86400}, "institutionOwnership": {"ownershipList": [], "maxAge": 1}, "balanceSheetHistoryQuarterly": {"balanceSheetStatements": [{"maxAge": 1, "endDate": "2020-06-30", "totalStockholderEquity": -10582000000, "netTangibleAssets": -10582400000}, {"maxAge": 1, "endDate": "2020-03-31", "cash": 321700000, "shortTermInvestments": 1453800000, "netReceivables": 1166100000, "inventory": 94800000, "otherCurrentAssets": 3274100000, "totalCurrentAssets": 6310500000, "longTermInvestments": 2046400000, "propertyPlantEquipment": 3348500000, "intangibleAssets": 400000, "otherAssets": 1229700000, "deferredLongTermAssetCharges": 14900000, "totalAssets": 12935500000, "accountsPayable": 1859800000, "shortLongTermDebt": 12798100000, "otherCurrentLiab": 726400000, "otherLiab": 394500000, "minorityInterest": 1041400000, "totalCurrentLiabilities": 22081600000, "totalLiab": 22476100000, "commonStock": 302500000, "treasuryStock": -10884500000, "otherStockholderEquity": -10884500000, "totalStockholderEquity": -10582000000, "netTangibleAssets": -10582400000}, {"maxAge": 1, "endDate": "2019-12-31", "totalStockholderEquity": -6706900000, "netTangibleAssets": -6707800000}, {"maxAge": 1, "endDate": "2019-09-30", "cash": 466800000, "shortTermInvestments": 2534400000, "netReceivables": 1004900000, "inventory": 160900000, "otherCurrentAssets": 982700000, "totalCurrentAssets": 5149700000, "longTermInvestments": 2046500000, "propertyPlantEquipment": 7638300000, "intangibleAssets": 900000, "otherAssets": 1638700000, "deferredLongTermAssetCharges": 13300000, "totalAssets": 16474100000, "accountsPayable": 2099100000, "shortLongTermDebt": 8803200000, "otherCurrentLiab": 796700000, "longTermDebt": 2115500000, "otherLiab": 614100000, "minorityInterest": 963800000, "totalCurrentLiabilities": 19487600000, "totalLiab": 22217200000, "commonStock": 302500000, "treasuryStock": -7009400000, "otherStockholderEquity": -7009400000, "totalStockholderEquity": -6706900000, "netTangibleAssets": -6707800000}], "maxAge": 86400}, "earningsHistory": {"history": [{"maxAge": 1, "epsActual": {}, "epsEstimate": {}, "epsDifference": {}, "surprisePercent": {}, "quarter": {}, "period": "-4q"}, {"maxAge": 1, "epsActual": {}, "epsEstimate": {}, "epsDifference": {}, "surprisePercent": {}, "quarter": {}, "period": "-3q"}, {"maxAge": 1, "epsActual": {}, "epsEstimate": {}, "epsDifference": {}, "surprisePercent": {}, "quarter": {}, "period": "-2q"}, {"maxAge": 1, "epsActual": {}, "epsEstimate": {}, "epsDifference": {}, "surprisePercent": {}, "quarter": {}, "period": "-1q"}], "maxAge": 86400}, "indexTrend": {"maxAge": 1, "symbol": "SP5", "peRatio": 19.7411, "pegRatio": 1.34172, "estimates": [{"period": "0q", "growth": 0.549}, {"period": "+1q", "growth": 0.431}, {"period": "0y", "growth": 0.305}, {"period": "+1y", "growth": 0.109}, {"period": "+5y", "growth": 0.120859005}, {"period": "-5y"}]}, "industryTrend": {"maxAge": 1, "symbol": null, "estimates": []}, "insiderTransactions": {"transactions": [{"maxAge": 1, "shares": 100000, "filerUrl": "", "transactionText": "", "filerName": "Mittal (Harishkumar)", "filerRelation": "Executive Chairman", "moneyText": "", "startDate": "2018-10-05", "ownership": "D"}, {"maxAge": 1, "shares": 37783847, "filerUrl": "", "transactionText": "", "filerName": "Mittal (Harishkumar)", "filerRelation": "Executive Chairman", "moneyText": "", "startDate": "2018-09-28", "ownership": "D"}, {"maxAge": 1, "shares": 3000000, "filerUrl": "", "transactionText": "", "filerName": "Mittal (Harishkumar)", "filerRelation": "Executive Chairman", "moneyText": "", "startDate": "2018-08-03", "ownership": "D"}, {"maxAge": 1, "shares": 3000000, "filerUrl": "", "transactionText": "", "filerName": "Mittal (Harishkumar)", "filerRelation": "Executive Chairman", "moneyText": "", "startDate": "2018-06-29", "ownership": "D"}, {"maxAge": 1, "shares": 22000, "filerUrl": "", "transactionText": "", "filerName": "Mittal (Harishkumar)", "filerRelation": "Executive Chairman", "moneyText": "", "startDate": "2018-06-15", "ownership": "D"}, {"maxAge": 1, "shares": 32174173, "filerUrl": "", "transactionText": "", "filerName": "Mittal (Harishkumar)", "filerRelation": "Executive Chairman", "moneyText": "", "startDate": "2018-06-08", "ownership": "D"}, {"maxAge": 1, "shares": 41039964, "filerUrl": "", "transactionText": "", "filerName": "Mittal (Harishkumar)", "filerRelation": "Executive Chairman", "moneyText": "", "startDate": "2018-04-26", "ownership": "D"}, {"maxAge": 1, "shares": 300000, "filerUrl": "", "transactionText": "", "filerName": "Mittal (Harishkumar)", "filerRelation": "Executive Chairman", "moneyText": "", "startDate": "2017-09-01", "ownership": "D"}, {"maxAge": 1, "shares": 21721, "filerUrl": "", "transactionText": "", "filerName": "Agarwal (Arooshi)", "filerRelation": "Promoter", "moneyText": "", "startDate": "2017-02-27", "ownership": "D"}, {"maxAge": 1, "shares": 7500, "filerUrl": "", "transactionText": "", "filerName": "Agarwal (Aayush)", "filerRelation": "Promoter", "moneyText": "", "startDate": "2017-02-27", "ownership": "D"}, {"maxAge": 1, "shares": 52500, "filerUrl": "", "transactionText": "", "filerName": "Agarwal (Aayush)", "filerRelation": "Promoter", "moneyText": "", "startDate": "2017-02-21", "ownership": "D"}, {"maxAge": 1, "shares": 38279, "filerUrl": "", "transactionText": "", "filerName": "Agarwal (Arooshi)", "filerRelation": "Promoter", "moneyText": "", "startDate": "2017-02-21", "ownership": "D"}, {"maxAge": 1, "shares": 39207, "filerUrl": "", "transactionText": "", "filerName": "Agarwal (Aayush)", "filerRelation": "Promoter", "moneyText": "", "startDate": "2016-12-22", "ownership": "D"}, {"maxAge": 1, "shares": 10000, "filerUrl": "", "transactionText": "", "filerName": "Agarwal (Arooshi)", "filerRelation": "Promoter", "moneyText": "", "startDate": "2016-12-22", "ownership": "D"}, {"maxAge": 1, "shares": 72000, "filerUrl": "", "transactionText": "", "filerName": "Agarwal (Aayush)", "filerRelation": "Promoter", "moneyText": "", "startDate": "2016-12-14", "ownership": "D"}, {"maxAge": 1, "shares": 100000, "filerUrl": "", "transactionText": "", "filerName": "Agarwal (Arooshi)", "filerRelation": "Promoter", "moneyText": "", "startDate": "2016-12-14", "ownership": "D"}, {"maxAge": 1, "shares": 105000, "filerUrl": "", "transactionText": "", "filerName": "Agarwal (Arooshi)", "filerRelation": "Promoter", "moneyText": "", "startDate": "2016-12-02", "ownership": "D"}, {"maxAge": 1, "shares": 103793, "filerUrl": "", "transactionText": "", "filerName": "Agarwal (Aayush)", "filerRelation": "Promoter", "moneyText": "", "startDate": "2016-12-02", "ownership": "D"}, {"maxAge": 1, "shares": 42500, "filerUrl": "", "transactionText": "", "filerName": "Agarwal (Aayush)", "filerRelation": "Promoter", "moneyText": "", "startDate": "2016-11-29", "ownership": "D"}, {"maxAge": 1, "shares": 42500, "filerUrl": "", "transactionText": "", "filerName": "Agarwal (Arooshi)", "filerRelation": "Promoter", "moneyText": "", "startDate": "2016-11-29", "ownership": "D"}, {"maxAge": 1, "shares": 19966, "filerUrl": "", "transactionText": "", "filerName": "Agarwal (Manjuli)", "filerRelation": "Promoter", "moneyText": "", "startDate": "2016-11-25", "ownership": "D"}, {"maxAge": 1, "shares": 5460966, "filerUrl": "", "transactionText": "", "filerName": "Agarwal (Atul J)", "filerRelation": "Promoter", "moneyText": "", "startDate": "2016-10-06", "ownership": "D"}, {"maxAge": 1, "shares": 539034, "filerUrl": "", "transactionText": "", "filerName": "Agarwal (Manjuli)", "filerRelation": "Promoter", "moneyText": "", "startDate": "2016-10-06", "ownership": "D"}, {"maxAge": 1, "shares": 70000, "filerUrl": "", "transactionText": "", "filerName": "Kuchroo (Kowshik)", "filerRelation": "Divisional Officer", "moneyText": "", "startDate": "2016-05-17", "ownership": "D"}, {"maxAge": 1, "shares": 700000, "filerUrl": "", "transactionText": "", "filerName": "Mittal (Archana)", "filerRelation": "Additonal Director", "moneyText": "", "startDate": "2016-04-27", "ownership": "D"}, {"maxAge": 1, "shares": 112500, "filerUrl": "", "transactionText": "", "filerName": "Mittal (Harishkumar)", "filerRelation": "Executive Chairman", "moneyText": "", "startDate": "2016-03-28", "ownership": "D"}, {"maxAge": 1, "shares": 44336, "filerUrl": "", "transactionText": "", "filerName": "Garg (Ritu)", "filerRelation": "UNREPORTED", "moneyText": "", "startDate": "2014-03-26", "ownership": "D"}, {"maxAge": 1, "shares": 155664, "filerUrl": "", "transactionText": "", "filerName": "Garg (Ritu)", "filerRelation": "UNREPORTED", "moneyText": "", "startDate": "2014-03-25", "ownership": "D"}, {"maxAge": 1, "shares": 5500, "filerUrl": "", "transactionText": "", "filerName": "Khanna (Simi)", "filerRelation": "UNREPORTED", "moneyText": "", "startDate": "2010-12-10", "ownership": "D"}, {"maxAge": 1, "shares": 4000, "filerUrl": "", "transactionText": "", "filerName": "Khanna (Anil) HUF", "filerRelation": "UNREPORTED", "moneyText": "", "startDate": "2010-08-31", "ownership": "D"}, {"maxAge": 1, "shares": 4000, "filerUrl": "", "transactionText": "", "filerName": "Khanna (Anil)", "filerRelation": "Director (Non-Executive)", "moneyText": "", "startDate": "2010-06-03", "ownership": "D"}], "maxAge": 1}, "quoteType": {"exchange": "BSE", "quoteType": "EQUITY", "symbol": "MERCATOR.BO", "underlyingSymbol": "MERCATOR.BO", "shortName": "MERCATOR LTD.", "longName": "Mercator Limited", "firstTradeDateEpochUtc": "2000-10-13 09:15:00", "timeZoneFullName": "Asia/Kolkata", "timeZoneShortName": "IST", "uuid": "b9ca19ef-fa72-3291-93d0-709e4ae2617c", "gmtOffSetMilliseconds": 19800000, "maxAge": 1}, "incomeStatementHistory": {"incomeStatementHistory": [{"maxAge": 1, "endDate": "2020-03-31", "totalRevenue": 6386100000, "costOfRevenue": 4680500000, "grossProfit": 1705600000, "researchDevelopment": {}, "sellingGeneralAdministrative": 337200000, "nonRecurring": {}, "otherOperatingExpenses": 930100000, "totalOperatingExpenses": 7571500000, "operatingIncome": -1185400000, "totalOtherIncomeExpenseNet": -7799400000, "ebit": -1185400000, "interestExpense": -2607500000, "incomeBeforeTax": -8984800000, "incomeTaxExpense": 110500000, "minorityInterest": 1041400000, "netIncomeFromContinuingOps": -9095300000, "discontinuedOperations": -29300000, "extraordinaryItems": {}, "effectOfAccountingCharges": {}, "otherItems": {}, "netIncome": -9260900000, "netIncomeApplicableToCommonShares": -9260900000}, {"maxAge": 1, "endDate": "2019-03-31", "totalRevenue": 8673500000, "costOfRevenue": 5983400000, "grossProfit": 2690100000, "researchDevelopment": {}, "sellingGeneralAdministrative": 678400000, "nonRecurring": {}, "otherOperatingExpenses": 2685700000, "totalOperatingExpenses": 11115000000, "operatingIncome": -2441500000, "totalOtherIncomeExpenseNet": -2678000000, "ebit": -2441500000, "interestExpense": -1284100000, "incomeBeforeTax": -5119500000, "incomeTaxExpense": 324800000, "minorityInterest": 905000000, "netIncomeFromContinuingOps": -5444300000, "discontinuedOperations": -3346600000, "extraordinaryItems": {}, "effectOfAccountingCharges": {}, "otherItems": {}, "netIncome": -9086100000, "netIncomeApplicableToCommonShares": -9086100000}, {"maxAge": 1, "endDate": "2018-03-31", "totalRevenue": 9326600000, "costOfRevenue": 6411400000, "grossProfit": 2915200000, "researchDevelopment": {}, "sellingGeneralAdministrative": 376100000, "nonRecurring": {}, "otherOperatingExpenses": 907500000, "totalOperatingExpenses": 9239600000, "operatingIncome": 87000000, "totalOtherIncomeExpenseNet": -1802700000, "ebit": 87000000, "interestExpense": -867400000, "incomeBeforeTax": -1715700000, "incomeTaxExpense": 602400000, "minorityInterest": 609700000, "netIncomeFromContinuingOps": -2318100000, "discontinuedOperations": -457300000, "extraordinaryItems": {}, "effectOfAccountingCharges": {}, "otherItems": {}, "netIncome": -2952600000, "netIncomeApplicableToCommonShares": -2952600000}, {"maxAge": 1, "endDate": "2017-03-31", "totalRevenue": 21153900000, "costOfRevenue": 13507600000, "grossProfit": 7646300000, "researchDevelopment": {}, "sellingGeneralAdministrative": 748100000, "nonRecurring": {}, "otherOperatingExpenses": 1000000000, "totalOperatingExpenses": 18442100000, "operatingIncome": 2711800000, "totalOtherIncomeExpenseNet": -2211700000, "ebit": 2711800000, "interestExpense": -2004600000, "incomeBeforeTax": 500100000, "incomeTaxExpense": 212100000, "minorityInterest": 579300000, "netIncomeFromContinuingOps": 288000000, "discontinuedOperations": -457300000, "extraordinaryItems": {}, "effectOfAccountingCharges": {}, "otherItems": {}, "netIncome": 245000000, "netIncomeApplicableToCommonShares": 245000000}], "maxAge": 86400}, "fundOwnership": {"ownershipList": [], "maxAge": 1}, "summaryDetail": {"maxAge": 1, "priceHint": 4, "previousClose": 0.9, "open": 0.94, "dayLow": 0.94, "dayHigh": 0.94, "regularMarketPreviousClose": 0.9, "regularMarketOpen": 0.94, "regularMarketDayLow": 0.94, "regularMarketDayHigh": 0.94, "volume": 10123, "regularMarketVolume": 10123, "averageVolume": 379811, "averageVolume10days": 112080, "averageDailyVolume10Day": 112080, "bid": 0.82, "ask": 0.0, "bidSize": 0, "askSize": 0, "marketCap": 284311456, "fiftyTwoWeekLow": 0.42, "fiftyTwoWeekHigh": 1.69, "fiftyDayAverage": 1.15, "twoHundredDayAverage": 0.9735294, "currency": "INR", "fromCurrency": null, "lastMarket": null, "algorithm": null, "tradeable": false}, "sectorTrend": {"maxAge": 1, "symbol": null, "estimates": []}, "incomeStatementHistoryQuarterly": {"incomeStatementHistory": [{"maxAge": 1, "endDate": "2020-06-30", "totalRevenue": 1146300000, "costOfRevenue": 914900000, "grossProfit": 231400000, "researchDevelopment": {}, "sellingGeneralAdministrative": 49400000, "nonRecurring": {}, "otherOperatingExpenses": 68900000, "totalOperatingExpenses": 1155600000, "operatingIncome": -9300000, "totalOtherIncomeExpenseNet": -624500000, "ebit": -9300000, "interestExpense": -686100000, "incomeBeforeTax": -633800000, "incomeTaxExpense": 21300000, "minorityInterest": {}, "netIncomeFromContinuingOps": -655100000, "discontinuedOperations": {}, "extraordinaryItems": {}, "effectOfAccountingCharges": {}, "otherItems": {}, "netIncome": -685600000, "netIncomeApplicableToCommonShares": -685600000}, {"maxAge": 1, "endDate": "2020-03-31", "totalRevenue": 1656200000, "costOfRevenue": 1298400000, "grossProfit": 357800000, "researchDevelopment": {}, "sellingGeneralAdministrative": 59100000, "nonRecurring": {}, "otherOperatingExpenses": 135000000, "totalOperatingExpenses": 2410300000, "operatingIncome": -754100000, "totalOtherIncomeExpenseNet": -1796400000, "ebit": -754100000, "interestExpense": -722100000, "incomeBeforeTax": -2550500000, "incomeTaxExpense": 7300000, "minorityInterest": 1041400000, "netIncomeFromContinuingOps": -2557800000, "discontinuedOperations": -600000, "extraordinaryItems": {}, "effectOfAccountingCharges": {}, "otherItems": {}, "netIncome": -2592900000, "netIncomeApplicableToCommonShares": -2592900000}, {"maxAge": 1, "endDate": "2019-12-31", "totalRevenue": 1728200000, "costOfRevenue": 1229300000, "grossProfit": 498900000, "researchDevelopment": {}, "sellingGeneralAdministrative": 91500000, "nonRecurring": {}, "otherOperatingExpenses": 344200000, "totalOperatingExpenses": 1886300000, "operatingIncome": -158100000, "totalOtherIncomeExpenseNet": -453200000, "ebit": -158100000, "interestExpense": -677400000, "incomeBeforeTax": -611300000, "incomeTaxExpense": 29900000, "minorityInterest": 1041400000, "netIncomeFromContinuingOps": -641200000, "discontinuedOperations": -1000000, "extraordinaryItems": {}, "effectOfAccountingCharges": {}, "otherItems": {}, "netIncome": -659100000, "netIncomeApplicableToCommonShares": -659100000}, {"maxAge": 1, "endDate": "2019-09-30", "totalRevenue": 1544600000, "costOfRevenue": 1155500000, "grossProfit": 389100000, "researchDevelopment": {}, "sellingGeneralAdministrative": 86000000, "nonRecurring": {}, "otherOperatingExpenses": 320000000, "totalOperatingExpenses": 1812700000, "operatingIncome": -268100000, "totalOtherIncomeExpenseNet": -3066800000, "ebit": -268100000, "interestExpense": -897500000, "incomeBeforeTax": -3334900000, "incomeTaxExpense": 23500000, "minorityInterest": 963800000, "netIncomeFromContinuingOps": -3358400000, "discontinuedOperations": -200000, "extraordinaryItems": {}, "effectOfAccountingCharges": {}, "otherItems": {}, "netIncome": -3377200000, "netIncomeApplicableToCommonShares": -3377200000}], "maxAge": 86400}, "cashflowStatementHistoryQuarterly": {"cashflowStatements": [{"maxAge": 1, "endDate": "2020-06-30", "netIncome": -685600000, "changeToLiabilities": 0}, {"maxAge": 1, "endDate": "2020-03-31", "netIncome": -2592900000, "changeToLiabilities": 0}, {"maxAge": 1, "endDate": "2019-12-31", "netIncome": -659100000, "changeToLiabilities": 0}, {"maxAge": 1, "endDate": "2019-09-30", "netIncome": -3377200000, "changeToLiabilities": 0}], "maxAge": 86400}, "insiderHolders": {"holders": [{"maxAge": 1, "name": "Agarwal (Aayush)", "relation": "Promoter", "url": "", "transactionDescription": "Sale", "latestTransDate": "2017-02-27", "positionDirect": 0, "positionDirectDate": "2017-02-27"}, {"maxAge": 1, "name": "Agarwal (Arooshi)", "relation": "Promoter", "url": "", "transactionDescription": "Sale", "latestTransDate": "2017-02-27", "positionDirect": 0, "positionDirectDate": "2017-02-27"}, {"maxAge": 1, "name": "Agarwal (Atul J)", "relation": "Promoter", "url": "", "transactionDescription": "Sale", "latestTransDate": "2016-10-06", "positionDirect": 0, "positionDirectDate": "2016-10-06"}, {"maxAge": 1, "name": "Agarwal (Manjuli)", "relation": "Promoter", "url": "", "transactionDescription": "Acquisition", "latestTransDate": "2016-11-25", "positionDirectDate": "2016-11-25"}, {"maxAge": 1, "name": "Garg (Ritu)", "relation": "UNREPORTED", "url": "", "transactionDescription": "Acquisition", "latestTransDate": "2014-03-26", "positionDirect": 200000, "positionDirectDate": "2014-03-26"}, {"maxAge": 1, "name": "Khanna (Anil) HUF", "relation": "UNREPORTED", "url": "", "transactionDescription": "Acquisition", "latestTransDate": "2010-08-31", "positionDirect": 43070, "positionDirectDate": "2010-08-31"}, {"maxAge": 1, "name": "Khanna (Simi)", "relation": "UNREPORTED", "url": "", "transactionDescription": "Acquisition", "latestTransDate": "2010-12-10", "positionDirect": 68725, "positionDirectDate": "2010-12-10"}, {"maxAge": 1, "name": "Kuchroo (Kowshik)", "relation": "Divisional Officer", "url": "", "transactionDescription": "Sale", "latestTransDate": "2016-05-17", "positionDirect": 15000, "positionDirectDate": "2016-05-17"}, {"maxAge": 1, "name": "Mittal (Archana)", "relation": "Additonal Director", "url": "", "transactionDescription": "Acquisition", "latestTransDate": "2016-04-27", "positionDirect": 27027400, "positionDirectDate": "2016-04-27"}, {"maxAge": 1, "name": "Mittal (Harishkumar)", "relation": "Executive Chairman", "url": "", "transactionDescription": "Acquisition", "latestTransDate": "2018-10-05", "positionDirect": 48508700, "positionDirectDate": "2018-10-05"}], "maxAge": 1}, "earnings": {"maxAge": 86400, "earningsChart": {"quarterly": [], "earningsDate": []}, "financialsChart": {"yearly": [{"date": 2017, "revenue": 21153900000, "earnings": 245000000}, {"date": 2018, "revenue": 9326600000, "earnings": -2952600000}, {"date": 2019, "revenue": 8673500000, "earnings": -9086100000}, {"date": 2020, "revenue": 6386100000, "earnings": -9260900000}], "quarterly": [{"date": "3Q2019", "revenue": 1544600000, "earnings": -3377200000}, {"date": "4Q2019", "revenue": 1728200000, "earnings": -659100000}, {"date": "1Q2020", "revenue": 1656200000, "earnings": -2592900000}, {"date": "2Q2020", "revenue": 1146300000, "earnings": -685600000}]}, "financialCurrency": "INR"}, "calendarEvents": {"maxAge": 1, "earnings": {"earningsDate": []}}, "upgradeDowngradeHistory": {"history": [], "maxAge": 86400}, "price": {"maxAge": 1, "regularMarketChangePercent": 0.044444464, "regularMarketChange": 0.04000002, "regularMarketTime": "2021-04-30 15:26:45", "priceHint": 4, "regularMarketPrice": 0.94, "regularMarketDayHigh": 0.94, "regularMarketDayLow": 0.94, "regularMarketVolume": 10123, "averageDailyVolume10Day": 112080, "averageDailyVolume3Month": 379811, "regularMarketPreviousClose": 0.9, "regularMarketSource": "FREE_REALTIME", "regularMarketOpen": 0.94, "exchange": "BSE", "exchangeName": "BSE", "exchangeDataDelayedBy": 0, "marketState": "CLOSED", "quoteType": "EQUITY", "symbol": "MERCATOR.BO", "underlyingSymbol": null, "shortName": "MERCATOR LTD.", "longName": "Mercator Limited", "currency": "INR", "quoteSourceName": "Delayed Quote", "currencySymbol": "\u20b9", "fromCurrency": null, "lastMarket": null, "marketCap": 284311456}, "balanceSheetHistory": {"balanceSheetStatements": [{"maxAge": 1, "endDate": "2020-03-31", "cash": 321700000, "shortTermInvestments": 1453800000, "netReceivables": 1166100000, "inventory": 94800000, "otherCurrentAssets": 3274100000, "totalCurrentAssets": 6310500000, "longTermInvestments": 2046400000, "propertyPlantEquipment": 3348500000, "intangibleAssets": 400000, "otherAssets": 1229700000, "deferredLongTermAssetCharges": 14900000, "totalAssets": 12935500000, "accountsPayable": 1859800000, "shortLongTermDebt": 12798100000, "otherCurrentLiab": 726400000, "otherLiab": 394500000, "minorityInterest": 1041400000, "totalCurrentLiabilities": 22081600000, "totalLiab": 22476100000, "commonStock": 302500000, "treasuryStock": -10884500000, "otherStockholderEquity": -10884500000, "totalStockholderEquity": -10582000000, "netTangibleAssets": -10582400000}, {"maxAge": 1, "endDate": "2019-03-31", "cash": 132900000, "netReceivables": 2105200000, "inventory": 152000000, "otherCurrentAssets": 2583400000, "totalCurrentAssets": 6897800000, "propertyPlantEquipment": 11218300000, "intangibleAssets": 1100000, "otherAssets": 3804200000, "deferredLongTermAssetCharges": 13000000, "totalAssets": 21921400000, "accountsPayable": 2134900000, "shortLongTermDebt": 4954400000, "otherCurrentLiab": 1328200000, "longTermDebt": 5144800000, "otherLiab": 376400000, "minorityInterest": 905000000, "totalCurrentLiabilities": 16061200000, "totalLiab": 21582400000, "commonStock": 302500000, "retainedEarnings": -8082100000, "treasuryStock": 1306000000, "capitalSurplus": 5907600000, "otherStockholderEquity": 1306000000, "totalStockholderEquity": -566000000, "netTangibleAssets": -567100000}, {"maxAge": 1, "endDate": "2018-03-31", "cash": 224600000, "shortTermInvestments": 29300000, "netReceivables": 6021600000, "inventory": 166100000, "otherCurrentAssets": 1922700000, "totalCurrentAssets": 10589500000, "propertyPlantEquipment": 14588700000, "intangibleAssets": 5400000, "otherAssets": 6974700000, "totalAssets": 32158300000, "accountsPayable": 2652900000, "shortLongTermDebt": 2928100000, "otherCurrentLiab": 1382000000, "longTermDebt": 10126000000, "otherLiab": 462700000, "deferredLongTermLiab": 38900000, "minorityInterest": 609700000, "totalCurrentLiabilities": 11433100000, "totalLiab": 22021800000, "commonStock": 302500000, "retainedEarnings": 1004800000, "treasuryStock": 2312000000, "capitalSurplus": 5907500000, "otherStockholderEquity": 2312000000, "totalStockholderEquity": 9526800000, "netTangibleAssets": 9521400000}, {"maxAge": 1, "endDate": "2017-03-31", "cash": 938800000, "shortTermInvestments": 29400000, "netReceivables": 6801100000, "inventory": 178500000, "otherCurrentAssets": 1570100000, "totalCurrentAssets": 11489400000, "propertyPlantEquipment": 25570000000, "intangibleAssets": 1900000, "otherAssets": 2359500000, "totalAssets": 39420800000, "accountsPayable": 1892100000, "shortLongTermDebt": 2165500000, "otherCurrentLiab": 7878800000, "longTermDebt": 11995700000, "otherLiab": 507800000, "deferredLongTermLiab": 12000000, "minorityInterest": 579300000, "totalCurrentLiabilities": 16418900000, "totalLiab": 28922400000, "commonStock": 269900000, "retainedEarnings": 3976200000, "treasuryStock": 1064700000, "capitalSurplus": 4608300000, "otherStockholderEquity": 1064700000, "totalStockholderEquity": 9919100000, "netTangibleAssets": 9917200000}], "maxAge": 86400}, "earningsTrend": {"trend": [{"maxAge": 1, "period": "0q", "endDate": null, "growth": {}, "earningsEstimate": {"avg": 0.0, "low": 0.0, "high": 0.0, "yearAgoEps": {}, "numberOfAnalysts": 0, "growth": {}}, "revenueEstimate": {"avg": 0, "low": 0, "high": 0, "numberOfAnalysts": 0, "yearAgoRevenue": {}, "growth": {}}, "epsTrend": {"current": 0.0, "7daysAgo": 0.0, "30daysAgo": 0.0, "60daysAgo": 0.0, "90daysAgo": 0.0}, "epsRevisions": {"upLast7days": 0, "upLast30days": 0, "downLast30days": 0, "downLast90days": {}}}, {"maxAge": 1, "period": "+1q", "endDate": null, "growth": {}, "earningsEstimate": {"avg": 0.0, "low": 0.0, "high": 0.0, "yearAgoEps": {}, "numberOfAnalysts": 0, "growth": {}}, "revenueEstimate": {"avg": 0, "low": 0, "high": 0, "numberOfAnalysts": 0, "yearAgoRevenue": {}, "growth": {}}, "epsTrend": {"current": 0.0, "7daysAgo": 0.0, "30daysAgo": 0.0, "60daysAgo": 0.0, "90daysAgo": 0.0}, "epsRevisions": {"upLast7days": 0, "upLast30days": 0, "downLast30days": 0, "downLast90days": {}}}, {"maxAge": 1, "period": "0y", "endDate": null, "growth": {}, "earningsEstimate": {"avg": 0.0, "low": 0.0, "high": 0.0, "yearAgoEps": {}, "numberOfAnalysts": 0, "growth": {}}, "revenueEstimate": {"avg": 0, "low": 0, "high": 0, "numberOfAnalysts": 0, "yearAgoRevenue": {}, "growth": {}}, "epsTrend": {"current": 0.0, "7daysAgo": 0.0, "30daysAgo": 0.0, "60daysAgo": 0.0, "90daysAgo": 0.0}, "epsRevisions": {"upLast7days": 0, "upLast30days": 0, "downLast30days": 0, "downLast90days": {}}}, {"maxAge": 1, "period": "+1y", "endDate": null, "growth": {}, "earningsEstimate": {"avg": 0.0, "low": 0.0, "high": 0.0, "yearAgoEps": {}, "numberOfAnalysts": 0, "growth": {}}, "revenueEstimate": {"avg": 0, "low": 0, "high": 0, "numberOfAnalysts": 0, "yearAgoRevenue": {}, "growth": {}}, "epsTrend": {"current": 0.0, "7daysAgo": 0.0, "30daysAgo": 0.0, "60daysAgo": 0.0, "90daysAgo": 0.0}, "epsRevisions": {"upLast7days": 0, "upLast30days": 0, "downLast30days": 0, "downLast90days": {}}}, {"maxAge": 1, "period": "+5y", "endDate": null, "growth": {}, "earningsEstimate": {"avg": {}, "low": {}, "high": {}, "yearAgoEps": {}, "numberOfAnalysts": {}, "growth": {}}, "revenueEstimate": {"avg": {}, "low": {}, "high": {}, "numberOfAnalysts": {}, "yearAgoRevenue": {}, "growth": {}}, "epsTrend": {"current": {}, "7daysAgo": {}, "30daysAgo": {}, "60daysAgo": {}, "90daysAgo": {}}, "epsRevisions": {"upLast7days": {}, "upLast30days": {}, "downLast30days": {}, "downLast90days": {}}}, {"maxAge": 1, "period": "-5y", "endDate": null, "growth": {}, "earningsEstimate": {"avg": {}, "low": {}, "high": {}, "yearAgoEps": {}, "numberOfAnalysts": {}, "growth": {}}, "revenueEstimate": {"avg": {}, "low": {}, "high": {}, "numberOfAnalysts": {}, "yearAgoRevenue": {}, "growth": {}}, "epsTrend": {"current": {}, "7daysAgo": {}, "30daysAgo": {}, "60daysAgo": {}, "90daysAgo": {}}, "epsRevisions": {"upLast7days": {}, "upLast30days": {}, "downLast30days": {}, "downLast90days": {}}}], "maxAge": 1}, "financialData": {"maxAge": 86400, "currentPrice": 0.94, "targetHighPrice": 12.0, "targetLowPrice": 12.0, "targetMeanPrice": 12.0, "targetMedianPrice": 12.0, "recommendationKey": "none", "numberOfAnalystOpinions": 1, "grossProfits": 1705600000, "financialCurrency": "INR"}}}