{"MESCON.BO": {"cashflowStatementHistory": {"cashflowStatements": [{"maxAge": 1, "endDate": "2019-03-31", "netIncome": -866020000, "depreciation": 823920000, "changeToNetincome": 51490000, "changeToAccountReceivables": -367580000, "changeToLiabilities": -676810000, "changeToInventory": 475000000, "changeToOperatingActivities": 103070000, "totalCashFromOperatingActivities": -456930000, "capitalExpenditures": -232450000, "investments": 379580000, "otherCashflowsFromInvestingActivities": 25480000, "totalCashflowsFromInvestingActivities": 172610000, "netBorrowings": 751790000, "otherCashflowsFromFinancingActivities": -405770000, "totalCashFromFinancingActivities": 346020000, "changeInCash": 61700000}, {"maxAge": 1, "endDate": "2018-03-31", "netIncome": -641540000, "depreciation": 828690000, "changeToNetincome": 1149250000, "changeToAccountReceivables": -325280000, "changeToLiabilities": 1939010000, "changeToInventory": -612200000, "changeToOperatingActivities": -662620000, "totalCashFromOperatingActivities": 1675310000, "capitalExpenditures": -217140000, "investments": 27010000, "otherCashflowsFromInvestingActivities": 20140000, "totalCashflowsFromInvestingActivities": -169990000, "netBorrowings": 63110000, "otherCashflowsFromFinancingActivities": -1319100000, "totalCashFromFinancingActivities": -1255990000, "changeInCash": 249330000}, {"maxAge": 1, "endDate": "2017-03-31", "netIncome": -405000000, "depreciation": 836310000, "changeToNetincome": 179020000, "changeToAccountReceivables": 48060000, "changeToLiabilities": 356760000, "changeToInventory": -360570000, "changeToOperatingActivities": 1211970000, "totalCashFromOperatingActivities": 1866550000, "capitalExpenditures": -467090000, "investments": -66320000, "otherCashflowsFromInvestingActivities": 34780000, "totalCashflowsFromInvestingActivities": -498630000, "netBorrowings": -353810000, "otherCashflowsFromFinancingActivities": -1009570000, "totalCashFromFinancingActivities": -1363380000, "changeInCash": 4520000}, {"maxAge": 1, "endDate": "2016-03-31", "netIncome": -471330000, "depreciation": 916090000, "changeToNetincome": 73780000, "changeToAccountReceivables": -40670000, "changeToLiabilities": 402720000, "changeToInventory": 378820000, "changeToOperatingActivities": 352040000, "totalCashFromOperatingActivities": 1611450000, "capitalExpenditures": -859200000, "investments": -168260000, "otherCashflowsFromInvestingActivities": 108370000, "totalCashflowsFromInvestingActivities": -989140000, "netBorrowings": -274720000, "otherCashflowsFromFinancingActivities": -657530000, "totalCashFromFinancingActivities": -932250000, "changeInCash": -309940000}], "maxAge": 86400}, "institutionOwnership": {"ownershipList": [], "maxAge": 1}, "balanceSheetHistoryQuarterly": {"balanceSheetStatements": [{"maxAge": 1, "endDate": "2019-12-31"}, {"maxAge": 1, "endDate": "2015-03-31", "cash": 699320000, "netReceivables": 176960000, "inventory": 1985610000, "otherCurrentAssets": 492100000, "totalCurrentAssets": 3364680000, "longTermInvestments": 20070000, "propertyPlantEquipment": 14277350000, "goodWill": 4204850000, "otherAssets": 3033470000, "totalAssets": 24900420000, "accountsPayable": 1216880000, "shortLongTermDebt": 72570000, "otherCurrentLiab": 1104250000, "longTermDebt": 4847830000, "otherLiab": 6763920000, "minorityInterest": 3524060000, "totalCurrentLiabilities": 2930520000, "totalLiab": 14542270000, "commonStock": 1378750000, "retainedEarnings": 2477890000, "treasuryStock": 1642610000, "capitalSurplus": 1334840000, "otherStockholderEquity": 1642610000, "totalStockholderEquity": 6834090000, "netTangibleAssets": 2629240000}, {"maxAge": 1, "endDate": "2014-12-31", "cash": 541220000, "netReceivables": 190440000, "inventory": 1985610000, "otherCurrentAssets": 492100000, "totalCurrentAssets": 3220060000, "longTermInvestments": 20070000, "propertyPlantEquipment": 14277350000, "goodWill": 3552440000, "otherAssets": 3178090000, "totalAssets": 24248010000, "accountsPayable": 1216880000, "shortLongTermDebt": 72570000, "otherCurrentLiab": 2001850000, "longTermDebt": 4847830000, "otherLiab": 5866320000, "minorityInterest": 3528790000, "totalCurrentLiabilities": 3828120000, "totalLiab": 14542270000, "commonStock": 1378750000, "retainedEarnings": 2477890000, "treasuryStock": 1642610000, "capitalSurplus": 677700000, "otherStockholderEquity": 1642610000, "totalStockholderEquity": 6176950000, "netTangibleAssets": 2624510000}, {"maxAge": 1, "endDate": "2014-09-30", "cash": 1133220000, "netReceivables": 719430000, "inventory": 1538200000, "totalCurrentAssets": 3390850000, "longTermInvestments": 20070000, "propertyPlantEquipment": 9433090000, "otherAssets": 3085970000, "totalAssets": 15929980000, "accountsPayable": 545080000, "otherCurrentLiab": 2243350000, "longTermDebt": 304900000, "otherLiab": 6553600000, "totalCurrentLiabilities": 2788430000, "totalLiab": 9646930000, "commonStock": 1378750000, "treasuryStock": 4904300000, "otherStockholderEquity": 4904300000, "totalStockholderEquity": 6283050000, "netTangibleAssets": 6283050000}], "maxAge": 86400}, "indexTrend": {"maxAge": 1, "symbol": "SP5", "peRatio": 19.7411, "pegRatio": 1.34172, "estimates": [{"period": "0q", "growth": 0.549}, {"period": "+1q", "growth": 0.431}, {"period": "0y", "growth": 0.305}, {"period": "+1y", "growth": 0.109}, {"period": "+5y", "growth": 0.120859005}, {"period": "-5y"}]}, "quoteType": {"exchange": "BSE", "quoteType": "EQUITY", "symbol": "MESCON.BO", "underlyingSymbol": "MESCON.BO", "shortName": "MIDEAST INTEGRATED STEELS LIMI", "longName": "Mideast Integrated Steels Limited", "firstTradeDateEpochUtc": "2017-10-18 09:15:00", "timeZoneFullName": "Asia/Kolkata", "timeZoneShortName": "IST", "uuid": "98f8a0a4-3d75-3955-a816-54c8292180d8", "gmtOffSetMilliseconds": 19800000, "maxAge": 1}, "incomeStatementHistory": {"incomeStatementHistory": [{"maxAge": 1, "endDate": "2019-03-31", "totalRevenue": 10621910000, "costOfRevenue": 6730170000, "grossProfit": 3891740000, "researchDevelopment": {}, "sellingGeneralAdministrative": 453620000, "nonRecurring": {}, "otherOperatingExpenses": 3119030000, "totalOperatingExpenses": 11126740000, "operatingIncome": -504830000, "totalOtherIncomeExpenseNet": -309190000, "ebit": -504830000, "interestExpense": -448220000, "incomeBeforeTax": -814020000, "incomeTaxExpense": 52000000, "minorityInterest": 991800000, "netIncomeFromContinuingOps": -866020000, "discontinuedOperations": {}, "extraordinaryItems": {}, "effectOfAccountingCharges": {}, "otherItems": {}, "netIncome": -866020000, "netIncomeApplicableToCommonShares": -866020000}, {"maxAge": 1, "endDate": "2018-03-31", "totalRevenue": 9477120000, "costOfRevenue": 3121190000, "grossProfit": 6355930000, "researchDevelopment": {}, "sellingGeneralAdministrative": 609040000, "nonRecurring": {}, "otherOperatingExpenses": 3894760000, "totalOperatingExpenses": 8453680000, "operatingIncome": 1023440000, "totalOtherIncomeExpenseNet": -1598510000, "ebit": 1023440000, "interestExpense": -1253860000, "incomeBeforeTax": -575070000, "incomeTaxExpense": 66470000, "minorityInterest": 517290000, "netIncomeFromContinuingOps": -641540000, "discontinuedOperations": {}, "extraordinaryItems": {}, "effectOfAccountingCharges": {}, "otherItems": {}, "netIncome": -641540000, "netIncomeApplicableToCommonShares": -641540000}, {"maxAge": 1, "endDate": "2017-03-31", "totalRevenue": 6589550000, "costOfRevenue": 2509180000, "grossProfit": 4080370000, "researchDevelopment": {}, "sellingGeneralAdministrative": 609520000, "nonRecurring": {}, "otherOperatingExpenses": 2421780000, "totalOperatingExpenses": 6376790000, "operatingIncome": 212760000, "totalOtherIncomeExpenseNet": -756120000, "ebit": 212760000, "interestExpense": -707730000, "incomeBeforeTax": -543360000, "incomeTaxExpense": -138360000, "minorityInterest": 433580000, "netIncomeFromContinuingOps": -405000000, "discontinuedOperations": {}, "extraordinaryItems": {}, "effectOfAccountingCharges": {}, "otherItems": {}, "netIncome": -405000000, "netIncomeApplicableToCommonShares": -405000000}, {"maxAge": 1, "endDate": "2016-03-31", "totalRevenue": 7069650000, "costOfRevenue": 3618650000, "grossProfit": 3451000000, "researchDevelopment": {}, "sellingGeneralAdministrative": 602470000, "nonRecurring": {}, "otherOperatingExpenses": 2082110000, "totalOperatingExpenses": 7219320000, "operatingIncome": -149670000, "totalOtherIncomeExpenseNet": -537930000, "ebit": -149670000, "interestExpense": -687950000, "incomeBeforeTax": -687600000, "incomeTaxExpense": 31550000, "minorityInterest": 3286580000, "netIncomeFromContinuingOps": -719150000, "discontinuedOperations": {}, "extraordinaryItems": {}, "effectOfAccountingCharges": {}, "otherItems": {}, "netIncome": -471330000, "netIncomeApplicableToCommonShares": -471330000}], "maxAge": 86400}, "fundOwnership": {"ownershipList": [], "maxAge": 1}, "summaryDetail": {"maxAge": 1, "priceHint": 2, "previousClose": 10.73, "open": 10.8, "dayLow": 10.2, "dayHigh": 10.8, "regularMarketPreviousClose": 10.73, "regularMarketOpen": 10.8, "regularMarketDayLow": 10.2, "regularMarketDayHigh": 10.8, "volume": 11303, "regularMarketVolume": 11303, "averageVolume": 15134, "averageVolume10days": 19042, "averageDailyVolume10Day": 19042, "bid": 10.4, "ask": 10.63, "bidSize": 0, "askSize": 0, "marketCap": 1425627648, "fiftyTwoWeekLow": 3.53, "fiftyTwoWeekHigh": 11.25, "fiftyDayAverage": 7.1878786, "twoHundredDayAverage": 5.4799266, "currency": "INR", "fromCurrency": null, "lastMarket": null, "algorithm": null, "tradeable": false}, "incomeStatementHistoryQuarterly": {"incomeStatementHistory": [{"maxAge": 1, "endDate": "2019-12-31", "totalRevenue": 886680000, "costOfRevenue": 871090000, "grossProfit": 15590000, "researchDevelopment": {}, "sellingGeneralAdministrative": 10900000, "nonRecurring": {}, "otherOperatingExpenses": 87590000, "totalOperatingExpenses": 1107210000, "operatingIncome": -220530000, "totalOtherIncomeExpenseNet": 13250000, "ebit": -220530000, "interestExpense": -220000, "incomeBeforeTax": -207280000, "incomeTaxExpense": 15000000, "minorityInterest": {}, "netIncomeFromContinuingOps": -222280000, "discontinuedOperations": {}, "extraordinaryItems": {}, "effectOfAccountingCharges": {}, "otherItems": {}, "netIncome": -222280000, "netIncomeApplicableToCommonShares": -222280000}, {"maxAge": 1, "endDate": "2015-03-31", "totalRevenue": 1083030000, "costOfRevenue": 1135540000, "grossProfit": -52510000, "researchDevelopment": {}, "sellingGeneralAdministrative": 152310000, "nonRecurring": {}, "otherOperatingExpenses": 51810000, "totalOperatingExpenses": 1497480000, "operatingIncome": -414450000, "totalOtherIncomeExpenseNet": 347075000, "ebit": -414450000, "interestExpense": -29515000, "incomeBeforeTax": -67375000, "incomeTaxExpense": -14320000, "minorityInterest": 3524060000, "netIncomeFromContinuingOps": -53055000, "discontinuedOperations": {}, "extraordinaryItems": {}, "effectOfAccountingCharges": {}, "otherItems": {}, "netIncome": -53055000, "netIncomeApplicableToCommonShares": -53055000}, {"maxAge": 1, "endDate": "2014-12-31", "totalRevenue": 1083030000, "costOfRevenue": 1004320000, "grossProfit": 78710000, "researchDevelopment": {}, "sellingGeneralAdministrative": 152310000, "nonRecurring": {}, "otherOperatingExpenses": 183030000, "totalOperatingExpenses": 1497480000, "operatingIncome": -414450000, "totalOtherIncomeExpenseNet": 347075000, "ebit": -414450000, "interestExpense": -29515000, "incomeBeforeTax": -67375000, "incomeTaxExpense": -14320000, "minorityInterest": 3528790000, "netIncomeFromContinuingOps": -53055000, "discontinuedOperations": {}, "extraordinaryItems": {}, "effectOfAccountingCharges": {}, "otherItems": {}, "netIncome": -53055000, "netIncomeApplicableToCommonShares": -53055000}, {"maxAge": 1, "endDate": "2014-09-30", "totalRevenue": 1340540000, "costOfRevenue": 901170000, "grossProfit": 439370000, "researchDevelopment": {}, "sellingGeneralAdministrative": 106450000, "nonRecurring": {}, "otherOperatingExpenses": 229180000, "totalOperatingExpenses": 1336320000, "operatingIncome": 4220000, "totalOtherIncomeExpenseNet": 5820000, "ebit": 4220000, "interestExpense": -14000000, "incomeBeforeTax": 10040000, "incomeTaxExpense": 3410000, "minorityInterest": 3528790000, "netIncomeFromContinuingOps": 6630000, "discontinuedOperations": {}, "extraordinaryItems": {}, "effectOfAccountingCharges": {}, "otherItems": {}, "netIncome": 6630000, "netIncomeApplicableToCommonShares": 6630000}], "maxAge": 86400}, "cashflowStatementHistoryQuarterly": {"cashflowStatements": [{"maxAge": 1, "endDate": "2019-12-31", "netIncome": -222280000, "changeToLiabilities": 0}, {"maxAge": 1, "endDate": "2015-03-31", "netIncome": -53055000, "changeToLiabilities": 0}, {"maxAge": 1, "endDate": "2014-12-31", "netIncome": -53055000, "changeToLiabilities": 0}, {"maxAge": 1, "endDate": "2014-09-30", "netIncome": 6630000, "changeToLiabilities": 0}], "maxAge": 86400}, "insiderHolders": {"holders": [], "maxAge": 1}, "calendarEvents": {"maxAge": 1, "earnings": {"earningsDate": ["2020-02-25 05:30:S"]}}, "upgradeDowngradeHistory": {"history": [], "maxAge": 86400}, "price": {"maxAge": 1, "regularMarketChangePercent": -0.036346637, "regularMarketChange": -0.3899994, "regularMarketTime": "2021-04-30 15:29:16", "priceHint": 2, "regularMarketPrice": 10.34, "regularMarketDayHigh": 10.8, "regularMarketDayLow": 10.2, "regularMarketVolume": 11303, "averageDailyVolume10Day": 19042, "averageDailyVolume3Month": 15134, "regularMarketPreviousClose": 10.73, "regularMarketSource": "FREE_REALTIME", "regularMarketOpen": 10.8, "exchange": "BSE", "exchangeName": "BSE", "exchangeDataDelayedBy": 0, "marketState": "CLOSED", "quoteType": "EQUITY", "symbol": "MESCON.BO", "underlyingSymbol": null, "shortName": "MIDEAST INTEGRATED STEELS LIMI", "longName": "Mideast Integrated Steels Limited", "currency": "INR", "quoteSourceName": "Delayed Quote", "currencySymbol": "\u20b9", "fromCurrency": null, "lastMarket": null, "marketCap": 1425627648}, "balanceSheetHistory": {"balanceSheetStatements": [{"maxAge": 1, "endDate": "2019-03-31", "cash": 695890000, "shortTermInvestments": 307020000, "netReceivables": 1373020000, "inventory": 2104580000, "otherCurrentAssets": 146210000, "totalCurrentAssets": 4323910000, "longTermInvestments": 120100000, "propertyPlantEquipment": 12627640000, "otherAssets": 5095530000, "deferredLongTermAssetCharges": 1398050000, "totalAssets": 22167180000, "accountsPayable": 3534370000, "shortLongTermDebt": 1535390000, "otherCurrentLiab": 713970000, "longTermDebt": 3563670000, "otherLiab": 7167400000, "minorityInterest": 991800000, "totalCurrentLiabilities": 7136320000, "totalLiab": 17867390000, "commonStock": 1378750000, "retainedEarnings": -391070000, "treasuryStock": 1642610000, "capitalSurplus": 677700000, "otherStockholderEquity": 1642610000, "totalStockholderEquity": 3307990000, "netTangibleAssets": 3307990000}, {"maxAge": 1, "endDate": "2018-03-31", "cash": 694120000, "netReceivables": 761860000, "inventory": 2579580000, "otherCurrentAssets": 285250000, "totalCurrentAssets": 4320810000, "longTermInvestments": 120100000, "propertyPlantEquipment": 13219090000, "otherAssets": 5019710000, "deferredLongTermAssetCharges": 1398050000, "totalAssets": 22679710000, "accountsPayable": 3681340000, "shortLongTermDebt": 1051680000, "otherCurrentLiab": 672420000, "longTermDebt": 3873100000, "otherLiab": 7866700000, "minorityInterest": 517290000, "totalCurrentLiabilities": 6252040000, "totalLiab": 17991840000, "commonStock": 1378750000, "retainedEarnings": 471520000, "treasuryStock": 1642610000, "capitalSurplus": 677700000, "otherStockholderEquity": 1642610000, "totalStockholderEquity": 4170580000, "netTangibleAssets": 4170580000}, {"maxAge": 1, "endDate": "2017-03-31", "cash": 495210000, "netReceivables": 142350000, "inventory": 1967360000, "otherCurrentAssets": 422150000, "totalCurrentAssets": 3038430000, "longTermInvestments": 120100000, "propertyPlantEquipment": 13851230000, "otherAssets": 4680090000, "deferredLongTermAssetCharges": 1397320000, "totalAssets": 21689850000, "accountsPayable": 2009630000, "shortLongTermDebt": 990350000, "otherCurrentLiab": 834630000, "longTermDebt": 3817360000, "otherLiab": 8588400000, "minorityInterest": 433580000, "totalCurrentLiabilities": 4037710000, "totalLiab": 16443470000, "commonStock": 1378750000, "retainedEarnings": 1113740000, "treasuryStock": 1642610000, "capitalSurplus": 677700000, "otherStockholderEquity": 1642610000, "totalStockholderEquity": 4812800000, "netTangibleAssets": 4812800000}, {"maxAge": 1, "endDate": "2016-03-31", "cash": 444240000, "netReceivables": 445070000, "inventory": 1606790000, "otherCurrentAssets": 557860000, "totalCurrentAssets": 3061940000, "longTermInvestments": 120100000, "propertyPlantEquipment": 14220450000, "goodWill": 4285230000, "otherAssets": 2887310000, "totalAssets": 24575030000, "accountsPayable": 1619600000, "shortLongTermDebt": 743740000, "otherCurrentLiab": 1027250000, "longTermDebt": 4573110000, "otherLiab": 6739650000, "minorityInterest": 3286580000, "totalCurrentLiabilities": 3616000000, "totalLiab": 14928760000, "commonStock": 1378750000, "retainedEarnings": 2003490000, "treasuryStock": 1642610000, "capitalSurplus": 1334840000, "otherStockholderEquity": 1642610000, "totalStockholderEquity": 6359690000, "netTangibleAssets": 2074460000}], "maxAge": 86400}, "financialData": {"maxAge": 86400, "currentPrice": 10.34, "recommendationKey": "none", "grossProfits": 3891740000, "financialCurrency": "INR"}}}