{"METALFORGE.BO": {"recommendationTrend": {"trend": [{"period": "0m", "strongBuy": 0, "buy": 0, "hold": 0, "sell": 0, "strongSell": 0}, {"period": "-1m", "strongBuy": 0, "buy": 0, "hold": 0, "sell": 0, "strongSell": 0}, {"period": "-2m", "strongBuy": 0, "buy": 0, "hold": 0, "sell": 0, "strongSell": 0}, {"period": "-3m", "strongBuy": 0, "buy": 0, "hold": 0, "sell": 0, "strongSell": 0}], "maxAge": 86400}, "cashflowStatementHistory": {"cashflowStatements": [{"maxAge": 1, "endDate": "2020-03-31", "netIncome": -3034300000, "depreciation": 2538079000, "changeToNetincome": 11320000, "changeToAccountReceivables": 518980000, "changeToLiabilities": -94393000, "changeToInventory": 36501000, "changeToOperatingActivities": 50395000, "totalCashFromOperatingActivities": 26582000, "capitalExpenditures": -9135000, "otherCashflowsFromInvestingActivities": 9477000, "totalCashflowsFromInvestingActivities": 342000, "netBorrowings": -129000, "otherCashflowsFromFinancingActivities": -6104000, "totalCashFromFinancingActivities": -6233000, "changeInCash": 20691000}, {"maxAge": 1, "endDate": "2019-03-31", "netIncome": -2923651000, "depreciation": 2553133000, "changeToNetincome": 475091000, "changeToAccountReceivables": -16999000, "changeToLiabilities": -102267000, "changeToInventory": 105448000, "changeToOperatingActivities": -99220000, "totalCashFromOperatingActivities": -8465000, "capitalExpenditures": -11948000, "otherCashflowsFromInvestingActivities": 6427000, "totalCashflowsFromInvestingActivities": -5501000, "netBorrowings": -2832000, "otherCashflowsFromFinancingActivities": 66537000, "totalCashFromFinancingActivities": 63705000, "changeInCash": 49739000}, {"maxAge": 1, "endDate": "2018-03-31", "netIncome": -9301828000, "depreciation": 2599275000, "changeToNetincome": 2575506000, "changeToAccountReceivables": 232908000, "changeToLiabilities": 270555000, "changeToInventory": 1538707000, "changeToOperatingActivities": 2659421000, "totalCashFromOperatingActivities": 574544000, "capitalExpenditures": -672424000, "otherCashflowsFromInvestingActivities": 7716000, "totalCashflowsFromInvestingActivities": -660755000, "netBorrowings": -2832000, "otherCashflowsFromFinancingActivities": -321687000, "totalCashFromFinancingActivities": -41687000, "changeInCash": -127898000, "issuanceOfStock": 280000000}, {"maxAge": 1, "endDate": "2017-03-31", "netIncome": -6450250000, "depreciation": 2232734000, "changeToNetincome": 5012407000, "changeToAccountReceivables": 1463294000, "changeToLiabilities": -26581000, "changeToInventory": 6893778000, "changeToOperatingActivities": -2037255000, "totalCashFromOperatingActivities": 7088127000, "capitalExpenditures": -7431307000, "investments": 202000, "otherCashflowsFromInvestingActivities": 516451000, "totalCashflowsFromInvestingActivities": -6903446000, "netBorrowings": 1610522000, "otherCashflowsFromFinancingActivities": -2349319000, "totalCashFromFinancingActivities": -338797000, "changeInCash": -154116000, "issuanceOfStock": 400000000}], "maxAge": 86400}, "institutionOwnership": {"ownershipList": [], "maxAge": 1}, "balanceSheetHistoryQuarterly": {"balanceSheetStatements": [{"maxAge": 1, "endDate": "2020-03-31"}, {"maxAge": 1, "endDate": "2019-12-31", "totalStockholderEquity": -11288000000, "netTangibleAssets": -11288000000}, {"maxAge": 1, "endDate": "2019-09-30", "cash": 251400000, "netReceivables": 2078600000, "inventory": 1129500000, "otherCurrentAssets": 767100000, "totalCurrentAssets": 4226600000, "longTermInvestments": 3470700000, "propertyPlantEquipment": 22698200000, "otherAssets": 1895400000, "deferredLongTermAssetCharges": 1870000000, "totalAssets": 32290900000, "accountsPayable": 1261600000, "otherCurrentLiab": 273100000, "longTermDebt": 75900000, "otherLiab": 3578700000, "totalCurrentLiabilities": 39924300000, "totalLiab": 43578900000, "commonStock": 435500000, "treasuryStock": -11723500000, "otherStockholderEquity": -11723500000, "totalStockholderEquity": -11288000000, "netTangibleAssets": -11288000000}, {"maxAge": 1, "endDate": "2019-06-30", "totalStockholderEquity": -9882100000, "netTangibleAssets": -9882100000}], "maxAge": 86400}, "earningsHistory": {"history": [{"maxAge": 1, "epsActual": {}, "epsEstimate": {}, "epsDifference": {}, "surprisePercent": {}, "quarter": {}, "period": "-4q"}, {"maxAge": 1, "epsActual": {}, "epsEstimate": {}, "epsDifference": {}, "surprisePercent": {}, "quarter": {}, "period": "-3q"}, {"maxAge": 1, "epsActual": {}, "epsEstimate": {}, "epsDifference": {}, "surprisePercent": {}, "quarter": {}, "period": "-2q"}, {"maxAge": 1, "epsActual": {}, "epsEstimate": {}, "epsDifference": {}, "surprisePercent": {}, "quarter": {}, "period": "-1q"}], "maxAge": 86400}, "indexTrend": {"maxAge": 1, "symbol": "SP5", "peRatio": 19.7411, "pegRatio": 1.34172, "estimates": [{"period": "0q", "growth": 0.549}, {"period": "+1q", "growth": 0.431}, {"period": "0y", "growth": 0.305}, {"period": "+1y", "growth": 0.109}, {"period": "+5y", "growth": 0.120859005}, {"period": "-5y"}]}, "industryTrend": {"maxAge": 1, "symbol": null, "estimates": []}, "insiderTransactions": {"transactions": [{"maxAge": 1, "shares": 6800000, "filerUrl": "", "transactionText": "", "filerName": "Amtek Auto Ltd.", "filerRelation": "Promoter", "moneyText": "", "startDate": "2017-04-03", "ownership": "D"}, {"maxAge": 1, "shares": 3900000, "filerUrl": "", "transactionText": "", "filerName": "Amtek Auto Ltd.", "filerRelation": "Promoter", "moneyText": "", "startDate": "2015-03-31", "ownership": "D"}, {"maxAge": 1, "shares": 98, "filerUrl": "", "transactionText": "", "filerName": "WLD Investments Pvt. Ltd.", "filerRelation": "Institution- Corporation", "moneyText": "", "startDate": "2015-03-25", "ownership": "D"}, {"maxAge": 1, "shares": 1800000, "filerUrl": "", "transactionText": "", "filerName": "Amtek Auto Ltd.", "filerRelation": "Promoter", "moneyText": "", "startDate": "2015-03-24", "ownership": "D"}, {"maxAge": 1, "shares": 1799902, "filerUrl": "", "transactionText": "", "filerName": "WLD Investments Pvt. Ltd.", "filerRelation": "Institution- Corporation", "moneyText": "", "startDate": "2015-03-24", "ownership": "D"}, {"maxAge": 1, "shares": 100000, "filerUrl": "", "transactionText": "", "filerName": "Cresta Fund Ltd", "filerRelation": "Investment Management Company", "moneyText": "", "startDate": "2014-07-28", "ownership": "D"}, {"maxAge": 1, "shares": 50000, "filerUrl": "", "transactionText": "", "filerName": "Cresta Fund Ltd", "filerRelation": "Investment Management Company", "moneyText": "", "startDate": "2014-07-25", "ownership": "D"}, {"maxAge": 1, "shares": 50000, "filerUrl": "", "transactionText": "", "filerName": "Cresta Fund Ltd", "filerRelation": "Investment Management Company", "moneyText": "", "startDate": "2014-07-23", "ownership": "D"}, {"maxAge": 1, "shares": 100000, "filerUrl": "", "transactionText": "", "filerName": "Cresta Fund Ltd", "filerRelation": "Investment Management Company", "moneyText": "", "startDate": "2014-07-22", "ownership": "D"}, {"maxAge": 1, "shares": 50000, "filerUrl": "", "transactionText": "", "filerName": "Cresta Fund Ltd", "filerRelation": "Investment Management Company", "moneyText": "", "startDate": "2014-07-21", "ownership": "D"}, {"maxAge": 1, "shares": 50000, "filerUrl": "", "transactionText": "", "filerName": "Cresta Fund Ltd", "filerRelation": "Investment Management Company", "moneyText": "", "startDate": "2014-07-17", "ownership": "D"}, {"maxAge": 1, "shares": 150000, "filerUrl": "", "transactionText": "", "filerName": "Cresta Fund Ltd", "filerRelation": "Investment Management Company", "moneyText": "", "startDate": "2014-07-16", "ownership": "D"}, {"maxAge": 1, "shares": 60000, "filerUrl": "", "transactionText": "", "filerName": "Cresta Fund Ltd", "filerRelation": "Investment Management Company", "moneyText": "", "startDate": "2014-07-14", "ownership": "D"}, {"maxAge": 1, "shares": 150000, "filerUrl": "", "transactionText": "", "filerName": "Cresta Fund Ltd", "filerRelation": "Investment Management Company", "moneyText": "", "startDate": "2014-07-10", "ownership": "D"}, {"maxAge": 1, "shares": 50000, "filerUrl": "", "transactionText": "", "filerName": "Cresta Fund Ltd", "filerRelation": "Investment Management Company", "moneyText": "", "startDate": "2014-07-09", "ownership": "D"}, {"maxAge": 1, "shares": 350000, "filerUrl": "", "transactionText": "", "filerName": "Cresta Fund Ltd", "filerRelation": "Investment Management Company", "moneyText": "", "startDate": "2014-07-08", "ownership": "D"}, {"maxAge": 1, "shares": 2317620, "filerUrl": "", "transactionText": "", "filerName": "Cresta Fund Ltd", "filerRelation": "Investment Management Company", "moneyText": "", "startDate": "2014-07-07", "ownership": "D"}, {"maxAge": 1, "shares": 1800000, "filerUrl": "", "transactionText": "", "filerName": "Warhol Ltd.", "filerRelation": "Private Equity", "moneyText": "", "startDate": "2013-06-14", "ownership": "D"}, {"maxAge": 1, "shares": 1800000, "filerUrl": "", "transactionText": "", "filerName": "Amtek Auto Ltd.", "filerRelation": "Promoter", "moneyText": "", "startDate": "2013-04-18", "ownership": "D"}, {"maxAge": 1, "shares": 1800000, "filerUrl": "", "transactionText": "", "filerName": "Amtek Auto Ltd.", "filerRelation": "Promoter", "moneyText": "", "startDate": "2013-03-19", "ownership": "D"}, {"maxAge": 1, "shares": 1800000, "filerUrl": "", "transactionText": "", "filerName": "Asia Investment Corporation Mauritius Ltd", "filerRelation": "Investment Management Company", "moneyText": "", "startDate": "2013-03-19", "ownership": "D"}, {"maxAge": 1, "shares": 7827, "filerUrl": "", "transactionText": "", "filerName": "Amtek Auto Ltd.", "filerRelation": "Promoter", "moneyText": "", "startDate": "2013-01-17", "ownership": "D"}, {"maxAge": 1, "shares": 50000, "filerUrl": "", "transactionText": "", "filerName": "Asia Investment Corporation Mauritius Ltd", "filerRelation": "Investment Management Company", "moneyText": "", "startDate": "2012-06-22", "ownership": "D"}, {"maxAge": 1, "shares": 64121, "filerUrl": "", "transactionText": "", "filerName": "Asia Investment Corporation Mauritius Ltd", "filerRelation": "Investment Management Company", "moneyText": "", "startDate": "2012-06-21", "ownership": "D"}, {"maxAge": 1, "shares": 50000, "filerUrl": "", "transactionText": "", "filerName": "Asia Investment Corporation Mauritius Ltd", "filerRelation": "Investment Management Company", "moneyText": "", "startDate": "2012-06-20", "ownership": "D"}, {"maxAge": 1, "shares": 50000, "filerUrl": "", "transactionText": "", "filerName": "Asia Investment Corporation Mauritius Ltd", "filerRelation": "Investment Management Company", "moneyText": "", "startDate": "2012-06-19", "ownership": "D"}, {"maxAge": 1, "shares": 76496, "filerUrl": "", "transactionText": "", "filerName": "Asia Investment Corporation Mauritius Ltd", "filerRelation": "Investment Management Company", "moneyText": "", "startDate": "2012-06-15", "ownership": "D"}, {"maxAge": 1, "shares": 50000, "filerUrl": "", "transactionText": "", "filerName": "Asia Investment Corporation Mauritius Ltd", "filerRelation": "Investment Management Company", "moneyText": "", "startDate": "2012-06-13", "ownership": "D"}], "maxAge": 1}, "quoteType": {"exchange": "BSE", "quoteType": "EQUITY", "symbol": "METALFORGE.BO", "underlyingSymbol": "METALFORGE.BO", "shortName": "METALYST FORGINGS LIMITED", "longName": "Metalyst Forgings Limited", "firstTradeDateEpochUtc": "2000-04-25 09:15:00", "timeZoneFullName": "Asia/Kolkata", "timeZoneShortName": "IST", "uuid": "9b57a849-e4f0-3843-bb94-d95973961df3", "gmtOffSetMilliseconds": 19800000, "maxAge": 1}, "incomeStatementHistory": {"incomeStatementHistory": [{"maxAge": 1, "endDate": "2020-03-31", "totalRevenue": 1882800000, "costOfRevenue": 1149800000, "grossProfit": 733000000, "researchDevelopment": {}, "sellingGeneralAdministrative": 295500000, "nonRecurring": {}, "otherOperatingExpenses": 593600000, "totalOperatingExpenses": 4577000000, "operatingIncome": -2694200000, "totalOtherIncomeExpenseNet": -340100000, "ebit": -2694200000, "interestExpense": -20700000, "incomeBeforeTax": -3034300000, "incomeTaxExpense": 0, "minorityInterest": {}, "netIncomeFromContinuingOps": -3034300000, "discontinuedOperations": {}, "extraordinaryItems": {}, "effectOfAccountingCharges": {}, "otherItems": {}, "netIncome": -3034300000, "netIncomeApplicableToCommonShares": -3034300000}, {"maxAge": 1, "endDate": "2019-03-31", "totalRevenue": 3800428000, "costOfRevenue": 2344912000, "grossProfit": 1455516000, "researchDevelopment": {}, "sellingGeneralAdministrative": 341706000, "nonRecurring": {}, "otherOperatingExpenses": 1011848000, "totalOperatingExpenses": 6251599000, "operatingIncome": -2451171000, "totalOtherIncomeExpenseNet": -256292000, "ebit": -2451171000, "interestExpense": -262709000, "incomeBeforeTax": -2707463000, "incomeTaxExpense": 216188000, "minorityInterest": {}, "netIncomeFromContinuingOps": -2923651000, "discontinuedOperations": {}, "extraordinaryItems": {}, "effectOfAccountingCharges": {}, "otherItems": {}, "netIncome": -2923651000, "netIncomeApplicableToCommonShares": -2923651000}, {"maxAge": 1, "endDate": "2018-03-31", "totalRevenue": 3737749000, "costOfRevenue": 2634695000, "grossProfit": 1103054000, "researchDevelopment": {}, "sellingGeneralAdministrative": 329536000, "nonRecurring": {}, "otherOperatingExpenses": 782909000, "totalOperatingExpenses": 6346415000, "operatingIncome": -2608666000, "totalOtherIncomeExpenseNet": -7524380000, "ebit": -2608666000, "interestExpense": -3405709000, "incomeBeforeTax": -10133046000, "incomeTaxExpense": -831218000, "minorityInterest": {}, "netIncomeFromContinuingOps": -9301828000, "discontinuedOperations": {}, "extraordinaryItems": {}, "effectOfAccountingCharges": {}, "otherItems": {}, "netIncome": -9301828000, "netIncomeApplicableToCommonShares": -9301828000}, {"maxAge": 1, "endDate": "2017-03-31", "totalRevenue": 11062810000, "costOfRevenue": 7929136000, "grossProfit": 3133674000, "researchDevelopment": {}, "sellingGeneralAdministrative": 333062000, "nonRecurring": {}, "otherOperatingExpenses": 1074608000, "totalOperatingExpenses": 11569540000, "operatingIncome": -506730000, "totalOtherIncomeExpenseNet": -8451355000, "ebit": -506730000, "interestExpense": -4045715000, "incomeBeforeTax": -8958085000, "incomeTaxExpense": -2507835000, "minorityInterest": {}, "netIncomeFromContinuingOps": -6450250000, "discontinuedOperations": {}, "extraordinaryItems": {}, "effectOfAccountingCharges": {}, "otherItems": {}, "netIncome": -6450250000, "netIncomeApplicableToCommonShares": -6450250000}], "maxAge": 86400}, "fundOwnership": {"ownershipList": [], "maxAge": 1}, "summaryDetail": {"maxAge": 1, "priceHint": 2, "previousClose": 5.1, "open": 5.1, "dayLow": 5.0, "dayHigh": 5.35, "regularMarketPreviousClose": 5.1, "regularMarketOpen": 5.1, "regularMarketDayLow": 5.0, "regularMarketDayHigh": 5.35, "volume": 2368, "regularMarketVolume": 2368, "averageVolume": 4791, "averageVolume10days": 657, "averageDailyVolume10Day": 657, "bid": 5.15, "ask": 5.3, "bidSize": 0, "askSize": 0, "marketCap": 224282512, "fiftyTwoWeekLow": 3.56, "fiftyTwoWeekHigh": 8.3, "fiftyDayAverage": 6.028485, "twoHundredDayAverage": 5.1666913, "currency": "INR", "fromCurrency": null, "lastMarket": null, "algorithm": null, "tradeable": false}, "sectorTrend": {"maxAge": 1, "symbol": null, "estimates": []}, "incomeStatementHistoryQuarterly": {"incomeStatementHistory": [{"maxAge": 1, "endDate": "2020-03-31", "totalRevenue": 373200000, "costOfRevenue": 195500000, "grossProfit": 177700000, "researchDevelopment": {}, "sellingGeneralAdministrative": 62100000, "nonRecurring": {}, "otherOperatingExpenses": 146000000, "totalOperatingExpenses": 1035200000, "operatingIncome": -662000000, "totalOtherIncomeExpenseNet": -255400000, "ebit": -662000000, "interestExpense": -9900000, "incomeBeforeTax": -917400000, "incomeTaxExpense": 0, "minorityInterest": {}, "netIncomeFromContinuingOps": -917400000, "discontinuedOperations": {}, "extraordinaryItems": {}, "effectOfAccountingCharges": {}, "otherItems": {}, "netIncome": -917400000, "netIncomeApplicableToCommonShares": -917400000}, {"maxAge": 1, "endDate": "2019-12-31", "totalRevenue": 379000000, "costOfRevenue": 254600000, "grossProfit": 124400000, "researchDevelopment": {}, "sellingGeneralAdministrative": 73100000, "nonRecurring": {}, "otherOperatingExpenses": 124000000, "totalOperatingExpenses": 1088200000, "operatingIncome": -709200000, "totalOtherIncomeExpenseNet": -1900000, "ebit": -709200000, "interestExpense": -3700000, "incomeBeforeTax": -711100000, "incomeTaxExpense": 0, "minorityInterest": {}, "netIncomeFromContinuingOps": -711100000, "discontinuedOperations": {}, "extraordinaryItems": {}, "effectOfAccountingCharges": {}, "otherItems": {}, "netIncome": -711100000, "netIncomeApplicableToCommonShares": -711100000}, {"maxAge": 1, "endDate": "2019-09-30", "totalRevenue": 398200000, "costOfRevenue": 242300000, "grossProfit": 155900000, "researchDevelopment": {}, "sellingGeneralAdministrative": 78200000, "nonRecurring": {}, "otherOperatingExpenses": 128900000, "totalOperatingExpenses": 1085600000, "operatingIncome": -687400000, "totalOtherIncomeExpenseNet": -1800000, "ebit": -687400000, "interestExpense": -3600000, "incomeBeforeTax": -689200000, "incomeTaxExpense": 0, "minorityInterest": {}, "netIncomeFromContinuingOps": -689200000, "discontinuedOperations": {}, "extraordinaryItems": {}, "effectOfAccountingCharges": {}, "otherItems": {}, "netIncome": -689200000, "netIncomeApplicableToCommonShares": -689200000}, {"maxAge": 1, "endDate": "2019-06-30", "totalRevenue": 732400000, "costOfRevenue": 457400000, "grossProfit": 275000000, "researchDevelopment": {}, "sellingGeneralAdministrative": 82100000, "nonRecurring": {}, "otherOperatingExpenses": 194600000, "totalOperatingExpenses": 1368000000, "operatingIncome": -635600000, "totalOtherIncomeExpenseNet": -81000000, "ebit": -635600000, "interestExpense": -3600000, "incomeBeforeTax": -716600000, "incomeTaxExpense": 0, "minorityInterest": {}, "netIncomeFromContinuingOps": -716600000, "discontinuedOperations": {}, "extraordinaryItems": {}, "effectOfAccountingCharges": {}, "otherItems": {}, "netIncome": -716600000, "netIncomeApplicableToCommonShares": -716600000}], "maxAge": 86400}, "cashflowStatementHistoryQuarterly": {"cashflowStatements": [{"maxAge": 1, "endDate": "2020-03-31", "netIncome": -917400000, "changeToLiabilities": 0}, {"maxAge": 1, "endDate": "2019-12-31", "netIncome": -711100000, "changeToLiabilities": 0}, {"maxAge": 1, "endDate": "2019-09-30", "netIncome": -689200000, "changeToLiabilities": 0}, {"maxAge": 1, "endDate": "2019-06-30", "netIncome": -716600000, "changeToLiabilities": 0}], "maxAge": 86400}, "insiderHolders": {"holders": [{"maxAge": 1, "name": "Amtek Auto Ltd.", "relation": "Promoter", "url": "", "transactionDescription": "Acquisition", "latestTransDate": "2017-04-03", "positionDirect": 24904492, "positionDirectDate": "2017-04-03"}, {"maxAge": 1, "name": "Asia Investment Corporation Mauritius Ltd", "relation": "Investment Management Company", "url": "", "transactionDescription": "Acquisition", "latestTransDate": "2013-03-19", "positionDirect": 401390, "positionDirectDate": "2013-03-19"}, {"maxAge": 1, "name": "Cresta Fund Ltd", "relation": "Investment Management Company", "url": "", "transactionDescription": "Sale", "latestTransDate": "2014-07-28", "positionDirect": 1559010, "positionDirectDate": "2014-07-28"}, {"maxAge": 1, "name": "WLD Investments Pvt. Ltd.", "relation": "Institution- Corporation", "url": "", "transactionDescription": "Acquisition", "latestTransDate": "2015-03-25", "positionDirect": 1800000, "positionDirectDate": "2015-03-25"}, {"maxAge": 1, "name": "Warhol Ltd.", "relation": "Private Equity", "url": "", "transactionDescription": "Sale", "latestTransDate": "2013-06-14", "positionDirect": 1466898, "positionDirectDate": "2013-06-14"}], "maxAge": 1}, "earnings": {"maxAge": 86400, "earningsChart": {"quarterly": [], "earningsDate": []}, "financialsChart": {"yearly": [{"date": 2017, "revenue": 11062810000, "earnings": -6450250000}, {"date": 2018, "revenue": 3737749000, "earnings": -9301828000}, {"date": 2019, "revenue": 3800428000, "earnings": -2923651000}, {"date": 2020, "revenue": 1882800000, "earnings": -3034300000}], "quarterly": [{"date": "2Q2019", "revenue": 732400000, "earnings": -716600000}, {"date": "3Q2019", "revenue": 398200000, "earnings": -689200000}, {"date": "4Q2019", "revenue": 379000000, "earnings": -711100000}, {"date": "1Q2020", "revenue": 373200000, "earnings": -917400000}]}, "financialCurrency": "INR"}, "calendarEvents": {"maxAge": 1, "earnings": {"earningsDate": []}}, "upgradeDowngradeHistory": {"history": [], "maxAge": 86400}, "price": {"maxAge": 1, "regularMarketChangePercent": 0.009803959, "regularMarketChange": 0.05000019, "regularMarketTime": "2021-04-30 15:28:00", "priceHint": 2, "regularMarketPrice": 5.15, "regularMarketDayHigh": 5.35, "regularMarketDayLow": 5.0, "regularMarketVolume": 2368, "averageDailyVolume10Day": 657, "averageDailyVolume3Month": 4791, "regularMarketPreviousClose": 5.1, "regularMarketSource": "FREE_REALTIME", "regularMarketOpen": 5.1, "exchange": "BSE", "exchangeName": "BSE", "exchangeDataDelayedBy": 0, "marketState": "CLOSED", "quoteType": "EQUITY", "symbol": "METALFORGE.BO", "underlyingSymbol": null, "shortName": "METALYST FORGINGS LIMITED", "longName": "Metalyst Forgings Limited", "currency": "INR", "quoteSourceName": "Delayed Quote", "currencySymbol": "\u20b9", "fromCurrency": null, "lastMarket": null, "marketCap": 224282512}, "balanceSheetHistory": {"balanceSheetStatements": [{"maxAge": 1, "endDate": "2020-03-31"}, {"maxAge": 1, "endDate": "2019-03-31", "cash": 212890000, "netReceivables": 2292528000, "inventory": 1152088000, "otherCurrentAssets": 765909000, "totalCurrentAssets": 4423415000, "longTermInvestments": 3470671000, "propertyPlantEquipment": 23962479000, "otherAssets": 1893739000, "deferredLongTermAssetCharges": 1869955000, "totalAssets": 33750304000, "accountsPayable": 1446993000, "otherCurrentLiab": 53083000, "longTermDebt": 71526000, "otherLiab": 3588716000, "totalCurrentLiabilities": 39972185000, "totalLiab": 43632427000, "commonStock": 435500000, "retainedEarnings": -13228215000, "treasuryStock": 447662000, "capitalSurplus": 2462930000, "otherStockholderEquity": 447662000, "totalStockholderEquity": -9882123000, "netTangibleAssets": -9882123000}, {"maxAge": 1, "endDate": "2018-03-31", "cash": 163151000, "netReceivables": 2273154000, "inventory": 1257536000, "otherCurrentAssets": 762641000, "totalCurrentAssets": 4456482000, "longTermInvestments": 3470671000, "propertyPlantEquipment": 26503694000, "otherAssets": 2110850000, "deferredLongTermAssetCharges": 2086143000, "totalAssets": 36541697000, "accountsPayable": 1619933000, "otherCurrentLiab": 43746000, "longTermDebt": 63475000, "otherLiab": 3579298000, "totalCurrentLiabilities": 39858536000, "totalLiab": 43501309000, "commonStock": 435500000, "retainedEarnings": -10304564000, "treasuryStock": 446522000, "capitalSurplus": 2462930000, "otherStockholderEquity": 446522000, "totalStockholderEquity": -6959612000, "netTangibleAssets": -6959612000}, {"maxAge": 1, "endDate": "2017-03-31", "cash": 291049000, "netReceivables": 2582631000, "inventory": 5219818000, "otherCurrentAssets": 733788000, "totalCurrentAssets": 8827286000, "longTermInvestments": 3470671000, "propertyPlantEquipment": 28438722000, "otherAssets": 1282238000, "deferredLongTermAssetCharges": 1258598000, "totalAssets": 42018917000, "accountsPayable": 1164008000, "otherCurrentLiab": 58199000, "longTermDebt": 56331000, "otherLiab": 3653079000, "totalCurrentLiabilities": 36015505000, "totalLiab": 39724915000, "commonStock": 407500000, "retainedEarnings": -1002736000, "treasuryStock": 678308000, "capitalSurplus": 2210930000, "otherStockholderEquity": 678308000, "totalStockholderEquity": 2294002000, "netTangibleAssets": 2294002000}], "maxAge": 86400}, "earningsTrend": {"trend": [{"maxAge": 1, "period": "0q", "endDate": null, "growth": {}, "earningsEstimate": {"avg": 0.0, "low": 0.0, "high": 0.0, "yearAgoEps": {}, "numberOfAnalysts": 0, "growth": {}}, "revenueEstimate": {"avg": 0, "low": 0, "high": 0, "numberOfAnalysts": 0, "yearAgoRevenue": {}, "growth": {}}, "epsTrend": {"current": 0.0, "7daysAgo": 0.0, "30daysAgo": 0.0, "60daysAgo": 0.0, "90daysAgo": 0.0}, "epsRevisions": {"upLast7days": 0, "upLast30days": 0, "downLast30days": 0, "downLast90days": {}}}, {"maxAge": 1, "period": "+1q", "endDate": null, "growth": {}, "earningsEstimate": {"avg": 0.0, "low": 0.0, "high": 0.0, "yearAgoEps": {}, "numberOfAnalysts": 0, "growth": {}}, "revenueEstimate": {"avg": 0, "low": 0, "high": 0, "numberOfAnalysts": 0, "yearAgoRevenue": {}, "growth": {}}, "epsTrend": {"current": 0.0, "7daysAgo": 0.0, "30daysAgo": 0.0, "60daysAgo": 0.0, "90daysAgo": 0.0}, "epsRevisions": {"upLast7days": 0, "upLast30days": 0, "downLast30days": 0, "downLast90days": {}}}, {"maxAge": 1, "period": "0y", "endDate": null, "growth": {}, "earningsEstimate": {"avg": 0.0, "low": 0.0, "high": 0.0, "yearAgoEps": {}, "numberOfAnalysts": 0, "growth": {}}, "revenueEstimate": {"avg": 0, "low": 0, "high": 0, "numberOfAnalysts": 0, "yearAgoRevenue": {}, "growth": {}}, "epsTrend": {"current": 0.0, "7daysAgo": 0.0, "30daysAgo": 0.0, "60daysAgo": 0.0, "90daysAgo": 0.0}, "epsRevisions": {"upLast7days": 0, "upLast30days": 0, "downLast30days": 0, "downLast90days": {}}}, {"maxAge": 1, "period": "+1y", "endDate": null, "growth": {}, "earningsEstimate": {"avg": 0.0, "low": 0.0, "high": 0.0, "yearAgoEps": {}, "numberOfAnalysts": 0, "growth": {}}, "revenueEstimate": {"avg": 0, "low": 0, "high": 0, "numberOfAnalysts": 0, "yearAgoRevenue": {}, "growth": {}}, "epsTrend": {"current": 0.0, "7daysAgo": 0.0, "30daysAgo": 0.0, "60daysAgo": 0.0, "90daysAgo": 0.0}, "epsRevisions": {"upLast7days": 0, "upLast30days": 0, "downLast30days": 0, "downLast90days": {}}}, {"maxAge": 1, "period": "+5y", "endDate": null, "growth": {}, "earningsEstimate": {"avg": {}, "low": {}, "high": {}, "yearAgoEps": {}, "numberOfAnalysts": {}, "growth": {}}, "revenueEstimate": {"avg": {}, "low": {}, "high": {}, "numberOfAnalysts": {}, "yearAgoRevenue": {}, "growth": {}}, "epsTrend": {"current": {}, "7daysAgo": {}, "30daysAgo": {}, "60daysAgo": {}, "90daysAgo": {}}, "epsRevisions": {"upLast7days": {}, "upLast30days": {}, "downLast30days": {}, "downLast90days": {}}}, {"maxAge": 1, "period": "-5y", "endDate": null, "growth": {}, "earningsEstimate": {"avg": {}, "low": {}, "high": {}, "yearAgoEps": {}, "numberOfAnalysts": {}, "growth": {}}, "revenueEstimate": {"avg": {}, "low": {}, "high": {}, "numberOfAnalysts": {}, "yearAgoRevenue": {}, "growth": {}}, "epsTrend": {"current": {}, "7daysAgo": {}, "30daysAgo": {}, "60daysAgo": {}, "90daysAgo": {}}, "epsRevisions": {"upLast7days": {}, "upLast30days": {}, "downLast30days": {}, "downLast90days": {}}}], "maxAge": 1}, "financialData": {"maxAge": 86400, "currentPrice": 5.15, "targetHighPrice": 678.0, "targetLowPrice": 678.0, "targetMeanPrice": 678.0, "targetMedianPrice": 678.0, "recommendationKey": "none", "numberOfAnalystOpinions": 1, "grossProfits": 733000000, "financialCurrency": "INR"}}}