{"METALCO.BO": {"cashflowStatementHistory": {"cashflowStatements": [{"maxAge": 1, "endDate": "2020-03-31", "netIncome": 28547000, "depreciation": 5583000, "changeToNetincome": -160000, "changeToAccountReceivables": 30882000, "changeToLiabilities": 0, "changeToInventory": 28482000, "changeToOperatingActivities": -10176000, "totalCashFromOperatingActivities": 83158000, "capitalExpenditures": -3383000, "investments": -12730000, "totalCashflowsFromInvestingActivities": -16113000, "dividendsPaid": -3664000, "netBorrowings": -37842000, "otherCashflowsFromFinancingActivities": -770000, "totalCashFromFinancingActivities": -42276000, "changeInCash": 24769000}, {"maxAge": 1, "endDate": "2019-03-31", "netIncome": 30733000, "depreciation": 6358000, "changeToNetincome": -1087000, "changeToAccountReceivables": -30803000, "changeToLiabilities": 0, "changeToInventory": 17023000, "changeToOperatingActivities": 3210000, "totalCashFromOperatingActivities": 25434000, "capitalExpenditures": -135000, "investments": -12730000, "totalCashflowsFromInvestingActivities": 3132000, "dividendsPaid": -7327000, "netBorrowings": -19568000, "otherCashflowsFromFinancingActivities": -1493000, "totalCashFromFinancingActivities": -28388000, "changeInCash": 178000}, {"maxAge": 1, "endDate": "2018-03-31", "netIncome": 19929000, "depreciation": 6913000, "changeToNetincome": -789000, "changeToAccountReceivables": -16082000, "changeToLiabilities": 0, "changeToInventory": 5545000, "changeToOperatingActivities": -1404000, "totalCashFromOperatingActivities": 14167000, "capitalExpenditures": -135000, "investments": -12730000, "totalCashflowsFromInvestingActivities": 4142000, "dividendsPaid": -7327000, "netBorrowings": -10201000, "otherCashflowsFromFinancingActivities": -1551000, "totalCashFromFinancingActivities": -19079000, "changeInCash": -770000}, {"maxAge": 1, "endDate": "2017-03-31", "netIncome": 19516000, "depreciation": 7321000, "changeToNetincome": -319000, "changeToAccountReceivables": -27759000, "changeToLiabilities": 0, "changeToInventory": 10506000, "changeToOperatingActivities": 29934000, "totalCashFromOperatingActivities": 39199000, "capitalExpenditures": -1175000, "investments": 30000000, "totalCashflowsFromInvestingActivities": 29263000, "dividendsPaid": -7327000, "netBorrowings": -67889000, "otherCashflowsFromFinancingActivities": -144000, "totalCashFromFinancingActivities": -68033000, "changeInCash": 429000}], "maxAge": 86400}, "institutionOwnership": {"maxAge": 1, "ownershipList": []}, "balanceSheetHistoryQuarterly": {"balanceSheetStatements": [{"maxAge": 1, "endDate": "2020-06-30", "totalStockholderEquity": 289949000, "netTangibleAssets": 289949000}, {"maxAge": 1, "endDate": "2020-03-31", "cash": 25656000, "netReceivables": 245889000, "inventory": 30985000, "otherCurrentAssets": 5817000, "totalCurrentAssets": 321440000, "propertyPlantEquipment": 51713000, "otherAssets": 2461000, "deferredLongTermAssetCharges": 1412000, "totalAssets": 375614000, "accountsPayable": 2101000, "otherCurrentLiab": 5931000, "otherLiab": 17882000, "totalCurrentLiabilities": 67783000, "totalLiab": 85665000, "commonStock": 73268000, "retainedEarnings": 202508000, "treasuryStock": 614000, "capitalSurplus": 13559000, "otherStockholderEquity": 614000, "totalStockholderEquity": 289949000, "netTangibleAssets": 289949000}, {"maxAge": 1, "endDate": "2019-12-31", "totalStockholderEquity": 274076000, "netTangibleAssets": 274076000}, {"maxAge": 1, "endDate": "2019-09-30", "cash": 6218000, "shortTermInvestments": 40343000, "netReceivables": 230669000, "inventory": 31720000, "otherCurrentAssets": 5533000, "totalCurrentAssets": 314483000, "propertyPlantEquipment": 51616000, "otherAssets": 2800000, "deferredLongTermAssetCharges": 1734000, "totalAssets": 368899000, "accountsPayable": 1000, "otherCurrentLiab": 19771000, "otherLiab": 18233000, "totalCurrentLiabilities": 76590000, "totalLiab": 94823000, "commonStock": 73268000, "treasuryStock": 200808000, "otherStockholderEquity": 200808000, "totalStockholderEquity": 274076000, "netTangibleAssets": 274076000}], "maxAge": 86400}, "indexTrend": {"maxAge": 1, "symbol": "SP5", "peRatio": 19.7411, "pegRatio": 1.34172, "estimates": [{"period": "0q", "growth": 0.549}, {"period": "+1q", "growth": 0.431}, {"period": "0y", "growth": 0.305}, {"period": "+1y", "growth": 0.109}, {"period": "+5y", "growth": 0.120859005}, {"period": "-5y"}]}, "insiderTransactions": {"transactions": [{"maxAge": 1, "shares": 85000, "filerUrl": "", "transactionText": "", "filerName": "Khandelwal Galva Strips Pvt Ltd", "filerRelation": "Promoter", "moneyText": "", "startDate": "2018-03-14", "ownership": "D"}, {"maxAge": 1, "shares": 98099, "filerUrl": "", "transactionText": "", "filerName": "Khandelwal Galva Strips Pvt Ltd", "filerRelation": "Promoter", "moneyText": "", "startDate": "2017-08-09", "ownership": "D"}, {"maxAge": 1, "shares": 48500, "filerUrl": "", "transactionText": "", "filerName": "Khandelwal Galva Strips Pvt Ltd", "filerRelation": "Promoter", "moneyText": "", "startDate": "2017-08-05", "ownership": "D"}, {"maxAge": 1, "shares": 49700, "filerUrl": "", "transactionText": "", "filerName": "Khandelwal Galva Strips Pvt Ltd", "filerRelation": "Promoter", "moneyText": "", "startDate": "2017-07-29", "ownership": "D"}, {"maxAge": 1, "shares": 50000, "filerUrl": "", "transactionText": "", "filerName": "Khandelwal Galva Strips Pvt Ltd", "filerRelation": "Promoter", "moneyText": "", "startDate": "2017-07-27", "ownership": "D"}, {"maxAge": 1, "shares": 130000, "filerUrl": "", "transactionText": "", "filerName": "Microne Texfab Pvt Ltd", "filerRelation": "Institution- Corporation", "moneyText": "", "startDate": "2015-03-14", "ownership": "D"}, {"maxAge": 1, "shares": 80156, "filerUrl": "", "transactionText": "", "filerName": "Khandelwal (Pramod)", "filerRelation": "Managing Director", "moneyText": "", "startDate": "2015-03-13", "ownership": "D"}, {"maxAge": 1, "shares": 48950, "filerUrl": "", "transactionText": "", "filerName": "Khandelwal (Pramod)", "filerRelation": "Managing Director", "moneyText": "", "startDate": "2014-09-03", "ownership": "D"}, {"maxAge": 1, "shares": 50000, "filerUrl": "", "transactionText": "", "filerName": "Khandelwal (Pramod)", "filerRelation": "Managing Director", "moneyText": "", "startDate": "2014-03-28", "ownership": "D"}, {"maxAge": 1, "shares": 1185, "filerUrl": "", "transactionText": "", "filerName": "Khandelwal (Pramod)", "filerRelation": "Managing Director", "moneyText": "", "startDate": "2014-02-24", "ownership": "D"}, {"maxAge": 1, "shares": 49950, "filerUrl": "", "transactionText": "", "filerName": "Khandelwal (Ramesh Chander)", "filerRelation": "Promoter", "moneyText": "", "startDate": "2014-02-21", "ownership": "D"}, {"maxAge": 1, "shares": 95000, "filerUrl": "", "transactionText": "", "filerName": "Khandelwal (Pramod)", "filerRelation": "Managing Director", "moneyText": "", "startDate": "2014-02-19", "ownership": "D"}, {"maxAge": 1, "shares": 102608, "filerUrl": "", "transactionText": "", "filerName": "Khandelwal (Ramesh Chander)", "filerRelation": "Promoter", "moneyText": "", "startDate": "2014-02-19", "ownership": "D"}, {"maxAge": 1, "shares": 110000, "filerUrl": "", "transactionText": "", "filerName": "Microne Texfab Pvt Ltd", "filerRelation": "Institution- Corporation", "moneyText": "", "startDate": "2014-02-18", "ownership": "D"}, {"maxAge": 1, "shares": 500000, "filerUrl": "", "transactionText": "", "filerName": "Khandelwal (Pramod)", "filerRelation": "Managing Director", "moneyText": "", "startDate": "2013-01-07", "ownership": "D"}, {"maxAge": 1, "shares": 600000, "filerUrl": "", "transactionText": "", "filerName": "Microne Texfab Pvt Ltd", "filerRelation": "Institution- Corporation", "moneyText": "", "startDate": "2013-01-07", "ownership": "D"}, {"maxAge": 1, "shares": 500000, "filerUrl": "", "transactionText": "", "filerName": "Khandelwal Galva Strips Pvt Ltd", "filerRelation": "Promoter", "moneyText": "", "startDate": "2013-01-07", "ownership": "D"}, {"maxAge": 1, "shares": 500000, "filerUrl": "", "transactionText": "", "filerName": "Khandelwal (Ramesh Chander)", "filerRelation": "Promoter", "moneyText": "", "startDate": "2013-01-07", "ownership": "D"}, {"maxAge": 1, "shares": 122800, "filerUrl": "", "transactionText": "", "filerName": "Lehartechnologies Com Pvt Ltd", "filerRelation": "Institution- Corporation", "moneyText": "", "startDate": "2012-09-28", "ownership": "D"}, {"maxAge": 1, "shares": 356100, "filerUrl": "", "transactionText": "", "filerName": "Khandelwal (V P)", "filerRelation": "UNREPORTED", "moneyText": "", "startDate": "2010-11-09", "ownership": "D"}, {"maxAge": 1, "shares": 356100, "filerUrl": "", "transactionText": "", "filerName": "Khandelwal (Pramod)", "filerRelation": "Managing Director", "moneyText": "", "startDate": "2010-11-09", "ownership": "D"}], "maxAge": 1}, "quoteType": {"exchange": "BSE", "quoteType": "EQUITY", "symbol": "METALCO.BO", "underlyingSymbol": "METALCO.BO", "shortName": "METAL COATINGS (INDIA) LTD.", "longName": "Metal Coatings (India) Limited", "firstTradeDateEpochUtc": "2002-06-12 09:15:00", "timeZoneFullName": "Asia/Kolkata", "timeZoneShortName": "IST", "uuid": "702b7f4c-bae0-3976-869d-7fd57765b386", "messageBoardId": null, "gmtOffSetMilliseconds": 19800000, "maxAge": 1}, "incomeStatementHistory": {"incomeStatementHistory": [{"maxAge": 1, "endDate": "2020-03-31", "totalRevenue": 1201698000, "costOfRevenue": 995187000, "grossProfit": 206511000, "researchDevelopment": {}, "sellingGeneralAdministrative": 62236000, "nonRecurring": {}, "otherOperatingExpenses": 104636000, "totalOperatingExpenses": 1167642000, "operatingIncome": 34056000, "totalOtherIncomeExpenseNet": 4607000, "ebit": 34056000, "interestExpense": -676000, "incomeBeforeTax": 38663000, "incomeTaxExpense": 10116000, "minorityInterest": {}, "netIncomeFromContinuingOps": 28547000, "discontinuedOperations": {}, "extraordinaryItems": {}, "effectOfAccountingCharges": {}, "otherItems": {}, "netIncome": 28547000, "netIncomeApplicableToCommonShares": 28547000}, {"maxAge": 1, "endDate": "2019-03-31", "totalRevenue": 1540647000, "costOfRevenue": 1318034000, "grossProfit": 222613000, "researchDevelopment": {}, "sellingGeneralAdministrative": 58071000, "nonRecurring": {}, "otherOperatingExpenses": 115500000, "totalOperatingExpenses": 1500658000, "operatingIncome": 39989000, "totalOtherIncomeExpenseNet": 802000, "ebit": 39989000, "interestExpense": -4643000, "incomeBeforeTax": 40791000, "incomeTaxExpense": 10058000, "minorityInterest": {}, "netIncomeFromContinuingOps": 30733000, "discontinuedOperations": {}, "extraordinaryItems": {}, "effectOfAccountingCharges": {}, "otherItems": {}, "netIncome": 30733000, "netIncomeApplicableToCommonShares": 30733000}, {"maxAge": 1, "endDate": "2018-03-31", "totalRevenue": 1104733000, "costOfRevenue": 907406000, "grossProfit": 197327000, "researchDevelopment": {}, "sellingGeneralAdministrative": 53563000, "nonRecurring": {}, "otherOperatingExpenses": 99826000, "totalOperatingExpenses": 1069683000, "operatingIncome": 35050000, "totalOtherIncomeExpenseNet": -3777000, "ebit": 35050000, "interestExpense": -4601000, "incomeBeforeTax": 31273000, "incomeTaxExpense": 11344000, "minorityInterest": {}, "netIncomeFromContinuingOps": 19929000, "discontinuedOperations": {}, "extraordinaryItems": {}, "effectOfAccountingCharges": {}, "otherItems": {}, "netIncome": 19929000, "netIncomeApplicableToCommonShares": 19929000}, {"maxAge": 1, "endDate": "2017-03-31", "totalRevenue": 979172000, "costOfRevenue": 786292000, "grossProfit": 192880000, "researchDevelopment": {}, "sellingGeneralAdministrative": 46773000, "nonRecurring": {}, "otherOperatingExpenses": 100163000, "totalOperatingExpenses": 940608000, "operatingIncome": 38564000, "totalOtherIncomeExpenseNet": -9008000, "ebit": 38564000, "interestExpense": -12814000, "incomeBeforeTax": 29556000, "incomeTaxExpense": 10040000, "minorityInterest": {}, "netIncomeFromContinuingOps": 19516000, "discontinuedOperations": {}, "extraordinaryItems": {}, "effectOfAccountingCharges": {}, "otherItems": {}, "netIncome": 19516000, "netIncomeApplicableToCommonShares": 19516000}], "maxAge": 86400}, "fundOwnership": {"maxAge": 1, "ownershipList": []}, "summaryDetail": {"maxAge": 1, "priceHint": 2, "previousClose": 26.65, "open": 27.75, "dayLow": 26.25, "dayHigh": 27.75, "regularMarketPreviousClose": 26.65, "regularMarketOpen": 27.75, "regularMarketDayLow": 26.25, "regularMarketDayHigh": 27.75, "trailingPE": 10.597497, "volume": 504, "regularMarketVolume": 504, "averageVolume": 556, "averageVolume10days": 189, "averageDailyVolume10Day": 189, "bid": 27.05, "ask": 27.25, "bidSize": 0, "askSize": 0, "marketCap": 192328496, "fiftyTwoWeekLow": 19.95, "fiftyTwoWeekHigh": 32.0, "fiftyDayAverage": 28.437143, "twoHundredDayAverage": 25.982971, "trailingAnnualDividendRate": 0.5, "trailingAnnualDividendYield": 0.018761726, "currency": "INR", "fromCurrency": null, "toCurrency": null, "lastMarket": null, "algorithm": null, "tradeable": false}, "incomeStatementHistoryQuarterly": {"incomeStatementHistory": [{"maxAge": 1, "endDate": "2020-06-30", "totalRevenue": 39363000, "costOfRevenue": 30444000, "grossProfit": 8919000, "researchDevelopment": {}, "sellingGeneralAdministrative": 10060000, "nonRecurring": {}, "otherOperatingExpenses": 4527000, "totalOperatingExpenses": 46269000, "operatingIncome": -6906000, "totalOtherIncomeExpenseNet": 1823000, "ebit": -6906000, "interestExpense": -7000, "incomeBeforeTax": -5083000, "incomeTaxExpense": -285000, "minorityInterest": {}, "netIncomeFromContinuingOps": -4798000, "discontinuedOperations": {}, "extraordinaryItems": {}, "effectOfAccountingCharges": {}, "otherItems": {}, "netIncome": -4798000, "netIncomeApplicableToCommonShares": -4798000}, {"maxAge": 1, "endDate": "2020-03-31", "totalRevenue": 260510000, "costOfRevenue": 205494000, "grossProfit": 55016000, "researchDevelopment": {}, "sellingGeneralAdministrative": 15851000, "nonRecurring": {}, "otherOperatingExpenses": 26054000, "totalOperatingExpenses": 248675000, "operatingIncome": 11835000, "totalOtherIncomeExpenseNet": -525000, "ebit": 11835000, "interestExpense": -69000, "incomeBeforeTax": 11310000, "incomeTaxExpense": 3391000, "minorityInterest": {}, "netIncomeFromContinuingOps": 7919000, "discontinuedOperations": {}, "extraordinaryItems": {}, "effectOfAccountingCharges": {}, "otherItems": {}, "netIncome": 7919000, "netIncomeApplicableToCommonShares": 7919000}, {"maxAge": 1, "endDate": "2019-12-31", "totalRevenue": 287967000, "costOfRevenue": 234573000, "grossProfit": 53394000, "researchDevelopment": {}, "sellingGeneralAdministrative": 15472000, "nonRecurring": {}, "otherOperatingExpenses": 28074000, "totalOperatingExpenses": 279412000, "operatingIncome": 8555000, "totalOtherIncomeExpenseNet": 1105000, "ebit": 8555000, "interestExpense": -66000, "incomeBeforeTax": 9660000, "incomeTaxExpense": 2353000, "minorityInterest": {}, "netIncomeFromContinuingOps": 7307000, "discontinuedOperations": {}, "extraordinaryItems": {}, "effectOfAccountingCharges": {}, "otherItems": {}, "netIncome": 7307000, "netIncomeApplicableToCommonShares": 7307000}, {"maxAge": 1, "endDate": "2019-09-30", "totalRevenue": 284172000, "costOfRevenue": 233302000, "grossProfit": 50870000, "researchDevelopment": {}, "sellingGeneralAdministrative": 15417000, "nonRecurring": {}, "otherOperatingExpenses": 27054000, "totalOperatingExpenses": 277293000, "operatingIncome": 6879000, "totalOtherIncomeExpenseNet": 3938000, "ebit": 6879000, "interestExpense": -26000, "incomeBeforeTax": 10817000, "incomeTaxExpense": 3055000, "minorityInterest": {}, "netIncomeFromContinuingOps": 7762000, "discontinuedOperations": {}, "extraordinaryItems": {}, "effectOfAccountingCharges": {}, "otherItems": {}, "netIncome": 7762000, "netIncomeApplicableToCommonShares": 7762000}], "maxAge": 86400}, "cashflowStatementHistoryQuarterly": {"cashflowStatements": [{"maxAge": 1, "endDate": "2020-06-30", "netIncome": -4798000, "changeToLiabilities": 0}, {"maxAge": 1, "endDate": "2020-03-31", "netIncome": 7919000, "changeToLiabilities": 0}, {"maxAge": 1, "endDate": "2019-12-31", "netIncome": 7307000, "changeToLiabilities": 0}, {"maxAge": 1, "endDate": "2019-09-30", "netIncome": 7762000, "changeToLiabilities": 0}], "maxAge": 86400}, "insiderHolders": {"holders": [{"maxAge": 1, "name": "Khandelwal (Pramod)", "relation": "Managing Director", "url": "", "transactionDescription": "Acquisition", "latestTransDate": "2015-03-13", "positionDirect": 1193391, "positionDirectDate": "2015-03-13"}, {"maxAge": 1, "name": "Khandelwal (Ramesh Chander)", "relation": "Promoter", "url": "", "transactionDescription": "Acquisition", "latestTransDate": "2014-02-21", "positionDirect": 1043858, "positionDirectDate": "2014-02-21"}, {"maxAge": 1, "name": "Khandelwal (V P)", "relation": "UNREPORTED", "url": "", "transactionDescription": "Sale", "latestTransDate": "2010-11-09", "positionDirect": 0, "positionDirectDate": "2010-11-09"}, {"maxAge": 1, "name": "Khandelwal Galva Strips Pvt Ltd", "relation": "Promoter", "url": "", "transactionDescription": "Acquisition", "latestTransDate": "2018-03-14", "positionDirect": 1745499, "positionDirectDate": "2018-03-14"}, {"maxAge": 1, "name": "Lehartechnologies Com Pvt Ltd", "relation": "Institution- Corporation", "url": "", "transactionDescription": "Acquisition", "latestTransDate": "2012-09-28", "positionDirect": 501752, "positionDirectDate": "2012-09-28"}, {"maxAge": 1, "name": "Microne Texfab Pvt Ltd", "relation": "Institution- Corporation", "url": "", "transactionDescription": "Sale", "latestTransDate": "2015-03-14", "positionDirect": 360000, "positionDirectDate": "2015-03-14"}], "maxAge": 1}, "calendarEvents": {"maxAge": 1, "earnings": {"earningsDate": ["2020-09-15 05:30:S"]}}, "price": {"maxAge": 1, "regularMarketChangePercent": -0.015009368, "regularMarketChange": -0.39999962, "regularMarketTime": "2021-04-30 14:58:30", "priceHint": 2, "regularMarketPrice": 26.25, "regularMarketDayHigh": 27.75, "regularMarketDayLow": 26.25, "regularMarketVolume": 504, "averageDailyVolume10Day": 189, "averageDailyVolume3Month": 556, "regularMarketPreviousClose": 26.65, "regularMarketSource": "FREE_REALTIME", "regularMarketOpen": 27.75, "exchange": "BSE", "exchangeName": "BSE", "exchangeDataDelayedBy": 0, "marketState": "CLOSED", "quoteType": "EQUITY", "symbol": "METALCO.BO", "underlyingSymbol": null, "shortName": "METAL COATINGS (INDIA) LTD.", "longName": "Metal Coatings (India) Limited", "currency": "INR", "quoteSourceName": "Delayed Quote", "currencySymbol": "\u20b9", "fromCurrency": null, "toCurrency": null, "lastMarket": null, "marketCap": 192328496}, "balanceSheetHistory": {"balanceSheetStatements": [{"maxAge": 1, "endDate": "2020-03-31", "cash": 25656000, "netReceivables": 245889000, "inventory": 30985000, "otherCurrentAssets": 5817000, "totalCurrentAssets": 321440000, "propertyPlantEquipment": 51713000, "otherAssets": 2461000, "deferredLongTermAssetCharges": 1412000, "totalAssets": 375614000, "accountsPayable": 2101000, "otherCurrentLiab": 5931000, "otherLiab": 17882000, "totalCurrentLiabilities": 67783000, "totalLiab": 85665000, "commonStock": 73268000, "retainedEarnings": 202508000, "treasuryStock": 614000, "capitalSurplus": 13559000, "otherStockholderEquity": 614000, "totalStockholderEquity": 289949000, "netTangibleAssets": 289949000}, {"maxAge": 1, "endDate": "2019-03-31", "cash": 887000, "netReceivables": 276888000, "inventory": 59467000, "otherCurrentAssets": 7807000, "totalCurrentAssets": 345183000, "propertyPlantEquipment": 53896000, "otherAssets": 1910000, "deferredLongTermAssetCharges": 844000, "totalAssets": 400989000, "accountsPayable": 8935000, "otherCurrentLiab": 10782000, "otherLiab": 16671000, "totalCurrentLiabilities": 117270000, "totalLiab": 133941000, "commonStock": 73268000, "retainedEarnings": 179607000, "treasuryStock": 614000, "capitalSurplus": 13559000, "otherStockholderEquity": 614000, "totalStockholderEquity": 267048000, "netTangibleAssets": 267048000}, {"maxAge": 1, "endDate": "2018-03-31", "cash": 709000, "netReceivables": 245983000, "inventory": 76490000, "otherCurrentAssets": 6888000, "totalCurrentAssets": 330350000, "propertyPlantEquipment": 63503000, "otherAssets": 1066000, "totalAssets": 394919000, "accountsPayable": 448000, "shortLongTermDebt": 62000, "otherCurrentLiab": 15925000, "otherLiab": 14412000, "totalCurrentLiabilities": 131840000, "totalLiab": 146252000, "commonStock": 73268000, "retainedEarnings": 161226000, "treasuryStock": 614000, "capitalSurplus": 13559000, "otherStockholderEquity": 614000, "totalStockholderEquity": 248667000, "netTangibleAssets": 248667000}, {"maxAge": 1, "endDate": "2017-03-31", "cash": 1479000, "netReceivables": 226774000, "inventory": 82035000, "otherCurrentAssets": 8661000, "totalCurrentAssets": 319362000, "propertyPlantEquipment": 71243000, "intangibleAssets": 54000, "otherAssets": 4507000, "totalAssets": 395166000, "accountsPayable": 5228000, "shortLongTermDebt": 539000, "otherCurrentLiab": 13712000, "longTermDebt": 63000, "otherLiab": 16013000, "totalCurrentLiabilities": 138774000, "totalLiab": 154850000, "commonStock": 73268000, "retainedEarnings": 152875000, "treasuryStock": 614000, "capitalSurplus": 13559000, "otherStockholderEquity": 614000, "totalStockholderEquity": 240316000, "netTangibleAssets": 240262000}], "maxAge": 86400}, "financialData": {"maxAge": 86400, "currentPrice": 26.25, "recommendationKey": "none", "grossProfits": 206511000, "financialCurrency": "INR"}}}