{"METROGLOBL.BO": {"recommendationTrend": {"trend": [{"period": "0m", "strongBuy": 0, "buy": 0, "hold": 0, "sell": 0, "strongSell": 0}, {"period": "-1m", "strongBuy": 0, "buy": 0, "hold": 0, "sell": 0, "strongSell": 0}, {"period": "-2m", "strongBuy": 0, "buy": 0, "hold": 0, "sell": 0, "strongSell": 0}, {"period": "-3m", "strongBuy": 0, "buy": 0, "hold": 0, "sell": 0, "strongSell": 0}], "maxAge": 86400}, "cashflowStatementHistory": {"cashflowStatements": [{"maxAge": 1, "endDate": "2020-03-31", "netIncome": 79778000, "depreciation": 7164000, "changeToNetincome": 29411000, "changeToAccountReceivables": 37244000, "changeToLiabilities": -522011000, "changeToInventory": 447647000, "changeToOperatingActivities": -128258000, "totalCashFromOperatingActivities": -49025000, "investments": -270517000, "otherCashflowsFromInvestingActivities": 113634000, "totalCashflowsFromInvestingActivities": -148779000, "netBorrowings": -128128000, "otherCashflowsFromFinancingActivities": -31599000, "totalCashFromFinancingActivities": -383731000, "changeInCash": -581535000, "repurchaseOfStock": -224004000}, {"maxAge": 1, "endDate": "2019-03-31", "netIncome": 124740000, "depreciation": 4128000, "changeToNetincome": -120645000, "changeToAccountReceivables": 534664000, "changeToLiabilities": 155844000, "changeToInventory": -252810000, "changeToOperatingActivities": -26505000, "totalCashFromOperatingActivities": 419922000, "capitalExpenditures": -77637000, "investments": -19405000, "otherCashflowsFromInvestingActivities": 34904000, "totalCashflowsFromInvestingActivities": -62138000, "netBorrowings": -122296000, "otherCashflowsFromFinancingActivities": -23798000, "totalCashFromFinancingActivities": -146094000, "changeInCash": 211689000, "repurchaseOfStock": -224004000}, {"maxAge": 1, "endDate": "2018-03-31", "netIncome": 178700000, "depreciation": 1809000, "changeToNetincome": -92287000, "changeToAccountReceivables": -233887000, "changeToLiabilities": 153557000, "changeToInventory": -32894000, "changeToOperatingActivities": 188269000, "totalCashFromOperatingActivities": 163773000, "capitalExpenditures": -68855000, "investments": 127109000, "otherCashflowsFromInvestingActivities": 2806000, "totalCashflowsFromInvestingActivities": 61060000, "netBorrowings": -9585000, "otherCashflowsFromFinancingActivities": -15435000, "totalCashFromFinancingActivities": -25020000, "changeInCash": 199813000, "repurchaseOfStock": -224004000}, {"maxAge": 1, "endDate": "2017-03-31", "netIncome": 135095000, "depreciation": 1259000, "changeToNetincome": 40514000, "changeToAccountReceivables": 591491000, "changeToLiabilities": -575272000, "changeToInventory": -42074000, "changeToOperatingActivities": 135905000, "totalCashFromOperatingActivities": 287559000, "capitalExpenditures": -22377000, "investments": -25685000, "otherCashflowsFromInvestingActivities": 364000, "totalCashflowsFromInvestingActivities": -47698000, "netBorrowings": -209373000, "otherCashflowsFromFinancingActivities": -11826000, "totalCashFromFinancingActivities": -221199000, "changeInCash": 18662000, "repurchaseOfStock": -224004000}], "maxAge": 86400}, "institutionOwnership": {"maxAge": 1, "ownershipList": []}, "balanceSheetHistoryQuarterly": {"balanceSheetStatements": [{"maxAge": 1, "endDate": "2020-06-30", "totalStockholderEquity": 3021915000, "netTangibleAssets": 3021915000}, {"maxAge": 1, "endDate": "2020-03-31", "cash": 1383000, "shortTermInvestments": 370141000, "netReceivables": 1171553000, "inventory": 72860000, "otherCurrentAssets": 84316000, "totalCurrentAssets": 1700253000, "longTermInvestments": 359187000, "propertyPlantEquipment": 455396000, "otherAssets": 664494000, "totalAssets": 3179330000, "accountsPayable": 22727000, "shortLongTermDebt": 3495000, "otherCurrentLiab": 35187000, "longTermDebt": 53078000, "otherLiab": 2591000, "minorityInterest": 14097000, "totalCurrentLiabilities": 87649000, "totalLiab": 143318000, "commonStock": 123344000, "retainedEarnings": 1607066000, "treasuryStock": 450188000, "capitalSurplus": 841317000, "otherStockholderEquity": 450188000, "totalStockholderEquity": 3021915000, "netTangibleAssets": 3021915000}, {"maxAge": 1, "endDate": "2019-12-31", "totalStockholderEquity": 3070147000, "netTangibleAssets": 3070147000}, {"maxAge": 1, "endDate": "2019-09-30", "cash": 668130000, "netReceivables": 110054000, "inventory": 77171000, "otherCurrentAssets": 1183384000, "totalCurrentAssets": 2038739000, "longTermInvestments": 157868000, "propertyPlantEquipment": 612493000, "otherAssets": 649253000, "totalAssets": 3458353000, "accountsPayable": 197266000, "otherCurrentLiab": 46609000, "longTermDebt": 115902000, "minorityInterest": 14036000, "totalCurrentLiabilities": 258268000, "totalLiab": 374170000, "commonStock": 123344000, "treasuryStock": 2946803000, "otherStockholderEquity": 2946803000, "totalStockholderEquity": 3070147000, "netTangibleAssets": 3070147000}], "maxAge": 86400}, "earningsHistory": {"history": [{"maxAge": 1, "epsActual": {}, "epsEstimate": {}, "epsDifference": {}, "surprisePercent": {}, "quarter": {}, "period": "-4q"}, {"maxAge": 1, "epsActual": {}, "epsEstimate": {}, "epsDifference": {}, "surprisePercent": {}, "quarter": {}, "period": "-3q"}, {"maxAge": 1, "epsActual": 0.05, "epsEstimate": 2.19, "epsDifference": -2.14, "surprisePercent": -0.977, "quarter": "2018-03-31", "period": "-2q"}, {"maxAge": 1, "epsActual": 3.55, "epsEstimate": 3.09, "epsDifference": 0.46, "surprisePercent": 0.14899999, "quarter": "2018-06-30", "period": "-1q"}], "maxAge": 86400}, "indexTrend": {"maxAge": 1, "symbol": "SP5", "peRatio": 19.7411, "pegRatio": 1.34172, "estimates": [{"period": "0q", "growth": 0.549}, {"period": "+1q", "growth": 0.431}, {"period": "0y", "growth": 0.305}, {"period": "+1y", "growth": 0.109}, {"period": "+5y", "growth": 0.120859005}, {"period": "-5y"}]}, "industryTrend": {"maxAge": 1, "symbol": null, "estimates": []}, "insiderTransactions": {"transactions": [{"maxAge": 1, "shares": 69878, "filerUrl": "", "transactionText": "", "filerName": "Jain (Lalitkumar Munnalal)", "filerRelation": "UNREPORTED", "moneyText": "", "startDate": "2017-03-23", "ownership": "D"}, {"maxAge": 1, "shares": 45156, "filerUrl": "", "transactionText": "", "filerName": "Jain (Prakashchand Munnalal)", "filerRelation": "UNREPORTED", "moneyText": "", "startDate": "2017-03-23", "ownership": "D"}, {"maxAge": 1, "shares": 210634, "filerUrl": "", "transactionText": "", "filerName": "Maiden Tradefin Pvt Ltd", "filerRelation": "Promoter", "moneyText": "", "startDate": "2017-03-23", "ownership": "D"}, {"maxAge": 1, "shares": 1000000, "filerUrl": "", "transactionText": "", "filerName": "Jain (Gautamkumar Mithalal)", "filerRelation": "Chairman of the Board", "moneyText": "", "startDate": "2017-03-22", "ownership": "D"}, {"maxAge": 1, "shares": 1000000, "filerUrl": "", "transactionText": "", "filerName": "Maiden Tradefin Pvt Ltd", "filerRelation": "Promoter", "moneyText": "", "startDate": "2017-03-22", "ownership": "D"}, {"maxAge": 1, "shares": 1100000, "filerUrl": "", "transactionText": "", "filerName": "Anil Dyechem Industries Pvt Ltd", "filerRelation": "Promoter", "moneyText": "", "startDate": "2017-03-15", "ownership": "D"}, {"maxAge": 1, "shares": 1100000, "filerUrl": "", "transactionText": "", "filerName": "Jain (Gautamkumar Mithalal)", "filerRelation": "Chairman of the Board", "moneyText": "", "startDate": "2017-03-15", "ownership": "D"}, {"maxAge": 1, "shares": 809350, "filerUrl": "", "transactionText": "", "filerName": "Anil Dyechem Industries Pvt Ltd", "filerRelation": "Promoter", "moneyText": "", "startDate": "2015-08-03", "ownership": "D"}, {"maxAge": 1, "shares": 809350, "filerUrl": "", "transactionText": "", "filerName": "Cheer Trading & Investment Pvt Ltd", "filerRelation": "Promoter", "moneyText": "", "startDate": "2015-08-03", "ownership": "D"}, {"maxAge": 1, "shares": 55300, "filerUrl": "", "transactionText": "", "filerName": "Anil Dyechem Industries Pvt Ltd", "filerRelation": "Promoter", "moneyText": "", "startDate": "2015-01-05", "ownership": "D"}, {"maxAge": 1, "shares": 55300, "filerUrl": "", "transactionText": "", "filerName": "Jain (Nitu S)", "filerRelation": "Promoter", "moneyText": "", "startDate": "2015-01-05", "ownership": "D"}, {"maxAge": 1, "shares": 787033, "filerUrl": "", "transactionText": "", "filerName": "Jain (Gautamkumar Mithalal)", "filerRelation": "Chairman of the Board", "moneyText": "", "startDate": "2013-07-24", "ownership": "D"}, {"maxAge": 1, "shares": 1050000, "filerUrl": "", "transactionText": "", "filerName": "Jain (Gautamkumar Mithalal)", "filerRelation": "Chairman of the Board", "moneyText": "", "startDate": "2013-06-03", "ownership": "D"}], "maxAge": 1}, "quoteType": {"exchange": "BSE", "quoteType": "EQUITY", "symbol": "METROGLOBL.BO", "underlyingSymbol": "METROGLOBL.BO", "shortName": "METROGLOBAL LIMITED", "longName": "MetroGlobal Limited", "firstTradeDateEpochUtc": "2011-11-18 09:15:00", "timeZoneFullName": "Asia/Kolkata", "timeZoneShortName": "IST", "uuid": "5677231c-b172-3312-bd74-f6d36471d65f", "messageBoardId": null, "gmtOffSetMilliseconds": 19800000, "maxAge": 1}, "incomeStatementHistory": {"incomeStatementHistory": [{"maxAge": 1, "endDate": "2020-03-31", "totalRevenue": 2469906000, "costOfRevenue": 2239965000, "grossProfit": 229941000, "researchDevelopment": {}, "sellingGeneralAdministrative": 16002000, "nonRecurring": {}, "otherOperatingExpenses": 67160000, "totalOperatingExpenses": 2330291000, "operatingIncome": 139615000, "totalOtherIncomeExpenseNet": -35971000, "ebit": 139615000, "interestExpense": -17935000, "incomeBeforeTax": 103644000, "incomeTaxExpense": 23866000, "minorityInterest": 14097000, "netIncomeFromContinuingOps": 79778000, "discontinuedOperations": {}, "extraordinaryItems": {}, "effectOfAccountingCharges": {}, "otherItems": {}, "netIncome": 79778000, "netIncomeApplicableToCommonShares": 79778000}, {"maxAge": 1, "endDate": "2019-03-31", "totalRevenue": 3329375000, "costOfRevenue": 3031380000, "grossProfit": 297995000, "researchDevelopment": {}, "sellingGeneralAdministrative": 18913000, "nonRecurring": {}, "otherOperatingExpenses": 65160000, "totalOperatingExpenses": 3119581000, "operatingIncome": 209794000, "totalOtherIncomeExpenseNet": -46115000, "ebit": 209794000, "interestExpense": -20943000, "incomeBeforeTax": 163679000, "incomeTaxExpense": 38939000, "minorityInterest": 14086000, "netIncomeFromContinuingOps": 124740000, "discontinuedOperations": {}, "extraordinaryItems": {}, "effectOfAccountingCharges": {}, "otherItems": {}, "netIncome": 124740000, "netIncomeApplicableToCommonShares": 124740000}, {"maxAge": 1, "endDate": "2018-03-31", "totalRevenue": 3388017000, "costOfRevenue": 3047839000, "grossProfit": 340178000, "researchDevelopment": {}, "sellingGeneralAdministrative": 16750000, "nonRecurring": {}, "otherOperatingExpenses": 73857000, "totalOperatingExpenses": 3140255000, "operatingIncome": 247762000, "totalOtherIncomeExpenseNet": -14062000, "ebit": 247762000, "interestExpense": -15435000, "incomeBeforeTax": 233700000, "incomeTaxExpense": 55000000, "minorityInterest": 17238000, "netIncomeFromContinuingOps": 178700000, "discontinuedOperations": {}, "extraordinaryItems": {}, "effectOfAccountingCharges": {}, "otherItems": {}, "netIncome": 178700000, "netIncomeApplicableToCommonShares": 178700000}, {"maxAge": 1, "endDate": "2017-03-31", "totalRevenue": 3516815000, "costOfRevenue": 3268003000, "grossProfit": 248812000, "researchDevelopment": {}, "sellingGeneralAdministrative": 15183000, "nonRecurring": {}, "otherOperatingExpenses": 50053000, "totalOperatingExpenses": 3334498000, "operatingIncome": 182317000, "totalOtherIncomeExpenseNet": -5382000, "ebit": 182317000, "interestExpense": -11826000, "incomeBeforeTax": 176935000, "incomeTaxExpense": 41840000, "minorityInterest": 29525000, "netIncomeFromContinuingOps": 135095000, "discontinuedOperations": {}, "extraordinaryItems": {}, "effectOfAccountingCharges": {}, "otherItems": {}, "netIncome": 135095000, "netIncomeApplicableToCommonShares": 135095000}], "maxAge": 86400}, "fundOwnership": {"maxAge": 1, "ownershipList": []}, "summaryDetail": {"maxAge": 1, "priceHint": 2, "previousClose": 55.1, "open": 57.65, "dayLow": 54.05, "dayHigh": 57.65, "regularMarketPreviousClose": 55.1, "regularMarketOpen": 57.65, "regularMarketDayLow": 54.05, "regularMarketDayHigh": 57.65, "trailingPE": 12.403867, "forwardPE": 4.2539563, "volume": 151, "regularMarketVolume": 151, "averageVolume": 2986, "averageVolume10days": 2719, "averageDailyVolume10Day": 2719, "bid": 55.0, "ask": 56.45, "bidSize": 0, "askSize": 0, "marketCap": 696276864, "fiftyTwoWeekLow": 26.1, "fiftyTwoWeekHigh": 64.95, "fiftyDayAverage": 53.361427, "twoHundredDayAverage": 48.424816, "currency": "INR", "fromCurrency": null, "toCurrency": null, "lastMarket": null, "algorithm": null, "tradeable": false}, "sectorTrend": {"maxAge": 1, "symbol": null, "estimates": []}, "incomeStatementHistoryQuarterly": {"incomeStatementHistory": [{"maxAge": 1, "endDate": "2020-06-30", "totalRevenue": 435010000, "costOfRevenue": 408344000, "grossProfit": 26666000, "researchDevelopment": {}, "sellingGeneralAdministrative": 3339000, "nonRecurring": {}, "otherOperatingExpenses": -41000, "totalOperatingExpenses": 413384000, "operatingIncome": 21626000, "totalOtherIncomeExpenseNet": -997000, "ebit": 21626000, "interestExpense": -2556000, "incomeBeforeTax": 20629000, "incomeTaxExpense": 3371000, "minorityInterest": {}, "netIncomeFromContinuingOps": 17258000, "discontinuedOperations": {}, "extraordinaryItems": {}, "effectOfAccountingCharges": {}, "otherItems": {}, "netIncome": 17186000, "netIncomeApplicableToCommonShares": 17186000}, {"maxAge": 1, "endDate": "2020-03-31", "totalRevenue": 336863000, "costOfRevenue": 279663000, "grossProfit": 57200000, "researchDevelopment": {}, "sellingGeneralAdministrative": 4278000, "nonRecurring": {}, "otherOperatingExpenses": 1019000, "totalOperatingExpenses": 286600000, "operatingIncome": 50263000, "totalOtherIncomeExpenseNet": -23769000, "ebit": 50263000, "interestExpense": -5446000, "incomeBeforeTax": 26494000, "incomeTaxExpense": 6799000, "minorityInterest": 14097000, "netIncomeFromContinuingOps": 19695000, "discontinuedOperations": {}, "extraordinaryItems": {}, "effectOfAccountingCharges": {}, "otherItems": {}, "netIncome": 19651000, "netIncomeApplicableToCommonShares": 19651000}, {"maxAge": 1, "endDate": "2019-12-31", "totalRevenue": 576799000, "costOfRevenue": 533476000, "grossProfit": 43323000, "researchDevelopment": {}, "sellingGeneralAdministrative": 3086000, "nonRecurring": {}, "otherOperatingExpenses": 12647000, "totalOperatingExpenses": 551070000, "operatingIncome": 25729000, "totalOtherIncomeExpenseNet": -4950000, "ebit": 25729000, "interestExpense": -3247000, "incomeBeforeTax": 20779000, "incomeTaxExpense": 5167000, "minorityInterest": 14097000, "netIncomeFromContinuingOps": 15612000, "discontinuedOperations": {}, "extraordinaryItems": {}, "effectOfAccountingCharges": {}, "otherItems": {}, "netIncome": 15626000, "netIncomeApplicableToCommonShares": 15626000}, {"maxAge": 1, "endDate": "2019-09-30", "totalRevenue": 945105000, "costOfRevenue": 899316000, "grossProfit": 45789000, "researchDevelopment": {}, "sellingGeneralAdministrative": 4355000, "nonRecurring": {}, "otherOperatingExpenses": 21086000, "totalOperatingExpenses": 927770000, "operatingIncome": 17335000, "totalOtherIncomeExpenseNet": -8777000, "ebit": 17335000, "interestExpense": -5297000, "incomeBeforeTax": 8558000, "incomeTaxExpense": 1900000, "minorityInterest": 14036000, "netIncomeFromContinuingOps": 6658000, "discontinuedOperations": {}, "extraordinaryItems": {}, "effectOfAccountingCharges": {}, "otherItems": {}, "netIncome": 6682000, "netIncomeApplicableToCommonShares": 6682000}], "maxAge": 86400}, "cashflowStatementHistoryQuarterly": {"cashflowStatements": [{"maxAge": 1, "endDate": "2020-06-30", "netIncome": 17186000, "changeToLiabilities": 0}, {"maxAge": 1, "endDate": "2020-03-31", "netIncome": 19651000, "changeToLiabilities": 0}, {"maxAge": 1, "endDate": "2019-12-31", "netIncome": 15626000, "changeToLiabilities": 0}, {"maxAge": 1, "endDate": "2019-09-30", "netIncome": 6682000, "changeToLiabilities": 0}], "maxAge": 86400}, "insiderHolders": {"holders": [{"maxAge": 1, "name": "Anil Dyechem Industries Pvt Ltd", "relation": "Promoter", "url": "", "transactionDescription": "Acquisition", "latestTransDate": "2017-03-15", "positionDirect": 2871176, "positionDirectDate": "2017-03-15"}, {"maxAge": 1, "name": "Cheer Trading & Investment Pvt Ltd", "relation": "Promoter", "url": "", "transactionDescription": "Sale", "latestTransDate": "2015-08-03", "positionDirect": 0, "positionDirectDate": "2015-08-03"}, {"maxAge": 1, "name": "Jain (Gautamkumar Mithalal)", "relation": "Chairman of the Board", "url": "", "transactionDescription": "Other", "latestTransDate": "2017-03-22", "positionDirect": 1025413, "positionDirectDate": "2017-03-22"}, {"maxAge": 1, "name": "Jain (Lalitkumar Munnalal)", "relation": "UNREPORTED", "url": "", "transactionDescription": "Sale", "latestTransDate": "2017-03-23", "positionDirect": 0, "positionDirectDate": "2017-03-23"}, {"maxAge": 1, "name": "Jain (Nitu S)", "relation": "Promoter", "url": "", "transactionDescription": "Sale", "latestTransDate": "2015-01-05", "positionDirect": 0, "positionDirectDate": "2015-01-05"}, {"maxAge": 1, "name": "Jain (Prakashchand Munnalal)", "relation": "UNREPORTED", "url": "", "transactionDescription": "Sale", "latestTransDate": "2017-03-23", "positionDirect": 0, "positionDirectDate": "2017-03-23"}, {"maxAge": 1, "name": "Maiden Tradefin Pvt Ltd", "relation": "Promoter", "url": "", "transactionDescription": "Acquisition", "latestTransDate": "2017-03-23", "positionDirect": 4524653, "positionDirectDate": "2017-03-23"}], "maxAge": 1}, "earnings": {"maxAge": 86400, "earningsChart": {"quarterly": [{"date": "1Q2018", "actual": 0.05, "estimate": 2.19}, {"date": "2Q2018", "actual": 3.55, "estimate": 3.09}], "currentQuarterEstimateDate": "3Q", "currentQuarterEstimateYear": 2018, "earningsDate": []}, "financialsChart": {"yearly": [{"date": 2017, "revenue": 3516815000, "earnings": 135095000}, {"date": 2018, "revenue": 3388017000, "earnings": 178700000}, {"date": 2019, "revenue": 3329375000, "earnings": 124740000}, {"date": 2020, "revenue": 2469906000, "earnings": 79778000}], "quarterly": [{"date": "3Q2019", "revenue": 945105000, "earnings": 6682000}, {"date": "4Q2019", "revenue": 576799000, "earnings": 15626000}, {"date": "1Q2020", "revenue": 336863000, "earnings": 19651000}, {"date": "2Q2020", "revenue": 435010000, "earnings": 17186000}]}, "financialCurrency": "INR"}, "calendarEvents": {"maxAge": 1, "earnings": {"earningsDate": []}}, "price": {"maxAge": 1, "regularMarketChangePercent": 0.02450095, "regularMarketChange": 1.3500023, "regularMarketTime": "2021-04-30 15:23:41", "priceHint": 2, "regularMarketPrice": 56.45, "regularMarketDayHigh": 57.65, "regularMarketDayLow": 54.05, "regularMarketVolume": 151, "averageDailyVolume10Day": 2719, "averageDailyVolume3Month": 2986, "regularMarketPreviousClose": 55.1, "regularMarketSource": "FREE_REALTIME", "regularMarketOpen": 57.65, "exchange": "BSE", "exchangeName": "BSE", "exchangeDataDelayedBy": 0, "marketState": "CLOSED", "quoteType": "EQUITY", "symbol": "METROGLOBL.BO", "underlyingSymbol": null, "shortName": "METROGLOBAL LIMITED", "longName": "MetroGlobal Limited", "currency": "INR", "quoteSourceName": "Delayed Quote", "currencySymbol": "\u20b9", "fromCurrency": null, "toCurrency": null, "lastMarket": null, "marketCap": 696276864}, "balanceSheetHistory": {"balanceSheetStatements": [{"maxAge": 1, "endDate": "2020-03-31", "cash": 1383000, "shortTermInvestments": 370141000, "netReceivables": 1171553000, "inventory": 72860000, "otherCurrentAssets": 84316000, "totalCurrentAssets": 1700253000, "longTermInvestments": 359187000, "propertyPlantEquipment": 455396000, "otherAssets": 664494000, "totalAssets": 3179330000, "accountsPayable": 22727000, "shortLongTermDebt": 3495000, "otherCurrentLiab": 35187000, "longTermDebt": 53078000, "otherLiab": 2591000, "minorityInterest": 14097000, "totalCurrentLiabilities": 87649000, "totalLiab": 143318000, "commonStock": 123344000, "retainedEarnings": 1607066000, "treasuryStock": 450188000, "capitalSurplus": 841317000, "otherStockholderEquity": 450188000, "totalStockholderEquity": 3021915000, "netTangibleAssets": 3021915000}, {"maxAge": 1, "endDate": "2019-03-31", "cash": 814258000, "shortTermInvestments": 138284000, "netReceivables": 1244645000, "inventory": 520507000, "otherCurrentAssets": 35469000, "totalCurrentAssets": 2753163000, "longTermInvestments": 174643000, "propertyPlantEquipment": 495946000, "otherAssets": 733079000, "totalAssets": 4156831000, "accountsPayable": 547328000, "otherCurrentLiab": 20113000, "longTermDebt": 181207000, "minorityInterest": 14086000, "totalCurrentLiabilities": 708766000, "totalLiab": 889973000, "commonStock": 163267000, "retainedEarnings": 1613919000, "treasuryStock": 450189000, "capitalSurplus": 1025397000, "otherStockholderEquity": 450189000, "totalStockholderEquity": 3252772000, "netTangibleAssets": 3252772000}, {"maxAge": 1, "endDate": "2018-03-31", "cash": 643420000, "shortTermInvestments": 97446000, "netReceivables": 1953871000, "inventory": 182908000, "otherCurrentAssets": 102733000, "totalCurrentAssets": 2980378000, "longTermInvestments": 158062000, "propertyPlantEquipment": 629876000, "otherAssets": 603746000, "totalAssets": 4372062000, "accountsPayable": 391484000, "otherCurrentLiab": 38811000, "longTermDebt": 303503000, "otherLiab": 4607000, "deferredLongTermLiab": 1701000, "minorityInterest": 17238000, "totalCurrentLiabilities": 810219000, "totalLiab": 1118329000, "commonStock": 163267000, "retainedEarnings": 1478764000, "treasuryStock": 569067000, "capitalSurplus": 1025397000, "otherStockholderEquity": 569067000, "totalStockholderEquity": 3236495000, "netTangibleAssets": 3236495000}, {"maxAge": 1, "endDate": "2017-03-31", "cash": 437957000, "shortTermInvestments": 102617000, "netReceivables": 1803800000, "inventory": 150014000, "otherCurrentAssets": 102371000, "totalCurrentAssets": 2596759000, "longTermInvestments": 179556000, "propertyPlantEquipment": 252068000, "otherAssets": 735341000, "totalAssets": 3763724000, "accountsPayable": 237927000, "otherCurrentLiab": 22760000, "longTermDebt": 313088000, "otherLiab": 4607000, "deferredLongTermLiab": 2216000, "minorityInterest": 29525000, "totalCurrentLiabilities": 683409000, "totalLiab": 1001104000, "commonStock": 163267000, "retainedEarnings": 1286826000, "treasuryStock": 257605000, "capitalSurplus": 1025397000, "otherStockholderEquity": 257605000, "totalStockholderEquity": 2733095000, "netTangibleAssets": 2733095000}], "maxAge": 86400}, "earningsTrend": {"trend": [{"maxAge": 1, "period": "0q", "endDate": "2018-09-30", "growth": {}, "earningsEstimate": {"avg": 0.0, "low": 0.0, "high": 0.0, "yearAgoEps": {}, "numberOfAnalysts": 0, "growth": {}}, "revenueEstimate": {"avg": 0, "low": 0, "high": 0, "numberOfAnalysts": 0, "yearAgoRevenue": {}, "growth": {}}, "epsTrend": {"current": 0.0, "7daysAgo": 0.0, "30daysAgo": 0.0, "60daysAgo": 0.0, "90daysAgo": 0.0}, "epsRevisions": {"upLast7days": 0, "upLast30days": 0, "downLast30days": 0, "downLast90days": {}}}, {"maxAge": 1, "period": "+1q", "endDate": "2018-12-31", "growth": {}, "earningsEstimate": {"avg": 0.0, "low": 0.0, "high": 0.0, "yearAgoEps": {}, "numberOfAnalysts": 0, "growth": {}}, "revenueEstimate": {"avg": 0, "low": 0, "high": 0, "numberOfAnalysts": 0, "yearAgoRevenue": {}, "growth": {}}, "epsTrend": {"current": 0.0, "7daysAgo": 0.0, "30daysAgo": 0.0, "60daysAgo": 0.0, "90daysAgo": 0.0}, "epsRevisions": {"upLast7days": 0, "upLast30days": 0, "downLast30days": 0, "downLast90days": {}}}, {"maxAge": 1, "period": "0y", "endDate": "2019-03-31", "growth": {}, "earningsEstimate": {"avg": 0.0, "low": 0.0, "high": 0.0, "yearAgoEps": {}, "numberOfAnalysts": 0, "growth": {}}, "revenueEstimate": {"avg": 3553020000, "low": 3553020000, "high": 3553020000, "numberOfAnalysts": 1, "yearAgoRevenue": 3277700000, "growth": 0.084}, "epsTrend": {"current": 0.0, "7daysAgo": 12.08, "30daysAgo": 12.08, "60daysAgo": 12.08, "90daysAgo": 12.08}, "epsRevisions": {"upLast7days": 0, "upLast30days": 0, "downLast30days": 0, "downLast90days": {}}}, {"maxAge": 1, "period": "+1y", "endDate": "2020-03-31", "growth": {}, "earningsEstimate": {"avg": 0.0, "low": 0.0, "high": 0.0, "yearAgoEps": {}, "numberOfAnalysts": 0, "growth": {}}, "revenueEstimate": {"avg": 3817010000, "low": 3817010000, "high": 3817010000, "numberOfAnalysts": 1, "yearAgoRevenue": 3553020000, "growth": 0.074}, "epsTrend": {"current": 0.0, "7daysAgo": 13.27, "30daysAgo": 13.27, "60daysAgo": 13.27, "90daysAgo": 13.27}, "epsRevisions": {"upLast7days": 0, "upLast30days": 0, "downLast30days": 0, "downLast90days": {}}}, {"maxAge": 1, "period": "+5y", "endDate": null, "growth": {}, "earningsEstimate": {"avg": {}, "low": {}, "high": {}, "yearAgoEps": {}, "numberOfAnalysts": {}, "growth": {}}, "revenueEstimate": {"avg": {}, "low": {}, "high": {}, "numberOfAnalysts": {}, "yearAgoRevenue": {}, "growth": {}}, "epsTrend": {"current": {}, "7daysAgo": {}, "30daysAgo": {}, "60daysAgo": {}, "90daysAgo": {}}, "epsRevisions": {"upLast7days": {}, "upLast30days": {}, "downLast30days": {}, "downLast90days": {}}}, {"maxAge": 1, "period": "-5y", "endDate": null, "growth": {}, "earningsEstimate": {"avg": {}, "low": {}, "high": {}, "yearAgoEps": {}, "numberOfAnalysts": {}, "growth": {}}, "revenueEstimate": {"avg": {}, "low": {}, "high": {}, "numberOfAnalysts": {}, "yearAgoRevenue": {}, "growth": {}}, "epsTrend": {"current": {}, "7daysAgo": {}, "30daysAgo": {}, "60daysAgo": {}, "90daysAgo": {}}, "epsRevisions": {"upLast7days": {}, "upLast30days": {}, "downLast30days": {}, "downLast90days": {}}}], "maxAge": 1}, "financialData": {"maxAge": 86400, "currentPrice": 56.45, "targetHighPrice": 86.0, "targetLowPrice": 86.0, "targetMeanPrice": 86.0, "targetMedianPrice": 86.0, "recommendationKey": "none", "numberOfAnalystOpinions": 1, "grossProfits": 229941000, "financialCurrency": "INR"}}}