{"MFSL.BO": {"recommendationTrend": {"trend": [{"period": "0m", "strongBuy": 0, "buy": 0, "hold": 0, "sell": 0, "strongSell": 0}, {"period": "-1m", "strongBuy": 0, "buy": 0, "hold": 0, "sell": 0, "strongSell": 0}, {"period": "-2m", "strongBuy": 0, "buy": 0, "hold": 0, "sell": 0, "strongSell": 0}, {"period": "-3m", "strongBuy": 0, "buy": 0, "hold": 0, "sell": 0, "strongSell": 0}], "maxAge": 86400}, "cashflowStatementHistory": {"cashflowStatements": [{"maxAge": 1, "endDate": "2020-03-31", "netIncome": 1449900000, "depreciation": 1545000000, "changeToNetincome": 67719900000, "changeToAccountReceivables": -1887000000, "changeToLiabilities": -1699400000, "changeToOperatingActivities": 27546800000, "totalCashFromOperatingActivities": 94675200000, "capitalExpenditures": -1278300000, "investments": -89545700000, "otherCashflowsFromInvestingActivities": 1729400000, "totalCashflowsFromInvestingActivities": -90089200000, "dividendsPaid": -3112300000, "netBorrowings": -724500000, "totalCashFromFinancingActivities": -3802300000, "changeInCash": 783700000, "issuanceOfStock": 34500000}, {"maxAge": 1, "endDate": "2019-03-31", "netIncome": 2625607000, "depreciation": 310935000, "changeToNetincome": 51272269000, "changeToAccountReceivables": -555343000, "changeToLiabilities": 857356000, "changeToOperatingActivities": 33298563000, "totalCashFromOperatingActivities": 88260599000, "capitalExpenditures": -1004490000, "investments": -85875402000, "otherCashflowsFromInvestingActivities": 1729400000, "totalCashflowsFromInvestingActivities": -87892244000, "dividendsPaid": -1978297000, "netBorrowings": -724500000, "totalCashFromFinancingActivities": -1736424000, "changeInCash": -1368069000, "issuanceOfStock": 241873000}, {"maxAge": 1, "endDate": "2018-03-31", "netIncome": 2863924000, "depreciation": 235408000, "changeToNetincome": 44966245000, "changeToAccountReceivables": -1017177000, "changeToLiabilities": -195127000, "changeToOperatingActivities": 28086269000, "totalCashFromOperatingActivities": 75335671000, "capitalExpenditures": -491890000, "investments": -68133349000, "otherCashflowsFromInvestingActivities": 1729400000, "totalCashflowsFromInvestingActivities": -69513531000, "dividendsPaid": -1439455000, "netBorrowings": -724500000, "otherCashflowsFromFinancingActivities": -1439456000, "totalCashFromFinancingActivities": -1163121000, "changeInCash": 4659019000, "issuanceOfStock": 276334000}, {"maxAge": 1, "endDate": "2017-03-31", "netIncome": 3953628000, "depreciation": 311256000, "changeToNetincome": 37177609000, "changeToAccountReceivables": -55396000, "changeToLiabilities": 1844913000, "changeToOperatingActivities": 21710740000, "totalCashFromOperatingActivities": 65256777000, "capitalExpenditures": -810688000, "investments": -61541866000, "otherCashflowsFromInvestingActivities": 1729400000, "totalCashflowsFromInvestingActivities": -62898997000, "dividendsPaid": -480662000, "netBorrowings": -724500000, "otherCashflowsFromFinancingActivities": -1673402000, "totalCashFromFinancingActivities": -2153492000, "changeInCash": 204288000, "issuanceOfStock": 572000}], "maxAge": 86400}, "institutionOwnership": {"ownershipList": [], "maxAge": 1}, "balanceSheetHistoryQuarterly": {"balanceSheetStatements": [{"maxAge": 1, "endDate": "2020-06-30", "totalStockholderEquity": 21465200000, "netTangibleAssets": 16212700000}, {"maxAge": 1, "endDate": "2020-03-31", "cash": 4491100000, "netReceivables": 31600000, "otherCurrentAssets": 100600000, "totalCurrentAssets": 4623300000, "longTermInvestments": 33891600000, "propertyPlantEquipment": 255100000, "goodWill": 5252500000, "otherAssets": 701239800000, "deferredLongTermAssetCharges": 99400000, "totalAssets": 745262300000, "accountsPayable": 8094600000, "shortLongTermDebt": 380200000, "otherCurrentLiab": 1262000000, "otherLiab": 704144800000, "minorityInterest": 6723300000, "totalCurrentLiabilities": 9736800000, "totalLiab": 717073800000, "commonStock": 539000000, "treasuryStock": 20926200000, "otherStockholderEquity": 20926200000, "totalStockholderEquity": 21465200000, "netTangibleAssets": 16212700000}, {"maxAge": 1, "endDate": "2019-12-31", "totalStockholderEquity": 21309400000, "netTangibleAssets": 16056600000}, {"maxAge": 1, "endDate": "2019-09-30", "cash": 2623700000, "netReceivables": 54000000, "otherCurrentAssets": 139600000, "totalCurrentAssets": 2817300000, "longTermInvestments": 30230500000, "propertyPlantEquipment": 339300000, "goodWill": 5252500000, "intangibleAssets": 300000, "otherAssets": 674594500000, "totalAssets": 713234400000, "accountsPayable": 7517500000, "shortLongTermDebt": 41800000, "otherCurrentLiab": 14500000, "otherLiab": 674046900000, "minorityInterest": 7274100000, "totalCurrentLiabilities": 7605000000, "totalLiab": 684650900000, "commonStock": 538800000, "treasuryStock": 20770600000, "otherStockholderEquity": 20770600000, "totalStockholderEquity": 21309400000, "netTangibleAssets": 16056600000}], "maxAge": 86400}, "earningsHistory": {"history": [{"maxAge": 1, "epsActual": {}, "epsEstimate": {}, "epsDifference": {}, "surprisePercent": {}, "quarter": {}, "period": "-4q"}, {"maxAge": 1, "epsActual": {}, "epsEstimate": {}, "epsDifference": {}, "surprisePercent": {}, "quarter": {}, "period": "-3q"}, {"maxAge": 1, "epsActual": {}, "epsEstimate": {}, "epsDifference": {}, "surprisePercent": {}, "quarter": {}, "period": "-2q"}, {"maxAge": 1, "epsActual": {}, "epsEstimate": {}, "epsDifference": {}, "surprisePercent": {}, "quarter": {}, "period": "-1q"}], "maxAge": 86400}, "indexTrend": {"maxAge": 1, "symbol": "SP5", "peRatio": 19.7411, "pegRatio": 1.34172, "estimates": [{"period": "0q", "growth": 0.549}, {"period": "+1q", "growth": 0.431}, {"period": "0y", "growth": 0.305}, {"period": "+1y", "growth": 0.109}, {"period": "+5y", "growth": 0.120865}, {"period": "-5y"}]}, "industryTrend": {"maxAge": 1, "symbol": null, "estimates": []}, "insiderTransactions": {"transactions": [{"maxAge": 1, "shares": 6033000, "value": 48870919, "filerUrl": "", "transactionText": "Sale at price 8.10 per share.", "filerName": "Max Ventures Investment Holdings Pvt. Ltd.", "filerRelation": "Promoter", "moneyText": "", "startDate": "2020-09-28", "ownership": "D"}, {"maxAge": 1, "shares": 487000, "value": 3951177, "filerUrl": "", "transactionText": "Sale at price 8.11 per share.", "filerName": "Max Ventures Investment Holdings Pvt. Ltd.", "filerRelation": "Promoter", "moneyText": "", "startDate": "2020-09-23", "ownership": "D"}, {"maxAge": 1, "shares": 900000, "value": 7301970, "filerUrl": "", "transactionText": "Sale at price 8.11 per share.", "filerName": "Max Ventures Investment Holdings Pvt. Ltd.", "filerRelation": "Promoter", "moneyText": "", "startDate": "2020-09-23", "ownership": "D"}, {"maxAge": 1, "shares": 2080000, "value": 16891472, "filerUrl": "", "transactionText": "Sale at price 8.12 per share.", "filerName": "Max Ventures Investment Holdings Pvt. Ltd.", "filerRelation": "Promoter", "moneyText": "", "startDate": "2020-09-22", "ownership": "D"}, {"maxAge": 1, "shares": 500000, "value": 4060050, "filerUrl": "", "transactionText": "Sale at price 8.12 per share.", "filerName": "Max Ventures Investment Holdings Pvt. Ltd.", "filerRelation": "Promoter", "moneyText": "", "startDate": "2020-09-22", "ownership": "D"}, {"maxAge": 1, "shares": 6100000, "value": 43421020, "filerUrl": "", "transactionText": "Sale at price 7.12 per share.", "filerName": "Max Ventures Investment Holdings Pvt. Ltd.", "filerRelation": "Promoter", "moneyText": "", "startDate": "2020-08-05", "ownership": "D"}, {"maxAge": 1, "shares": 289200, "filerUrl": "", "transactionText": "", "filerName": "Reliance Capital Trustee Co Ltd - Reliance", "filerRelation": "Institution- Corporation", "moneyText": "", "startDate": "2020-06-02", "ownership": "D"}, {"maxAge": 1, "shares": 408308, "filerUrl": "", "transactionText": "", "filerName": "Khosla (Rahul)", "filerRelation": "UNREPORTED", "moneyText": "", "startDate": "2019-05-31", "ownership": "D"}, {"maxAge": 1, "shares": 140229, "filerUrl": "", "transactionText": "", "filerName": "Khosla (Rahul)", "filerRelation": "UNREPORTED", "moneyText": "", "startDate": "2019-01-09", "ownership": "D"}, {"maxAge": 1, "shares": 310755, "filerUrl": "", "transactionText": "", "filerName": "Khosla (Rahul)", "filerRelation": "UNREPORTED", "moneyText": "", "startDate": "2019-01-08", "ownership": "D"}, {"maxAge": 1, "shares": 4999130, "filerUrl": "", "transactionText": "", "filerName": "Max Ventures Investment Holdings Pvt. Ltd.", "filerRelation": "Promoter", "moneyText": "", "startDate": "2018-12-13", "ownership": "D"}, {"maxAge": 1, "shares": 74398287, "filerUrl": "", "transactionText": "", "filerName": "Max Ventures Investment Holdings Pvt. Ltd.", "filerRelation": "Promoter", "moneyText": "", "startDate": "2018-09-28", "ownership": "D"}, {"maxAge": 1, "shares": 13690570, "filerUrl": "", "transactionText": "", "filerName": "Mohair Investment & Trading Company Pvt. Ltd.", "filerRelation": "Promoter", "moneyText": "", "startDate": "2018-09-28", "ownership": "D"}, {"maxAge": 1, "shares": 500, "filerUrl": "", "transactionText": "", "filerName": "Singh (Veer)", "filerRelation": "Promoter", "moneyText": "", "startDate": "2018-09-04", "ownership": "D"}, {"maxAge": 1, "shares": 17475758, "filerUrl": "", "transactionText": "", "filerName": "Liquid Investment & Trading Company Ltd", "filerRelation": "Promoter", "moneyText": "", "startDate": "2018-08-06", "ownership": "D"}, {"maxAge": 1, "shares": 7280010, "filerUrl": "", "transactionText": "", "filerName": "Mohair Investment & Trading Company Pvt. Ltd.", "filerRelation": "Promoter", "moneyText": "", "startDate": "2018-08-06", "ownership": "D"}, {"maxAge": 1, "shares": 235718, "filerUrl": "", "transactionText": "", "filerName": "Khosla (Rahul)", "filerRelation": "UNREPORTED", "moneyText": "", "startDate": "2017-12-13", "ownership": "D"}, {"maxAge": 1, "shares": 5000, "filerUrl": "", "transactionText": "", "filerName": "Windlass (Ashwani)", "filerRelation": "Non-Independent Executive Director", "moneyText": "", "startDate": "2017-09-26", "ownership": "D"}, {"maxAge": 1, "shares": 7500, "filerUrl": "", "transactionText": "", "filerName": "Windlass (Ashwani)", "filerRelation": "Non-Independent Executive Director", "moneyText": "", "startDate": "2017-09-21", "ownership": "D"}, {"maxAge": 1, "shares": 27500, "filerUrl": "", "transactionText": "", "filerName": "Windlass (Ashwani)", "filerRelation": "Non-Independent Executive Director", "moneyText": "", "startDate": "2017-09-20", "ownership": "D"}, {"maxAge": 1, "shares": 208049, "filerUrl": "", "transactionText": "", "filerName": "Khosla (Rahul)", "filerRelation": "UNREPORTED", "moneyText": "", "startDate": "2017-09-15", "ownership": "D"}, {"maxAge": 1, "shares": 34900, "filerUrl": "", "transactionText": "", "filerName": "Ratnam (Sujatha)", "filerRelation": "UNREPORTED", "moneyText": "", "startDate": "2017-09-15", "ownership": "D"}, {"maxAge": 1, "shares": 35000, "filerUrl": "", "transactionText": "", "filerName": "Windlass (Ashwani)", "filerRelation": "Non-Independent Executive Director", "moneyText": "", "startDate": "2017-09-15", "ownership": "D"}, {"maxAge": 1, "shares": 208049, "filerUrl": "", "transactionText": "", "filerName": "Khosla (Rahul)", "filerRelation": "UNREPORTED", "moneyText": "", "startDate": "2017-09-13", "ownership": "D"}, {"maxAge": 1, "shares": 29000, "filerUrl": "", "transactionText": "", "filerName": "Dwarakanath (Patnam)", "filerRelation": "UNREPORTED", "moneyText": "", "startDate": "2017-09-01", "ownership": "D"}, {"maxAge": 1, "shares": 5000, "filerUrl": "", "transactionText": "", "filerName": "Krishnan (V)", "filerRelation": "UNREPORTED", "moneyText": "", "startDate": "2017-08-31", "ownership": "D"}, {"maxAge": 1, "shares": 8375, "filerUrl": "", "transactionText": "", "filerName": "Talwar (Mohit)", "filerRelation": "Managing Director", "moneyText": "", "startDate": "2017-08-31", "ownership": "D"}, {"maxAge": 1, "shares": 0, "filerUrl": "", "transactionText": "", "filerName": "Khosla (Rahul)", "filerRelation": "UNREPORTED", "moneyText": "", "startDate": "2017-08-30", "ownership": "I"}, {"maxAge": 1, "shares": 5000, "filerUrl": "", "transactionText": "", "filerName": "Krishnan (V)", "filerRelation": "Compliance Officer", "moneyText": "", "startDate": "2017-08-18", "ownership": "D"}, {"maxAge": 1, "shares": 1750, "filerUrl": "", "transactionText": "", "filerName": "Khanna (Jatin)", "filerRelation": "UNREPORTED", "moneyText": "", "startDate": "2017-08-14", "ownership": "D"}, {"maxAge": 1, "shares": 8700, "filerUrl": "", "transactionText": "", "filerName": "Windlass (Ashwani)", "filerRelation": "Director (Non-Executive)", "moneyText": "", "startDate": "2017-08-14", "ownership": "D"}, {"maxAge": 1, "shares": 90950, "filerUrl": "", "transactionText": "", "filerName": "Windlass (Ashwani)", "filerRelation": "Director (Non-Executive)", "moneyText": "", "startDate": "2017-04-07", "ownership": "D"}, {"maxAge": 1, "shares": 74300, "filerUrl": "", "transactionText": "", "filerName": "Windlass (Sandhya)", "filerRelation": "UNREPORTED", "moneyText": "", "startDate": "2017-04-07", "ownership": "D"}, {"maxAge": 1, "shares": 3750, "filerUrl": "", "transactionText": "", "filerName": "Narang (Dilbagh Singh)", "filerRelation": "UNREPORTED", "moneyText": "", "startDate": "2017-03-30", "ownership": "D"}, {"maxAge": 1, "shares": 140000, "filerUrl": "", "transactionText": "", "filerName": "Talwar (Mohit)", "filerRelation": "Managing Director", "moneyText": "", "startDate": "2017-03-29", "ownership": "D"}, {"maxAge": 1, "shares": 237312, "filerUrl": "", "transactionText": "", "filerName": "Khosla (Rahul)", "filerRelation": "UNREPORTED", "moneyText": "", "startDate": "2017-03-23", "ownership": "D"}, {"maxAge": 1, "shares": 14282, "filerUrl": "", "transactionText": "", "filerName": "Khosla (Rahul)", "filerRelation": "UNREPORTED", "moneyText": "", "startDate": "2017-03-20", "ownership": "D"}, {"maxAge": 1, "shares": 5604010, "filerUrl": "", "transactionText": "", "filerName": "Mohair Investment & Trading Company Pvt. Ltd.", "filerRelation": "Promoter", "moneyText": "", "startDate": "2016-12-02", "ownership": "D"}, {"maxAge": 1, "shares": 25826292, "filerUrl": "", "transactionText": "", "filerName": "Max Ventures Investment Holdings Pvt. Ltd.", "filerRelation": "Promoter", "moneyText": "", "startDate": "2016-09-30", "ownership": "D"}, {"maxAge": 1, "shares": 75000, "filerUrl": "", "transactionText": "", "filerName": "Khosla (Rahul)", "filerRelation": "UNREPORTED", "moneyText": "", "startDate": "2016-09-28", "ownership": "D"}, {"maxAge": 1, "shares": 13843919, "filerUrl": "", "transactionText": "", "filerName": "Maxopp Investments Ltd.", "filerRelation": "Institution- Corporation", "moneyText": "", "startDate": "2016-02-18", "ownership": "D"}, {"maxAge": 1, "shares": 1489007, "filerUrl": "", "transactionText": "", "filerName": "PVT Investment Ltd", "filerRelation": "Institution- Corporation", "moneyText": "", "startDate": "2016-02-18", "ownership": "D"}, {"maxAge": 1, "shares": 5866789, "filerUrl": "", "transactionText": "", "filerName": "Singh (Analjit)", "filerRelation": "Promoter", "moneyText": "", "startDate": "2016-02-18", "ownership": "D"}, {"maxAge": 1, "shares": 4000, "filerUrl": "", "transactionText": "", "filerName": "Khanna (Jatin)", "filerRelation": "UNREPORTED", "moneyText": "", "startDate": "2015-12-29", "ownership": "D"}, {"maxAge": 1, "shares": 15000, "filerUrl": "", "transactionText": "", "filerName": "Dynavest India Pvt Ltd", "filerRelation": "Promoter", "moneyText": "", "startDate": "2014-11-18", "ownership": "D"}, {"maxAge": 1, "shares": 9900, "filerUrl": "", "transactionText": "", "filerName": "Krishnan (V)", "filerRelation": "Compliance Officer", "moneyText": "", "startDate": "2014-09-02", "ownership": "D"}, {"maxAge": 1, "shares": 22846, "filerUrl": "", "transactionText": "", "filerName": "Chivukula (Venkat Raghu)", "filerRelation": "UNREPORTED", "moneyText": "", "startDate": "2014-05-05", "ownership": "D"}, {"maxAge": 1, "shares": 2600000, "filerUrl": "", "transactionText": "", "filerName": "Dynavest India Pvt Ltd", "filerRelation": "Promoter", "moneyText": "", "startDate": "2014-04-10", "ownership": "D"}, {"maxAge": 1, "shares": 10000, "filerUrl": "", "transactionText": "", "filerName": "Chivukula (Venkat Raghu)", "filerRelation": "UNREPORTED", "moneyText": "", "startDate": "2014-03-18", "ownership": "D"}, {"maxAge": 1, "shares": 1353000, "filerUrl": "", "transactionText": "", "filerName": "Dynavest India Pvt Ltd", "filerRelation": "Promoter", "moneyText": "", "startDate": "2014-03-13", "ownership": "D"}, {"maxAge": 1, "shares": 1200000, "filerUrl": "", "transactionText": "", "filerName": "Singh (Anuroop)", "filerRelation": "Director", "moneyText": "", "startDate": "2014-03-13", "ownership": "D"}, {"maxAge": 1, "shares": 3750, "filerUrl": "", "transactionText": "", "filerName": "Chadha (Pradeep Pal)", "filerRelation": "UNREPORTED", "moneyText": "", "startDate": "2013-11-18", "ownership": "D"}, {"maxAge": 1, "shares": 10000, "filerUrl": "", "transactionText": "", "filerName": "Krishnan (V)", "filerRelation": "Compliance Officer", "moneyText": "", "startDate": "2013-01-11", "ownership": "D"}, {"maxAge": 1, "shares": 3750, "filerUrl": "", "transactionText": "", "filerName": "Chadha (Pradeep Pal)", "filerRelation": "UNREPORTED", "moneyText": "", "startDate": "2012-12-04", "ownership": "D"}, {"maxAge": 1, "shares": 5290000, "filerUrl": "", "transactionText": "", "filerName": "Dynavest India Pvt Ltd", "filerRelation": "Promoter", "moneyText": "", "startDate": "2012-09-26", "ownership": "D"}, {"maxAge": 1, "shares": 150000, "filerUrl": "", "transactionText": "", "filerName": "Windlass (Ashwani)", "filerRelation": "Director (Non-Executive)", "moneyText": "", "startDate": "2012-09-21", "ownership": "D"}, {"maxAge": 1, "shares": 17196381, "filerUrl": "", "transactionText": "", "filerName": "GS Mace Holdings Ltd", "filerRelation": "Institution- Corporation", "moneyText": "", "startDate": "2011-12-13", "ownership": "D"}, {"maxAge": 1, "shares": 17139186, "filerUrl": "", "transactionText": "", "filerName": "Parkville Holdings Ltd", "filerRelation": "Private Equity", "moneyText": "", "startDate": "2011-12-09", "ownership": "D"}, {"maxAge": 1, "shares": 75649, "filerUrl": "", "transactionText": "", "filerName": "Khosla (Rahul)", "filerRelation": "Managing Director", "moneyText": "", "startDate": "2011-10-03", "ownership": "D"}, {"maxAge": 1, "shares": 13720, "filerUrl": "", "transactionText": "", "filerName": "Khosla (Rahul)", "filerRelation": "Managing Director", "moneyText": "", "startDate": "2011-09-29", "ownership": "D"}, {"maxAge": 1, "shares": 11720, "filerUrl": "", "transactionText": "", "filerName": "Khosla (Rahul)", "filerRelation": "Managing Director", "moneyText": "", "startDate": "2011-09-28", "ownership": "D"}, {"maxAge": 1, "shares": 17351, "filerUrl": "", "transactionText": "", "filerName": "Khosla (Rahul)", "filerRelation": "Managing Director", "moneyText": "", "startDate": "2011-09-28", "ownership": "D"}, {"maxAge": 1, "shares": 95000, "filerUrl": "", "transactionText": "", "filerName": "Khosla (Rahul)", "filerRelation": "Managing Director", "moneyText": "", "startDate": "2011-09-20", "ownership": "D"}, {"maxAge": 1, "shares": 3750, "filerUrl": "", "transactionText": "", "filerName": "Singh (Dilbagh Narang)", "filerRelation": "UNREPORTED", "moneyText": "", "startDate": "2011-09-09", "ownership": "D"}, {"maxAge": 1, "shares": 115200, "filerUrl": "", "transactionText": "", "filerName": "Liquid Investment & Trading Company Ltd", "filerRelation": "Institution- Corporation", "moneyText": "", "startDate": "2011-03-15", "ownership": "D"}, {"maxAge": 1, "shares": 140000, "filerUrl": "", "transactionText": "", "filerName": "PVT Investment Ltd", "filerRelation": "Institution- Corporation", "moneyText": "", "startDate": "2010-12-20", "ownership": "D"}, {"maxAge": 1, "shares": 905000, "filerUrl": "", "transactionText": "", "filerName": "Maxopp Investments Ltd.", "filerRelation": "Institution- Corporation", "moneyText": "", "startDate": "2010-06-23", "ownership": "D"}, {"maxAge": 1, "shares": 900000, "filerUrl": "", "transactionText": "", "filerName": "Maxopp Investments Ltd.", "filerRelation": "Institution- Corporation", "moneyText": "", "startDate": "2010-06-22", "ownership": "D"}, {"maxAge": 1, "shares": 500000, "filerUrl": "", "transactionText": "", "filerName": "Maxopp Investments Ltd.", "filerRelation": "Institution- Corporation", "moneyText": "", "startDate": "2010-06-21", "ownership": "D"}, {"maxAge": 1, "shares": 1600000, "filerUrl": "", "transactionText": "", "filerName": "Maxopp Investments Ltd.", "filerRelation": "Institution- Corporation", "moneyText": "", "startDate": "2010-06-18", "ownership": "D"}, {"maxAge": 1, "shares": 110000, "filerUrl": "", "transactionText": "", "filerName": "PVT Investment Ltd", "filerRelation": "Institution- Corporation", "moneyText": "", "startDate": "2010-06-09", "ownership": "D"}, {"maxAge": 1, "shares": 124038, "filerUrl": "", "transactionText": "", "filerName": "PVT Investment Ltd", "filerRelation": "Institution- Corporation", "moneyText": "", "startDate": "2010-04-19", "ownership": "D"}, {"maxAge": 1, "shares": 100000, "filerUrl": "", "transactionText": "", "filerName": "PVT Investment Ltd", "filerRelation": "Institution- Corporation", "moneyText": "", "startDate": "2010-03-15", "ownership": "D"}, {"maxAge": 1, "shares": 633000, "filerUrl": "", "transactionText": "", "filerName": "Singh (Analjit)", "filerRelation": "Promoter", "moneyText": "", "startDate": "2010-02-18", "ownership": "D"}, {"maxAge": 1, "shares": 890597, "filerUrl": "", "transactionText": "", "filerName": "Singh (Analjit)", "filerRelation": "Promoter", "moneyText": "", "startDate": "2010-02-10", "ownership": "D"}, {"maxAge": 1, "shares": 40000, "filerUrl": "", "transactionText": "", "filerName": "Pivet Finance Ltd", "filerRelation": "Institution- Corporation", "moneyText": "", "startDate": "2010-02-09", "ownership": "D"}, {"maxAge": 1, "shares": 40202, "filerUrl": "", "transactionText": "", "filerName": "T. Rowe Price International Inc. (Hong Kong)", "filerRelation": "Investment Advisor", "moneyText": "", "startDate": "2009-09-29", "ownership": "D"}], "maxAge": 1}, "quoteType": {"exchange": "BSE", "quoteType": "EQUITY", "symbol": "MFSL.BO", "underlyingSymbol": "MFSL.BO", "shortName": "Max Financial Services Limited", "longName": "Max Financial Services Limited", "firstTradeDateEpochUtc": "1992-03-02 09:15:00", "timeZoneFullName": "Asia/Kolkata", "timeZoneShortName": "IST", "uuid": "dabf99ee-8f91-3920-a678-454e9f801f7d", "gmtOffSetMilliseconds": 19800000, "maxAge": 1}, "incomeStatementHistory": {"incomeStatementHistory": [{"maxAge": 1, "endDate": "2020-03-31", "totalRevenue": 182417600000, "costOfRevenue": 150120500000, "grossProfit": 32297100000, "researchDevelopment": {}, "sellingGeneralAdministrative": 24101100000, "nonRecurring": {}, "otherOperatingExpenses": 718500000, "totalOperatingExpenses": 176485100000, "operatingIncome": 5932500000, "totalOtherIncomeExpenseNet": -1507700000, "ebit": 5932500000, "interestExpense": -387600000, "incomeBeforeTax": 4424800000, "incomeTaxExpense": 1696300000, "minorityInterest": 6723300000, "netIncomeFromContinuingOps": 2728500000, "discontinuedOperations": {}, "extraordinaryItems": {}, "effectOfAccountingCharges": {}, "otherItems": {}, "netIncome": 1449900000, "netIncomeApplicableToCommonShares": 1449900000}, {"maxAge": 1, "endDate": "2019-03-31", "totalRevenue": 195005518000, "costOfRevenue": 167082285000, "grossProfit": 27923233000, "researchDevelopment": {}, "sellingGeneralAdministrative": 19255731000, "nonRecurring": {}, "otherOperatingExpenses": 2383401000, "totalOperatingExpenses": 189501058000, "operatingIncome": 5504460000, "totalOtherIncomeExpenseNet": -1086762000, "ebit": 5504460000, "interestExpense": -390700000, "incomeBeforeTax": 4808398000, "incomeTaxExpense": 643677000, "minorityInterest": 7740641000, "netIncomeFromContinuingOps": 4164721000, "discontinuedOperations": {}, "extraordinaryItems": {}, "effectOfAccountingCharges": {}, "otherItems": {}, "netIncome": 2625607000, "netIncomeApplicableToCommonShares": 2625607000}, {"maxAge": 1, "endDate": "2018-03-31", "totalRevenue": 163378396000, "costOfRevenue": 139324340000, "grossProfit": 24054056000, "researchDevelopment": {}, "sellingGeneralAdministrative": 16102014000, "nonRecurring": {}, "otherOperatingExpenses": 1892295000, "totalOperatingExpenses": 157969288000, "operatingIncome": 5409108000, "totalOtherIncomeExpenseNet": -108864000, "ebit": 5409108000, "interestExpense": -390700000, "incomeBeforeTax": 5300244000, "incomeTaxExpense": 881842000, "minorityInterest": 7825165000, "netIncomeFromContinuingOps": 4418402000, "discontinuedOperations": {}, "extraordinaryItems": {}, "effectOfAccountingCharges": {}, "otherItems": {}, "netIncome": 2863924000, "netIncomeApplicableToCommonShares": 2863924000}, {"maxAge": 1, "endDate": "2017-03-31", "totalRevenue": 152373380000, "costOfRevenue": 129233638000, "grossProfit": 23139742000, "researchDevelopment": {}, "sellingGeneralAdministrative": 11879339000, "nonRecurring": {}, "otherOperatingExpenses": 3628734000, "totalOperatingExpenses": 145366994000, "operatingIncome": 7006386000, "totalOtherIncomeExpenseNet": 9253000, "ebit": 7006386000, "interestExpense": -390700000, "incomeBeforeTax": 7015639000, "incomeTaxExpense": 1082900000, "minorityInterest": 7489713000, "netIncomeFromContinuingOps": 5932739000, "discontinuedOperations": {}, "extraordinaryItems": {}, "effectOfAccountingCharges": {}, "otherItems": {}, "netIncome": 3953628000, "netIncomeApplicableToCommonShares": 3953628000}], "maxAge": 86400}, "fundOwnership": {"ownershipList": [{"maxAge": 1, "reportDate": "2020-06-30", "organization": "Baron Emerging Markets Fund", "pctHeld": 0.033099998, "position": 8929261, "value": 4835641294}, {"maxAge": 1, "reportDate": "2020-07-31", "organization": "Vanguard International Stock Index-Total Intl Stock Indx", "pctHeld": 0.0086, "position": 2313466, "value": 1290335661}, {"maxAge": 1, "reportDate": "2020-07-31", "organization": "Vanguard International Stock Index-Emerging Markets Stk", "pctHeld": 0.0067000003, "position": 1795576, "value": 1001482514}, {"maxAge": 1, "reportDate": "2020-07-31", "organization": "iShares Core MSCI Emerging Markets ETF", "pctHeld": 0.0045, "position": 1219135, "value": 679972546}, {"maxAge": 1, "reportDate": "2020-08-31", "organization": "Aberdeen Standard SICAV I-Indian Equity Fd", "pctHeld": 0.0038, "position": 1029455, "value": 604804812}, {"maxAge": 1, "reportDate": "2020-07-31", "organization": "DFA Emerging Markets Core Equity Portfolio", "pctHeld": 0.0037, "position": 1008482, "value": 562480835}, {"maxAge": 1, "reportDate": "2020-07-31", "organization": "Wells Fargo Emerging Markets Equity Fd", "pctHeld": 0.0034, "position": 925389, "value": 516135714}, {"maxAge": 1, "reportDate": "2020-07-31", "organization": "Harding, Loevner Funds, Inc-International Small Companies Portfolio", "pctHeld": 0.0033000002, "position": 895668, "value": 499558827}, {"maxAge": 1, "reportDate": "2020-07-31", "organization": "DFA Emerging Markets Small Cap Series", "pctHeld": 0.0025, "position": 668286, "value": 372736516}, {"maxAge": 1, "reportDate": "2020-05-31", "organization": "Brinker Capital Destinations Tr-Destinations International Equity Fd", "pctHeld": 0.0023, "position": 625823, "value": 301521521}], "maxAge": 1}, "summaryDetail": {"maxAge": 1, "priceHint": 2, "previousClose": 914.7, "open": 908.0, "dayLow": 891.0, "dayHigh": 919.25, "regularMarketPreviousClose": 914.7, "regularMarketOpen": 908.0, "regularMarketDayLow": 891.0, "regularMarketDayHigh": 919.25, "trailingPE": 99.88845, "forwardPE": 72.56888, "volume": 22214, "regularMarketVolume": 22214, "averageVolume": 153299, "averageVolume10days": 101800, "averageDailyVolume10Day": 101800, "bid": 895.0, "ask": 905.0, "bidSize": 0, "askSize": 0, "marketCap": 240631595008, "fiftyTwoWeekLow": 279.75, "fiftyTwoWeekHigh": 919.25, "fiftyDayAverage": 689.6303, "twoHundredDayAverage": 616.4629, "currency": "INR", "fromCurrency": null, "lastMarket": null, "algorithm": null, "tradeable": false}, "sectorTrend": {"maxAge": 1, "symbol": null, "estimates": []}, "incomeStatementHistoryQuarterly": {"incomeStatementHistory": [{"maxAge": 1, "endDate": "2020-06-30", "totalRevenue": 55173200000, "costOfRevenue": 48493400000, "grossProfit": 6679800000, "researchDevelopment": {}, "sellingGeneralAdministrative": 4527400000, "nonRecurring": {}, "otherOperatingExpenses": 117900000, "totalOperatingExpenses": 53531800000, "operatingIncome": 1641400000, "totalOtherIncomeExpenseNet": -134400000, "ebit": 1641400000, "interestExpense": -108700000, "incomeBeforeTax": 1507000000, "incomeTaxExpense": -308300000, "minorityInterest": {}, "netIncomeFromContinuingOps": 1815300000, "discontinuedOperations": {}, "extraordinaryItems": {}, "effectOfAccountingCharges": {}, "otherItems": {}, "netIncome": 1308500000, "netIncomeApplicableToCommonShares": 1308500000}, {"maxAge": 1, "endDate": "2020-03-31", "totalRevenue": 42656400000, "costOfRevenue": 40176300000, "grossProfit": 2480100000, "researchDevelopment": {}, "sellingGeneralAdministrative": 88500000, "nonRecurring": {}, "otherOperatingExpenses": 417600000, "totalOperatingExpenses": 40694600000, "operatingIncome": 1961800000, "totalOtherIncomeExpenseNet": -651200000, "ebit": 1961800000, "interestExpense": -700000, "incomeBeforeTax": 1310600000, "incomeTaxExpense": 1243900000, "minorityInterest": 6723300000, "netIncomeFromContinuingOps": 66700000, "discontinuedOperations": {}, "extraordinaryItems": {}, "effectOfAccountingCharges": {}, "otherItems": {}, "netIncome": -360900000, "netIncomeApplicableToCommonShares": -360900000}, {"maxAge": 1, "endDate": "2019-12-31", "totalRevenue": 53657400000, "costOfRevenue": 44951700000, "grossProfit": 8705700000, "researchDevelopment": {}, "sellingGeneralAdministrative": 6204700000, "nonRecurring": {}, "otherOperatingExpenses": 188000000, "totalOperatingExpenses": 51769000000, "operatingIncome": 1888400000, "totalOtherIncomeExpenseNet": -115900000, "ebit": 1888400000, "interestExpense": -94500000, "incomeBeforeTax": 1772500000, "incomeTaxExpense": 296700000, "minorityInterest": 6723300000, "netIncomeFromContinuingOps": 1475800000, "discontinuedOperations": {}, "extraordinaryItems": {}, "effectOfAccountingCharges": {}, "otherItems": {}, "netIncome": 1052200000, "netIncomeApplicableToCommonShares": 1052200000}, {"maxAge": 1, "endDate": "2019-09-30", "totalRevenue": 46859200000, "costOfRevenue": 39317800000, "grossProfit": 7541400000, "researchDevelopment": {}, "sellingGeneralAdministrative": 5908200000, "nonRecurring": {}, "otherOperatingExpenses": 421900000, "totalOperatingExpenses": 46020600000, "operatingIncome": 838600000, "totalOtherIncomeExpenseNet": -130500000, "ebit": 838600000, "interestExpense": -90400000, "incomeBeforeTax": 708100000, "incomeTaxExpense": 64500000, "minorityInterest": 7274100000, "netIncomeFromContinuingOps": 643600000, "discontinuedOperations": {}, "extraordinaryItems": {}, "effectOfAccountingCharges": {}, "otherItems": {}, "netIncome": 421600000, "netIncomeApplicableToCommonShares": 421600000}], "maxAge": 86400}, "cashflowStatementHistoryQuarterly": {"cashflowStatements": [{"maxAge": 1, "endDate": "2020-06-30", "netIncome": 1308500000, "changeToLiabilities": 0}, {"maxAge": 1, "endDate": "2020-03-31", "netIncome": -360900000, "changeToLiabilities": 0}, {"maxAge": 1, "endDate": "2019-12-31", "netIncome": 1052200000, "changeToLiabilities": 0}, {"maxAge": 1, "endDate": "2019-09-30", "netIncome": 421600000, "changeToLiabilities": 0}], "maxAge": 86400}, "insiderHolders": {"holders": [{"maxAge": 1, "name": "Dwarakanath (Patnam)", "relation": "UNREPORTED", "url": "", "transactionDescription": "Sale", "latestTransDate": "2017-09-01", "positionDirect": 1000, "positionDirectDate": "2017-09-01"}, {"maxAge": 1, "name": "Khosla (Rahul)", "relation": "UNREPORTED", "url": "", "transactionDescription": "Sale", "latestTransDate": "2019-05-31", "positionDirect": 0, "positionDirectDate": "2019-05-31"}, {"maxAge": 1, "name": "Krishnan (V)", "relation": "UNREPORTED", "url": "", "transactionDescription": "Sale", "latestTransDate": "2017-08-31", "positionDirect": 100, "positionDirectDate": "2017-08-31"}, {"maxAge": 1, "name": "Liquid Investment & Trading Company Ltd", "relation": "Promoter", "url": "", "transactionDescription": "Other", "latestTransDate": "2018-08-06", "positionDirect": 23818876, "positionDirectDate": "2018-08-06"}, {"maxAge": 1, "name": "Max Ventures Investment Holdings Pvt. Ltd.", "relation": "Promoter", "url": "", "transactionDescription": "Sale", "latestTransDate": "2020-09-28", "positionDirect": 59783275, "positionDirectDate": "2020-09-28"}, {"maxAge": 1, "name": "Mohair Investment & Trading Company Pvt. Ltd.", "relation": "Promoter", "url": "", "transactionDescription": "Other", "latestTransDate": "2018-09-28", "positionDirect": 0, "positionDirectDate": "2018-09-28"}, {"maxAge": 1, "name": "Ratnam (Sujatha)", "relation": "UNREPORTED", "url": "", "transactionDescription": "Sale", "latestTransDate": "2017-09-15", "positionDirect": 100, "positionDirectDate": "2017-09-15"}, {"maxAge": 1, "name": "Reliance Capital Trustee Co Ltd - Reliance", "relation": "Institution- Corporation", "url": "", "transactionDescription": "Sale", "latestTransDate": "2020-06-02", "positionDirect": 9294048, "positionDirectDate": "2020-06-02"}, {"maxAge": 1, "name": "Singh (Veer)", "relation": "Promoter", "url": "", "transactionDescription": "Sale", "latestTransDate": "2018-09-04", "positionDirect": 100000, "positionDirectDate": "2018-09-04"}, {"maxAge": 1, "name": "Windlass (Ashwani)", "relation": "Non-Independent Executive Director", "url": "", "transactionDescription": "Sale", "latestTransDate": "2017-09-26", "positionDirect": 28450, "positionDirectDate": "2017-09-26"}], "maxAge": 1}, "earnings": {"maxAge": 86400, "earningsChart": {"quarterly": [], "earningsDate": []}, "financialsChart": {"yearly": [{"date": 2017, "revenue": 152373380000, "earnings": 3953628000}, {"date": 2018, "revenue": 163378396000, "earnings": 2863924000}, {"date": 2019, "revenue": 195005518000, "earnings": 2625607000}, {"date": 2020, "revenue": 182417600000, "earnings": 1449900000}], "quarterly": [{"date": "3Q2019", "revenue": 46859200000, "earnings": 421600000}, {"date": "4Q2019", "revenue": 53657400000, "earnings": 1052200000}, {"date": "1Q2020", "revenue": 42656400000, "earnings": -360900000}, {"date": "2Q2020", "revenue": 55173200000, "earnings": 1308500000}]}, "financialCurrency": "INR"}, "calendarEvents": {"maxAge": 1, "earnings": {"earningsDate": []}}, "upgradeDowngradeHistory": {"history": [], "maxAge": 86400}, "price": {"maxAge": 1, "regularMarketChangePercent": -0.020990502, "regularMarketChange": -19.200012, "regularMarketTime": "2021-04-30 15:29:37", "priceHint": 2, "regularMarketPrice": 895.5, "regularMarketDayHigh": 919.25, "regularMarketDayLow": 891.0, "regularMarketVolume": 22214, "averageDailyVolume10Day": 101800, "averageDailyVolume3Month": 153299, "regularMarketPreviousClose": 914.7, "regularMarketSource": "FREE_REALTIME", "regularMarketOpen": 908.0, "exchange": "BSE", "exchangeName": "BSE", "exchangeDataDelayedBy": 0, "marketState": "CLOSED", "quoteType": "EQUITY", "symbol": "MFSL.BO", "underlyingSymbol": null, "shortName": "Max Financial Services Limited", "longName": "Max Financial Services Limited", "currency": "INR", "quoteSourceName": "Delayed Quote", "currencySymbol": "\u20b9", "fromCurrency": null, "lastMarket": null, "marketCap": 240631595008}, "balanceSheetHistory": {"balanceSheetStatements": [{"maxAge": 1, "endDate": "2020-03-31", "cash": 4491100000, "netReceivables": 31600000, "otherCurrentAssets": 100600000, "totalCurrentAssets": 4623300000, "longTermInvestments": 33891600000, "propertyPlantEquipment": 255100000, "goodWill": 5252500000, "otherAssets": 701239800000, "deferredLongTermAssetCharges": 99400000, "totalAssets": 745262300000, "accountsPayable": 8094600000, "shortLongTermDebt": 380200000, "otherCurrentLiab": 1262000000, "otherLiab": 704025700000, "minorityInterest": 6723300000, "totalCurrentLiabilities": 9855900000, "totalLiab": 717073800000, "commonStock": 539000000, "treasuryStock": 20926200000, "otherStockholderEquity": 20926200000, "totalStockholderEquity": 21465200000, "netTangibleAssets": 16212700000}, {"maxAge": 1, "endDate": "2019-03-31", "cash": 5057381000, "netReceivables": 60128000, "otherCurrentAssets": 964016000, "totalCurrentAssets": 6088615000, "longTermInvestments": 34928030000, "propertyPlantEquipment": 303645000, "goodWill": 5252544000, "intangibleAssets": 889000, "otherAssets": 625533666000, "totalAssets": 672107389000, "accountsPayable": 14885399000, "shortLongTermDebt": 1106000, "otherCurrentLiab": 9693197000, "otherLiab": 617397001000, "minorityInterest": 7740641000, "totalCurrentLiabilities": 26379403000, "totalLiab": 643776404000, "commonStock": 538772000, "retainedEarnings": 15454732000, "treasuryStock": 409750000, "capitalSurplus": 4187090000, "otherStockholderEquity": 409750000, "totalStockholderEquity": 20590344000, "netTangibleAssets": 15336911000}, {"maxAge": 1, "endDate": "2018-03-31", "cash": 6100851000, "shortTermInvestments": 57332903000, "netReceivables": 28751000, "otherCurrentAssets": 929287000, "totalCurrentAssets": 7064428000, "longTermInvestments": 30689374000, "propertyPlantEquipment": 312199000, "goodWill": 5252544000, "intangibleAssets": 2144000, "otherAssets": 515096061000, "totalAssets": 558416750000, "accountsPayable": 12540061000, "shortLongTermDebt": 261770000, "otherCurrentLiab": 9287667000, "otherLiab": 508676764000, "minorityInterest": 7825165000, "totalCurrentLiabilities": 23722073000, "totalLiab": 532398837000, "commonStock": 536768000, "retainedEarnings": 13382594000, "treasuryStock": 545319000, "capitalSurplus": 3728067000, "otherStockholderEquity": 545319000, "totalStockholderEquity": 18192748000, "netTangibleAssets": 12938060000}, {"maxAge": 1, "endDate": "2017-03-31", "cash": 3537341000, "shortTermInvestments": 46829591000, "netReceivables": 5674502000, "otherCurrentAssets": 7674861000, "totalCurrentAssets": 63919680000, "longTermInvestments": 393757090000, "propertyPlantEquipment": 653084000, "goodWill": 5252544000, "intangibleAssets": 1034900000, "otherAssets": 2776016000, "totalAssets": 467393314000, "accountsPayable": 46366348000, "shortLongTermDebt": 80685000, "otherCurrentLiab": 3865384000, "otherLiab": 384598161000, "minorityInterest": 7489713000, "totalCurrentLiabilities": 51958891000, "totalLiab": 436557052000, "commonStock": 534540000, "retainedEarnings": 19303213000, "treasuryStock": 282295000, "capitalSurplus": 3226501000, "otherStockholderEquity": 282295000, "totalStockholderEquity": 23346549000, "netTangibleAssets": 17059105000}], "maxAge": 86400}, "earningsTrend": {"trend": [{"maxAge": 1, "period": "0q", "endDate": null, "growth": {}, "earningsEstimate": {"avg": 0.0, "low": 0.0, "high": 0.0, "yearAgoEps": {}, "numberOfAnalysts": 0, "growth": {}}, "revenueEstimate": {"avg": 0, "low": 0, "high": 0, "numberOfAnalysts": 0, "yearAgoRevenue": {}, "growth": {}}, "epsTrend": {"current": 0.0, "7daysAgo": 0.0, "30daysAgo": 0.0, "60daysAgo": 0.0, "90daysAgo": 0.0}, "epsRevisions": {"upLast7days": 0, "upLast30days": 0, "downLast30days": 0, "downLast90days": {}}}, {"maxAge": 1, "period": "+1q", "endDate": null, "growth": {}, "earningsEstimate": {"avg": 0.0, "low": 0.0, "high": 0.0, "yearAgoEps": {}, "numberOfAnalysts": 0, "growth": {}}, "revenueEstimate": {"avg": 0, "low": 0, "high": 0, "numberOfAnalysts": 0, "yearAgoRevenue": {}, "growth": {}}, "epsTrend": {"current": 0.0, "7daysAgo": 0.0, "30daysAgo": 0.0, "60daysAgo": 0.0, "90daysAgo": 0.0}, "epsRevisions": {"upLast7days": 0, "upLast30days": 0, "downLast30days": 0, "downLast90days": {}}}, {"maxAge": 1, "period": "0y", "endDate": null, "growth": {}, "earningsEstimate": {"avg": 0.0, "low": 0.0, "high": 0.0, "yearAgoEps": {}, "numberOfAnalysts": 0, "growth": {}}, "revenueEstimate": {"avg": 0, "low": 0, "high": 0, "numberOfAnalysts": 0, "yearAgoRevenue": {}, "growth": {}}, "epsTrend": {"current": 0.0, "7daysAgo": 0.0, "30daysAgo": 0.0, "60daysAgo": 0.0, "90daysAgo": 0.0}, "epsRevisions": {"upLast7days": 0, "upLast30days": 0, "downLast30days": 0, "downLast90days": {}}}, {"maxAge": 1, "period": "+1y", "endDate": null, "growth": {}, "earningsEstimate": {"avg": 0.0, "low": 0.0, "high": 0.0, "yearAgoEps": {}, "numberOfAnalysts": 0, "growth": {}}, "revenueEstimate": {"avg": 0, "low": 0, "high": 0, "numberOfAnalysts": 0, "yearAgoRevenue": {}, "growth": {}}, "epsTrend": {"current": 0.0, "7daysAgo": 0.0, "30daysAgo": 0.0, "60daysAgo": 0.0, "90daysAgo": 0.0}, "epsRevisions": {"upLast7days": 0, "upLast30days": 0, "downLast30days": 0, "downLast90days": {}}}, {"maxAge": 1, "period": "+5y", "endDate": null, "growth": 0.44099998, "earningsEstimate": {"avg": {}, "low": {}, "high": {}, "yearAgoEps": {}, "numberOfAnalysts": {}, "growth": {}}, "revenueEstimate": {"avg": {}, "low": {}, "high": {}, "numberOfAnalysts": {}, "yearAgoRevenue": {}, "growth": {}}, "epsTrend": {"current": {}, "7daysAgo": {}, "30daysAgo": {}, "60daysAgo": {}, "90daysAgo": {}}, "epsRevisions": {"upLast7days": {}, "upLast30days": {}, "downLast30days": {}, "downLast90days": {}}}, {"maxAge": 1, "period": "-5y", "endDate": null, "growth": -0.05242, "earningsEstimate": {"avg": {}, "low": {}, "high": {}, "yearAgoEps": {}, "numberOfAnalysts": {}, "growth": {}}, "revenueEstimate": {"avg": {}, "low": {}, "high": {}, "numberOfAnalysts": {}, "yearAgoRevenue": {}, "growth": {}}, "epsTrend": {"current": {}, "7daysAgo": {}, "30daysAgo": {}, "60daysAgo": {}, "90daysAgo": {}}, "epsRevisions": {"upLast7days": {}, "upLast30days": {}, "downLast30days": {}, "downLast90days": {}}}], "maxAge": 1}, "financialData": {"maxAge": 86400, "currentPrice": 895.5, "targetHighPrice": 785.0, "targetLowPrice": 540.0, "targetMeanPrice": 662.64, "targetMedianPrice": 665.0, "recommendationMean": 1.5, "recommendationKey": "strong_buy", "numberOfAnalystOpinions": 11, "grossProfits": 32297100000, "financialCurrency": "INR"}}}