{"MGEL.NS": {"assetProfile": {"address1": "Mangalam Corporate House", "address2": "19/B Kalyan Society Near M G International School Mithakhali", "city": "Ahmedabad", "zip": "380006", "country": "India", "phone": "91 90 9997 8946", "website": "http://www.groupmangalam.com", "industry": "Farm Products", "sector": "Consumer Defensive", "longBusinessSummary": "Mangalam Global Enterprise Limited manufactures and sells refined castor oil first stage grades, castor de oiled cakes, and high protein castor de oiled cakes in India. It also manufactures and sells cotton bales and delineate cotton seeds. Mangalam Global Enterprise Limited was formerly known as Mangalam Global Enterprise Private Limited and changed its name to Mangalam Global Enterprise Limited on September, 2019. Mangalam Global Enterprise Limited was founded in 1942 and is based in Ahmedabad, India.", "fullTimeEmployees": 169, "companyOfficers": [{"maxAge": 1, "name": "Mr. Vipin Prakash O. Mangal", "age": 53, "title": "Exec. Chairman", "yearBorn": 1967, "fiscalYear": 2020, "totalPay": 2158000, "exercisedValue": 0, "unexercisedValue": 0}, {"maxAge": 1, "name": "Mr. Chandragupt Prakash V. Mangal", "age": 23, "title": "Joint MD, CEO & Additional Director", "yearBorn": 1997, "fiscalYear": 2020, "totalPay": 2408000, "exercisedValue": 0, "unexercisedValue": 0}, {"maxAge": 1, "name": "Mr. Ashutosh  Mehta", "age": 63, "title": "Chief Financial Officer", "yearBorn": 1957, "fiscalYear": 2020, "totalPay": 968000, "exercisedValue": 0, "unexercisedValue": 0}, {"maxAge": 1, "name": "Mr. Chanakya Prakash V. Mangal", "age": 25, "title": "Joint MD, COO & Additional Director", "yearBorn": 1995, "fiscalYear": 2020, "totalPay": 3358000, "exercisedValue": 0, "unexercisedValue": 0}, {"maxAge": 1, "name": "Ms. Vrunda  Patel", "title": "Company Sec. & Compliance Officer", "exercisedValue": 0, "unexercisedValue": 0}], "compensationAsOfEpochDate": "2020-12-31 05:30:00", "maxAge": 86400}, "cashflowStatementHistory": {"cashflowStatements": [{"maxAge": 1, "endDate": "2020-03-31", "netIncome": 35220000, "depreciation": 20370000, "changeToNetincome": 53235000, "changeToAccountReceivables": -136005000, "changeToLiabilities": 54984000, "changeToInventory": -77210000, "changeToOperatingActivities": -229751000, "totalCashFromOperatingActivities": -279083000, "capitalExpenditures": -70611000, "investments": -16002000, "otherCashflowsFromInvestingActivities": 7047000, "totalCashflowsFromInvestingActivities": -74131000, "dividendsPaid": -493000, "netBorrowings": 249708000, "otherCashflowsFromFinancingActivities": -69942000, "totalCashFromFinancingActivities": 394540000, "changeInCash": 41327000, "issuanceOfStock": 215267000}, {"maxAge": 1, "endDate": "2019-03-31", "netIncome": 23334000, "depreciation": 8168000, "changeToNetincome": 37232000, "changeToAccountReceivables": -56995000, "changeToLiabilities": 8487000, "changeToInventory": -147724000, "changeToOperatingActivities": -333066000, "totalCashFromOperatingActivities": -460550000, "capitalExpenditures": -232766000, "investments": -15128000, "otherCashflowsFromInvestingActivities": 1494000, "totalCashflowsFromInvestingActivities": -295409000, "dividendsPaid": -109000, "netBorrowings": 528134000, "otherCashflowsFromFinancingActivities": -34085000, "totalCashFromFinancingActivities": 762828000, "changeInCash": 6869000, "issuanceOfStock": 268888000}, {"maxAge": 1, "endDate": "2018-03-31", "netIncome": 3404304, "depreciation": 663836, "changeToNetincome": -1392835, "changeToAccountReceivables": -16044076, "changeToLiabilities": 12495868, "changeToInventory": 210549, "changeToOperatingActivities": 6358779, "totalCashFromOperatingActivities": 5696425, "capitalExpenditures": -16116815, "investments": 42072, "otherCashflowsFromInvestingActivities": 4685, "totalCashflowsFromInvestingActivities": -16070058, "dividendsPaid": -109000, "netBorrowings": -39555733, "otherCashflowsFromFinancingActivities": -159276, "totalCashFromFinancingActivities": 10284991, "changeInCash": -88642, "issuanceOfStock": 50000000}, {"maxAge": 1, "endDate": "2017-03-31", "netIncome": 1061953, "depreciation": 355091, "changeToNetincome": -227912, "changeToAccountReceivables": -1533465, "changeToLiabilities": 149375, "changeToInventory": 3589915, "changeToOperatingActivities": -5162251, "totalCashFromOperatingActivities": -1767294, "capitalExpenditures": -50900, "investments": -31571801, "otherCashflowsFromInvestingActivities": 18114, "totalCashflowsFromInvestingActivities": -31604587, "dividendsPaid": -109000, "netBorrowings": 33600000, "otherCashflowsFromFinancingActivities": -662, "totalCashFromFinancingActivities": 33599338, "changeInCash": 227457, "issuanceOfStock": 50000000}], "maxAge": 86400}, "institutionOwnership": {"ownershipList": [], "maxAge": 1}, "majorHoldersBreakdown": {"maxAge": 1}, "balanceSheetHistoryQuarterly": {"balanceSheetStatements": [{"maxAge": 1, "endDate": "2020-12-31", "totalStockholderEquity": 614996000, "netTangibleAssets": 596651000}, {"maxAge": 1, "endDate": "2020-09-30", "cash": 300477000, "netReceivables": 712241000, "inventory": 274132000, "totalCurrentAssets": 1286850000, "longTermInvestments": 40244000, "propertyPlantEquipment": 321096000, "goodWill": 18018000, "intangibleAssets": 327000, "otherAssets": 21083000, "totalAssets": 1687618000, "accountsPayable": 107782000, "otherCurrentLiab": 92140000, "longTermDebt": 300171000, "otherLiab": 2919000, "minorityInterest": 6335000, "totalCurrentLiabilities": 763197000, "totalLiab": 1066287000, "commonStock": 240861000, "treasuryStock": 374135000, "otherStockholderEquity": 374135000, "totalStockholderEquity": 614996000, "netTangibleAssets": 596651000}, {"maxAge": 1, "endDate": "2020-06-30", "cash": 300477000, "netReceivables": 712241000, "inventory": 274132000, "totalCurrentAssets": 1286850000, "longTermInvestments": 40244000, "propertyPlantEquipment": 321096000, "goodWill": 18018000, "intangibleAssets": 327000, "otherAssets": 21083000, "totalAssets": 1687618000, "accountsPayable": 107782000, "otherCurrentLiab": 92140000, "longTermDebt": 300171000, "otherLiab": 2919000, "minorityInterest": 6335000, "totalCurrentLiabilities": 763197000, "totalLiab": 1066287000, "commonStock": 240861000, "treasuryStock": 374135000, "otherStockholderEquity": 374135000, "totalStockholderEquity": 614996000, "netTangibleAssets": 596651000}, {"maxAge": 1, "endDate": "2019-12-31"}], "maxAge": 86400}, "indexTrend": {"maxAge": 1, "symbol": "SP5", "peRatio": 19.7411, "pegRatio": 1.34172, "estimates": [{"period": "0q", "growth": 0.549}, {"period": "+1q", "growth": 0.431}, {"period": "0y", "growth": 0.305}, {"period": "+1y", "growth": 0.109}, {"period": "+5y", "growth": 0.120865}, {"period": "-5y"}]}, "defaultKeyStatistics": {"maxAge": 1, "priceHint": 2, "enterpriseValue": 1677265280, "profitMargins": 0.0073900004, "floatShares": 2592389, "sharesOutstanding": 24086100, "category": null, "bookValue": 25.431, "priceToBook": 1.8088161, "fundFamily": null, "legalType": null, "lastFiscalYearEnd": "2020-03-31 05:30:00", "nextFiscalYearEnd": "2022-03-31 05:30:00", "mostRecentQuarter": "2020-12-31 05:30:00", "earningsQuarterlyGrowth": -0.204, "netIncomeToCommon": 62021000, "trailingEps": 1.78, "lastSplitFactor": "3:2", "lastSplitDate": "2020-08-31 05:30:00", "enterpriseToRevenue": 0.2, "enterpriseToEbitda": 14.938}, "summaryProfile": {"address1": "Mangalam Corporate House", "address2": "19/B Kalyan Society Near M G International School Mithakhali", "city": "Ahmedabad", "zip": "380006", "country": "India", "phone": "91 90 9997 8946", "website": "http://www.groupmangalam.com", "industry": "Farm Products", "sector": "Consumer Defensive", "longBusinessSummary": "Mangalam Global Enterprise Limited manufactures and sells refined castor oil first stage grades, castor de oiled cakes, and high protein castor de oiled cakes in India. It also manufactures and sells cotton bales and delineate cotton seeds. Mangalam Global Enterprise Limited was formerly known as Mangalam Global Enterprise Private Limited and changed its name to Mangalam Global Enterprise Limited on September, 2019. Mangalam Global Enterprise Limited was founded in 1942 and is based in Ahmedabad, India.", "fullTimeEmployees": 169, "companyOfficers": [], "maxAge": 86400}, "netSharePurchaseActivity": {"maxAge": 1, "period": "6m", "buyInfoCount": 0, "buyInfoShares": 0, "sellInfoCount": 0, "netInfoCount": 0, "netInfoShares": 0, "totalInsiderShares": 0}, "quoteType": {"exchange": "NSI", "quoteType": "EQUITY", "symbol": "MGEL.NS", "underlyingSymbol": "MGEL.NS", "shortName": "Mangalam Global Ent Ltd", "longName": "Mangalam Global Enterprise Limited", "firstTradeDateEpochUtc": "2019-12-11 09:15:00", "timeZoneFullName": "Asia/Kolkata", "timeZoneShortName": "IST", "uuid": "635734bb-4948-332e-90dd-ae595072e918", "gmtOffSetMilliseconds": 19800000, "maxAge": 1}, "incomeStatementHistory": {"incomeStatementHistory": [{"maxAge": 1, "endDate": "2020-03-31", "totalRevenue": 5827839000, "costOfRevenue": 5474729000, "grossProfit": 353110000, "researchDevelopment": {}, "sellingGeneralAdministrative": 71845000, "nonRecurring": {}, "otherOperatingExpenses": 172203000, "totalOperatingExpenses": 5739221000, "operatingIncome": 88618000, "totalOtherIncomeExpenseNet": -52610000, "ebit": 88618000, "interestExpense": -68518000, "incomeBeforeTax": 36008000, "incomeTaxExpense": 8016000, "minorityInterest": 14135000, "netIncomeFromContinuingOps": 27992000, "discontinuedOperations": {}, "extraordinaryItems": {}, "effectOfAccountingCharges": {}, "otherItems": {}, "netIncome": 35220000, "netIncomeApplicableToCommonShares": 35220000}, {"maxAge": 1, "endDate": "2019-03-31", "totalRevenue": 3898348000, "costOfRevenue": 3709953000, "grossProfit": 188395000, "researchDevelopment": {}, "sellingGeneralAdministrative": 28169000, "nonRecurring": {}, "otherOperatingExpenses": 84347000, "totalOperatingExpenses": 3830651000, "operatingIncome": 67697000, "totalOtherIncomeExpenseNet": -32903000, "ebit": 67697000, "interestExpense": -31561000, "incomeBeforeTax": 34794000, "incomeTaxExpense": 9696000, "minorityInterest": 21433000, "netIncomeFromContinuingOps": 25098000, "discontinuedOperations": {}, "extraordinaryItems": {}, "effectOfAccountingCharges": {}, "otherItems": {}, "netIncome": 23334000, "netIncomeApplicableToCommonShares": 23334000}, {"maxAge": 1, "endDate": "2018-03-31", "totalRevenue": 268936207, "costOfRevenue": 258314246, "grossProfit": 10621961, "researchDevelopment": {}, "sellingGeneralAdministrative": 2281128, "nonRecurring": {}, "otherOperatingExpenses": 4157317, "totalOperatingExpenses": 265416527, "operatingIncome": 3519680, "totalOtherIncomeExpenseNet": -108488, "ebit": 3519680, "interestExpense": -159276, "incomeBeforeTax": 3411192, "incomeTaxExpense": 6888, "minorityInterest": 21433000, "netIncomeFromContinuingOps": 3404304, "discontinuedOperations": {}, "extraordinaryItems": {}, "effectOfAccountingCharges": {}, "otherItems": {}, "netIncome": 3404304, "netIncomeApplicableToCommonShares": 3404304}, {"maxAge": 1, "endDate": "2017-03-31", "totalRevenue": 26851083, "costOfRevenue": 21927506, "grossProfit": 4923577, "researchDevelopment": {}, "sellingGeneralAdministrative": 1095392, "nonRecurring": {}, "otherOperatingExpenses": 2178593, "totalOperatingExpenses": 25556582, "operatingIncome": 1294501, "totalOtherIncomeExpenseNet": 17452, "ebit": 1294501, "interestExpense": -662, "incomeBeforeTax": 1311953, "incomeTaxExpense": 250000, "minorityInterest": 21433000, "netIncomeFromContinuingOps": 1061953, "discontinuedOperations": {}, "extraordinaryItems": {}, "effectOfAccountingCharges": {}, "otherItems": {}, "netIncome": 1061953, "netIncomeApplicableToCommonShares": 1061953}], "maxAge": 86400}, "fundOwnership": {"ownershipList": [], "maxAge": 1}, "summaryDetail": {"maxAge": 1, "priceHint": 2, "previousClose": 46.1, "open": 48.7, "dayLow": 46.0, "dayHigh": 48.7, "regularMarketPreviousClose": 46.1, "regularMarketOpen": 48.7, "regularMarketDayLow": 46.0, "regularMarketDayHigh": 48.7, "dividendRate": 0.67, "dividendYield": 0.0159, "exDividendDate": "2020-07-30 05:30:00", "payoutRatio": 0.2305, "trailingPE": 25.842697, "volume": 1848, "regularMarketVolume": 1848, "averageVolume": 0, "averageVolume10days": 0, "averageDailyVolume10Day": 0, "bid": 0.0, "ask": 0.0, "marketCap": 1107960576, "fiftyTwoWeekLow": 35.666664, "fiftyTwoWeekHigh": 48.7, "priceToSalesTrailing12Months": 0.13199958, "fiftyDayAverage": 42.0, "twoHundredDayAverage": 41.435814, "currency": "INR", "fromCurrency": null, "lastMarket": null, "algorithm": null, "tradeable": false}, "incomeStatementHistoryQuarterly": {"incomeStatementHistory": [{"maxAge": 1, "endDate": "2020-12-31", "totalRevenue": 1963520000, "costOfRevenue": 1835821000, "grossProfit": 127699000, "researchDevelopment": {}, "sellingGeneralAdministrative": 15261000, "nonRecurring": {}, "otherOperatingExpenses": 103557000, "totalOperatingExpenses": 1960122000, "operatingIncome": 3398000, "totalOtherIncomeExpenseNet": -3862000, "ebit": 3398000, "interestExpense": -19152000, "incomeBeforeTax": -464000, "incomeTaxExpense": 1650000, "minorityInterest": {}, "netIncomeFromContinuingOps": -2114000, "discontinuedOperations": {}, "extraordinaryItems": {}, "effectOfAccountingCharges": {}, "otherItems": {}, "netIncome": 1616000, "netIncomeApplicableToCommonShares": 1616000}, {"maxAge": 1, "endDate": "2020-09-30", "totalRevenue": 2486582500, "costOfRevenue": 2333422500, "grossProfit": 153160000, "researchDevelopment": {}, "sellingGeneralAdministrative": 16132000, "nonRecurring": {}, "otherOperatingExpenses": 109684000, "totalOperatingExpenses": 2464539500, "operatingIncome": 22043000, "totalOtherIncomeExpenseNet": -5905500, "ebit": 22043000, "interestExpense": -14737500, "incomeBeforeTax": 16137500, "incomeTaxExpense": 6261000, "minorityInterest": 6335000, "netIncomeFromContinuingOps": 9876500, "discontinuedOperations": {}, "extraordinaryItems": {}, "effectOfAccountingCharges": {}, "otherItems": {}, "netIncome": 13784500, "netIncomeApplicableToCommonShares": 13784500}, {"maxAge": 1, "endDate": "2020-06-30", "totalRevenue": 2486582500, "costOfRevenue": 2333422500, "grossProfit": 153160000, "researchDevelopment": {}, "sellingGeneralAdministrative": 16132000, "nonRecurring": {}, "otherOperatingExpenses": 109684000, "totalOperatingExpenses": 2464539500, "operatingIncome": 22043000, "totalOtherIncomeExpenseNet": -5905500, "ebit": 22043000, "interestExpense": -14737500, "incomeBeforeTax": 16137500, "incomeTaxExpense": 6261000, "minorityInterest": 6335000, "netIncomeFromContinuingOps": 9876500, "discontinuedOperations": {}, "extraordinaryItems": {}, "effectOfAccountingCharges": {}, "otherItems": {}, "netIncome": 13784500, "netIncomeApplicableToCommonShares": 13784500}, {"maxAge": 1, "endDate": "2019-12-31", "totalRevenue": 1488937000, "costOfRevenue": 1390739000, "grossProfit": 98198000, "researchDevelopment": {}, "sellingGeneralAdministrative": 15182000, "nonRecurring": {}, "otherOperatingExpenses": 54909000, "totalOperatingExpenses": 1469675000, "operatingIncome": 19262000, "totalOtherIncomeExpenseNet": -18431000, "ebit": 19262000, "interestExpense": -22200000, "incomeBeforeTax": 831000, "incomeTaxExpense": 1539000, "minorityInterest": 6335000, "netIncomeFromContinuingOps": -708000, "discontinuedOperations": {}, "extraordinaryItems": {}, "effectOfAccountingCharges": {}, "otherItems": {}, "netIncome": 2030000, "netIncomeApplicableToCommonShares": 2030000}], "maxAge": 86400}, "cashflowStatementHistoryQuarterly": {"cashflowStatements": [{"maxAge": 1, "endDate": "2020-12-31", "netIncome": 1616000, "changeToLiabilities": 0}, {"maxAge": 1, "endDate": "2020-09-30", "netIncome": 13784500, "depreciation": 5301000, "changeToNetincome": -2407500, "changeToAccountReceivables": -112642500, "changeToLiabilities": 15717000, "changeToInventory": -24599000, "changeToOperatingActivities": -27563000, "totalCashFromOperatingActivities": -132409500, "investments": -14000, "otherCashflowsFromInvestingActivities": -15248500, "totalCashflowsFromInvestingActivities": -12625500, "dividendsPaid": -1493500, "netBorrowings": 169441500, "otherCashflowsFromFinancingActivities": -10506000, "totalCashFromFinancingActivities": 157442000, "changeInCash": 12407000}, {"maxAge": 1, "endDate": "2020-06-30", "netIncome": 13784500, "depreciation": 5301000, "changeToNetincome": -2407500, "changeToAccountReceivables": -112642500, "changeToLiabilities": 15717000, "changeToInventory": -24599000, "changeToOperatingActivities": -27563000, "totalCashFromOperatingActivities": -132409500, "investments": -14000, "otherCashflowsFromInvestingActivities": -15248500, "totalCashflowsFromInvestingActivities": -12625500, "dividendsPaid": -1493500, "netBorrowings": 169441500, "otherCashflowsFromFinancingActivities": -10506000, "totalCashFromFinancingActivities": 157442000, "changeInCash": 12407000}, {"maxAge": 1, "endDate": "2019-12-31", "netIncome": 2030000, "depreciation": 5301000, "changeToNetincome": -2407500, "changeToAccountReceivables": -112642500, "changeToLiabilities": 0, "changeToInventory": -24599000, "changeToOperatingActivities": -27563000, "totalCashFromOperatingActivities": -132409500, "investments": -14000, "otherCashflowsFromInvestingActivities": -15248500, "totalCashflowsFromInvestingActivities": -12625500, "dividendsPaid": -1493500, "netBorrowings": 169441500, "otherCashflowsFromFinancingActivities": -10506000, "totalCashFromFinancingActivities": 157442000, "changeInCash": 12407000}], "maxAge": 86400}, "insiderHolders": {"holders": [], "maxAge": 1}, "calendarEvents": {"maxAge": 1, "earnings": {"earningsDate": []}, "exDividendDate": "2020-07-30 05:30:00"}, "upgradeDowngradeHistory": {"history": [], "maxAge": 86400}, "price": {"maxAge": 1, "regularMarketChangePercent": -0.0021691644, "regularMarketChange": -0.099998474, "regularMarketTime": "2021-04-30 15:27:37", "priceHint": 2, "regularMarketPrice": 46.0, "regularMarketDayHigh": 48.7, "regularMarketDayLow": 46.0, "regularMarketVolume": 1848, "averageDailyVolume10Day": 0, "averageDailyVolume3Month": 0, "regularMarketPreviousClose": 46.1, "regularMarketSource": "FREE_REALTIME", "regularMarketOpen": 48.7, "exchange": "NSI", "exchangeName": "NSE", "exchangeDataDelayedBy": 15, "marketState": "CLOSED", "quoteType": "EQUITY", "symbol": "MGEL.NS", "underlyingSymbol": null, "shortName": "Mangalam Global Ent Ltd", "longName": "Mangalam Global Enterprise Limited", "currency": "INR", "quoteSourceName": "Delayed Quote", "currencySymbol": "\u20b9", "fromCurrency": null, "lastMarket": null, "marketCap": 1107960576}, "balanceSheetHistory": {"balanceSheetStatements": [{"maxAge": 1, "endDate": "2020-03-31", "cash": 49177000, "netReceivables": 606070000, "inventory": 224934000, "totalCurrentAssets": 880181000, "longTermInvestments": 40247000, "propertyPlantEquipment": 336030000, "goodWill": 18018000, "intangibleAssets": 322000, "otherAssets": 14289000, "deferredLongTermAssetCharges": 2759000, "totalAssets": 1289087000, "accountsPayable": 50488000, "shortLongTermDebt": 14700000, "otherCurrentLiab": 27994000, "longTermDebt": 262592000, "otherLiab": 2163000, "minorityInterest": 14135000, "totalCurrentLiabilities": 415355000, "totalLiab": 680110000, "commonStock": 160574000, "retainedEarnings": 60057000, "capitalSurplus": 374211000, "totalStockholderEquity": 594842000, "netTangibleAssets": 576502000}, {"maxAge": 1, "endDate": "2019-03-31", "cash": 7850000, "netReceivables": 207497000, "inventory": 147724000, "totalCurrentAssets": 363071000, "longTermInvestments": 24245000, "propertyPlantEquipment": 286102000, "goodWill": 18037000, "intangibleAssets": 63000, "otherAssets": 16967000, "totalAssets": 708485000, "accountsPayable": 15426000, "shortLongTermDebt": 12470000, "otherCurrentLiab": 25407000, "longTermDebt": 167691000, "otherLiab": 2998000, "minorityInterest": 21433000, "totalCurrentLiabilities": 171423000, "totalLiab": 342112000, "commonStock": 23255000, "retainedEarnings": 25422000, "capitalSurplus": 296263000, "totalStockholderEquity": 344940000, "netTangibleAssets": 326840000}, {"maxAge": 1, "endDate": "2018-03-31", "cash": 980568, "netReceivables": 19019092, "otherCurrentAssets": 8255, "totalCurrentAssets": 20123721, "propertyPlantEquipment": 15985827, "intangibleAssets": 14573, "otherAssets": 57079308, "totalAssets": 93203429, "accountsPayable": 12592763, "shortLongTermDebt": 1447354, "otherCurrentLiab": 43823, "longTermDebt": 22409454, "otherLiab": 1598856, "totalCurrentLiabilities": 14694956, "totalLiab": 38703266, "commonStock": 5450200, "treasuryStock": 4049963, "capitalSurplus": 45000000, "otherStockholderEquity": 4049963, "totalStockholderEquity": 54500163, "netTangibleAssets": 54485590}, {"maxAge": 1, "endDate": "2017-03-31", "cash": 1069210, "netReceivables": 11063465, "inventory": 210549, "otherCurrentAssets": 22946, "totalCurrentAssets": 12371042, "propertyPlantEquipment": 309872, "intangibleAssets": 1760, "otherAssets": 56687743, "totalAssets": 69370417, "accountsPayable": 210549, "otherCurrentLiab": 4600000, "longTermDebt": 57065187, "otherLiab": 1420000, "totalCurrentLiabilities": 9789371, "totalLiab": 68274558, "commonStock": 450200, "treasuryStock": 645659, "otherStockholderEquity": 645659, "totalStockholderEquity": 1095859, "netTangibleAssets": 1094099}], "maxAge": 86400}, "financialData": {"maxAge": 86400, "currentPrice": 46.0, "recommendationKey": "none", "totalCash": 300476992, "totalCashPerShare": 12.475, "ebitda": 112279000, "totalDebt": 863446016, "totalRevenue": 8393667072, "debtToEquity": 138.967, "revenuePerShare": 294.625, "grossProfits": 353110000, "revenueGrowth": 0.319, "grossMargins": 0.06317, "ebitdaMargins": 0.01338, "operatingMargins": 0.00978, "profitMargins": 0.0073900004, "financialCurrency": "INR"}}}