{"MGL.BO": {"recommendationTrend": {"trend": [{"period": "0m", "strongBuy": 0, "buy": 0, "hold": 0, "sell": 0, "strongSell": 0}, {"period": "-1m", "strongBuy": 0, "buy": 0, "hold": 0, "sell": 0, "strongSell": 0}, {"period": "-2m", "strongBuy": 0, "buy": 0, "hold": 0, "sell": 0, "strongSell": 0}, {"period": "-3m", "strongBuy": 0, "buy": 0, "hold": 0, "sell": 0, "strongSell": 0}], "maxAge": 86400}, "cashflowStatementHistory": {"cashflowStatements": [{"maxAge": 1, "endDate": "2020-03-31", "netIncome": 7935098000, "depreciation": 1600101000, "changeToNetincome": -1099742000, "changeToAccountReceivables": 294014000, "changeToLiabilities": -207432000, "changeToInventory": 9942000, "changeToOperatingActivities": 1277084000, "totalCashFromOperatingActivities": 9826226000, "capitalExpenditures": -4348887000, "investments": -3764701000, "otherCashflowsFromInvestingActivities": 474644000, "totalCashflowsFromInvestingActivities": -7522241000, "dividendsPaid": -2183250000, "netBorrowings": -157876000, "otherCashflowsFromFinancingActivities": -74411000, "totalCashFromFinancingActivities": -2415537000, "changeInCash": -111552000}, {"maxAge": 1, "endDate": "2019-03-31", "netIncome": 5463891000, "depreciation": 1243065000, "changeToNetincome": -242740000, "changeToAccountReceivables": -115204000, "changeToLiabilities": 431665000, "changeToInventory": -3340000, "changeToOperatingActivities": 52843000, "totalCashFromOperatingActivities": 6846422000, "capitalExpenditures": -3627331000, "investments": -1138459000, "otherCashflowsFromInvestingActivities": 377494000, "totalCashflowsFromInvestingActivities": -4385632000, "dividendsPaid": -2330241000, "netBorrowings": -11951000, "otherCashflowsFromFinancingActivities": -3440000, "totalCashFromFinancingActivities": -2345632000, "changeInCash": 115158000}, {"maxAge": 1, "endDate": "2018-03-31", "netIncome": 4778723000, "depreciation": 1098984000, "changeToNetincome": -191095000, "changeToAccountReceivables": 50009000, "changeToLiabilities": -106623000, "changeToInventory": -2352000, "changeToOperatingActivities": 880810000, "totalCashFromOperatingActivities": 6521318000, "capitalExpenditures": -2690289000, "investments": -1793851000, "otherCashflowsFromInvestingActivities": 295834000, "totalCashflowsFromInvestingActivities": -4186648000, "dividendsPaid": -1857717000, "netBorrowings": -15052000, "otherCashflowsFromFinancingActivities": -385637000, "totalCashFromFinancingActivities": -2258406000, "changeInCash": 76264000}, {"maxAge": 1, "endDate": "2017-03-31", "netIncome": 3934275000, "depreciation": 928813000, "changeToNetincome": -164279000, "changeToAccountReceivables": -34175000, "changeToLiabilities": 29248000, "changeToInventory": -57366000, "changeToOperatingActivities": 663644000, "totalCashFromOperatingActivities": 5322667000, "capitalExpenditures": -2545215000, "investments": -355640000, "otherCashflowsFromInvestingActivities": 267221000, "totalCashflowsFromInvestingActivities": -2633088000, "dividendsPaid": -1669767000, "netBorrowings": -18318000, "otherCashflowsFromFinancingActivities": -479451000, "totalCashFromFinancingActivities": -2837598000, "changeInCash": -148019000}], "maxAge": 86400}, "institutionOwnership": {"ownershipList": [], "maxAge": 1}, "balanceSheetHistoryQuarterly": {"balanceSheetStatements": [{"maxAge": 1, "endDate": "2020-06-30", "totalStockholderEquity": 29526700000, "netTangibleAssets": 29480300000}, {"maxAge": 1, "endDate": "2020-03-31", "cash": 153760000, "shortTermInvestments": 4663320000, "netReceivables": 1185318000, "inventory": 185679000, "otherCurrentAssets": 408365000, "totalCurrentAssets": 15056742000, "propertyPlantEquipment": 25310891000, "intangibleAssets": 46352000, "otherAssets": 871029000, "totalAssets": 41285014000, "accountsPayable": 1317745000, "otherCurrentLiab": 7638362000, "otherLiab": 1796328000, "totalCurrentLiabilities": 9471995000, "totalLiab": 11758336000, "commonStock": 987778000, "retainedEarnings": 28538900000, "totalStockholderEquity": 29526678000, "netTangibleAssets": 29480326000}, {"maxAge": 1, "endDate": "2019-12-31", "totalStockholderEquity": 27134600000, "netTangibleAssets": 27081100000}, {"maxAge": 1, "endDate": "2019-09-30", "cash": 2830500000, "shortTermInvestments": 10349700000, "netReceivables": 959100000, "inventory": 183200000, "otherCurrentAssets": 237900000, "totalCurrentAssets": 14560400000, "longTermInvestments": 2100000, "propertyPlantEquipment": 23402800000, "intangibleAssets": 53500000, "otherAssets": 693600000, "totalAssets": 38712400000, "accountsPayable": 1658900000, "otherCurrentLiab": 7444700000, "otherLiab": 1749100000, "totalCurrentLiabilities": 9326600000, "totalLiab": 11577800000, "commonStock": 987800000, "retainedEarnings": 26146800000, "totalStockholderEquity": 27134600000, "netTangibleAssets": 27081100000}], "maxAge": 86400}, "earningsHistory": {"history": [{"maxAge": 1, "epsActual": 12.55, "epsEstimate": 12.28, "epsDifference": 0.27, "surprisePercent": 0.022, "quarter": "2017-12-31", "period": "-4q"}, {"maxAge": 1, "epsActual": 10.61, "epsEstimate": 12.85, "epsDifference": -2.24, "surprisePercent": -0.174, "quarter": "2018-03-31", "period": "-3q"}, {"maxAge": 1, "epsActual": 12.99, "epsEstimate": 11.06, "epsDifference": 1.93, "surprisePercent": 0.175, "quarter": "2018-06-30", "period": "-2q"}, {"maxAge": 1, "epsActual": 13.8, "epsEstimate": 13.59, "epsDifference": 0.21, "surprisePercent": 0.015, "quarter": "2018-09-30", "period": "-1q"}], "maxAge": 86400}, "indexTrend": {"maxAge": 1, "symbol": "SP5", "peRatio": 19.7411, "pegRatio": 1.34172, "estimates": [{"period": "0q", "growth": 0.549}, {"period": "+1q", "growth": 0.431}, {"period": "0y", "growth": 0.305}, {"period": "+1y", "growth": 0.109}, {"period": "+5y", "growth": 0.120865}, {"period": "-5y"}]}, "industryTrend": {"maxAge": 1, "symbol": null, "estimates": []}, "insiderTransactions": {"transactions": [{"maxAge": 1, "shares": 50000, "filerUrl": "", "transactionText": "", "filerName": "Life Insurance Corpoation of India", "filerRelation": "Institution- Corporation", "moneyText": "", "startDate": "2020-10-20", "ownership": "D"}, {"maxAge": 1, "shares": 290000, "value": 1131, "filerUrl": "", "transactionText": "Acquisition at price 0.00 per share.", "filerName": "Vontobel Fund A/c Vontobel Fund Emerging Markets Equity", "filerRelation": "Institution- Corporation", "moneyText": "", "startDate": "2020-08-24", "ownership": "D"}, {"maxAge": 1, "shares": 9877780, "filerUrl": "", "transactionText": "", "filerName": "BG Asia Pacific Holdings Pte Ltd", "filerRelation": "Promoter", "moneyText": "", "startDate": "2019-08-20", "ownership": "D"}, {"maxAge": 1, "shares": 1328855, "filerUrl": "", "transactionText": "", "filerName": "BG Asia Pacific Holdings Pte Ltd", "filerRelation": "Promoter", "moneyText": "", "startDate": "2018-08-23", "ownership": "D"}, {"maxAge": 1, "shares": 21237155, "filerUrl": "", "transactionText": "", "filerName": "BG Asia Pacific Holdings Pte Ltd", "filerRelation": "Promoter", "moneyText": "", "startDate": "2018-08-23", "ownership": "D"}, {"maxAge": 1, "shares": 8396075, "filerUrl": "", "transactionText": "", "filerName": "BG Asia Pacific Holdings Pte Ltd", "filerRelation": "Promoter", "moneyText": "", "startDate": "2018-04-11", "ownership": "D"}, {"maxAge": 1, "shares": 7408300, "filerUrl": "", "transactionText": "", "filerName": "BG Asia Pacific Holdings Pte Ltd", "filerRelation": "Promoter", "moneyText": "", "startDate": "2018-04-11", "ownership": "D"}, {"maxAge": 1, "shares": 0, "filerUrl": "", "transactionText": "", "filerName": "BG Asia Pacific Holdings Pte Ltd", "filerRelation": "Promoter", "moneyText": "", "startDate": "2018-04-11", "ownership": "I"}], "maxAge": 1}, "quoteType": {"exchange": "BSE", "quoteType": "EQUITY", "symbol": "MGL.BO", "underlyingSymbol": "MGL.BO", "shortName": "Mahanagar Gas Limited", "longName": "Mahanagar Gas Limited", "firstTradeDateEpochUtc": "2016-07-01 09:15:00", "timeZoneFullName": "Asia/Kolkata", "timeZoneShortName": "IST", "uuid": "0e80365b-16de-3974-9eb1-dd2a08019e18", "gmtOffSetMilliseconds": 19800000, "maxAge": 1}, "incomeStatementHistory": {"incomeStatementHistory": [{"maxAge": 1, "endDate": "2020-03-31", "totalRevenue": 29721281000, "costOfRevenue": 13818310000, "grossProfit": 15902971000, "researchDevelopment": {}, "sellingGeneralAdministrative": 1269099000, "nonRecurring": {}, "otherOperatingExpenses": 4083885000, "totalOperatingExpenses": 20789638000, "operatingIncome": 8931643000, "totalOtherIncomeExpenseNet": 903726000, "ebit": 8931643000, "interestExpense": -65250000, "incomeBeforeTax": 9835369000, "incomeTaxExpense": 1900271000, "minorityInterest": {}, "netIncomeFromContinuingOps": 7935098000, "discontinuedOperations": {}, "extraordinaryItems": {}, "effectOfAccountingCharges": {}, "otherItems": {}, "netIncome": 7935098000, "netIncomeApplicableToCommonShares": 7935098000}, {"maxAge": 1, "endDate": "2019-03-31", "totalRevenue": 27910734000, "costOfRevenue": 14046576000, "grossProfit": 13864158000, "researchDevelopment": {}, "sellingGeneralAdministrative": 708790000, "nonRecurring": {}, "otherOperatingExpenses": 4252389000, "totalOperatingExpenses": 20273343000, "operatingIncome": 7637391000, "totalOtherIncomeExpenseNet": 731731000, "ebit": 7637391000, "interestExpense": -3228000, "incomeBeforeTax": 8369122000, "incomeTaxExpense": 2905231000, "minorityInterest": {}, "netIncomeFromContinuingOps": 5463891000, "discontinuedOperations": {}, "extraordinaryItems": {}, "effectOfAccountingCharges": {}, "otherItems": {}, "netIncome": 5463891000, "netIncomeApplicableToCommonShares": 5463891000}, {"maxAge": 1, "endDate": "2018-03-31", "totalRevenue": 22330070000, "costOfRevenue": 10291155000, "grossProfit": 12038915000, "researchDevelopment": {}, "sellingGeneralAdministrative": 918095000, "nonRecurring": {}, "otherOperatingExpenses": 3293815000, "totalOperatingExpenses": 15615918000, "operatingIncome": 6714152000, "totalOtherIncomeExpenseNet": 550981000, "ebit": 6714152000, "interestExpense": -904000, "incomeBeforeTax": 7265133000, "incomeTaxExpense": 2486410000, "minorityInterest": {}, "netIncomeFromContinuingOps": 4778723000, "discontinuedOperations": {}, "extraordinaryItems": {}, "effectOfAccountingCharges": {}, "otherItems": {}, "netIncome": 4778723000, "netIncomeApplicableToCommonShares": 4778723000}, {"maxAge": 1, "endDate": "2017-03-31", "totalRevenue": 20339718000, "costOfRevenue": 10184022000, "grossProfit": 10155696000, "researchDevelopment": {}, "sellingGeneralAdministrative": 823259000, "nonRecurring": {}, "otherOperatingExpenses": 2870770000, "totalOperatingExpenses": 14839381000, "operatingIncome": 5500337000, "totalOtherIncomeExpenseNet": 506264000, "ebit": 5500337000, "interestExpense": -10211000, "incomeBeforeTax": 6006601000, "incomeTaxExpense": 2072326000, "minorityInterest": {}, "netIncomeFromContinuingOps": 3934275000, "discontinuedOperations": {}, "extraordinaryItems": {}, "effectOfAccountingCharges": {}, "otherItems": {}, "netIncome": 3934275000, "netIncomeApplicableToCommonShares": 3934275000}], "maxAge": 86400}, "fundOwnership": {"ownershipList": [{"maxAge": 1, "reportDate": "2020-07-31", "organization": "Fidelity Series Emerging Markets Opportunities Fund", "pctHeld": 0.0109, "position": 1079610, "value": 1052619750}, {"maxAge": 1, "reportDate": "2020-07-31", "organization": "Vanguard International Stock Index-Total Intl Stock Indx", "pctHeld": 0.0077, "position": 758058, "value": 739106550}, {"maxAge": 1, "reportDate": "2020-07-31", "organization": "Vanguard International Stock Index-Emerging Markets Stk", "pctHeld": 0.0054, "position": 534773, "value": 521403675}, {"maxAge": 1, "reportDate": "2020-07-31", "organization": "iShares Core MSCI Emerging Markets ETF", "pctHeld": 0.0036000002, "position": 355863, "value": 346966425}, {"maxAge": 1, "reportDate": "2020-06-30", "organization": "Morgan Stanley India Investment Fund", "pctHeld": 0.003, "position": 292675, "value": 308084338}, {"maxAge": 1, "reportDate": "2020-07-31", "organization": "Wells Fargo Emerging Markets Equity Income Fd", "pctHeld": 0.0026, "position": 257867, "value": 251420325}, {"maxAge": 1, "reportDate": "2020-07-31", "organization": "DFA Emerging Markets Small Cap Series", "pctHeld": 0.0025, "position": 249267, "value": 243035325}, {"maxAge": 1, "reportDate": "2020-07-31", "organization": "DFA Emerging Markets Core Equity Portfolio", "pctHeld": 0.0016, "position": 160796, "value": 156776100}, {"maxAge": 1, "reportDate": "2020-06-30", "organization": "Mercer Emerging Markets Equity  Fd", "pctHeld": 0.0015, "position": 153025, "value": 161081766}, {"maxAge": 1, "reportDate": "2020-07-31", "organization": "Vanguard Intl Equity Index Fds-FTSE All World ex U.S.Small Cap Index", "pctHeld": 0.0011, "position": 110197, "value": 107442075}], "maxAge": 1}, "summaryDetail": {"maxAge": 1, "priceHint": 2, "previousClose": 1098.6, "open": 1089.75, "dayLow": 1087.5, "dayHigh": 1143.0, "regularMarketPreviousClose": 1098.6, "regularMarketOpen": 1089.75, "regularMarketDayLow": 1087.5, "regularMarketDayHigh": 1143.0, "trailingPE": 16.628002, "forwardPE": 30.555252, "volume": 41929, "regularMarketVolume": 41929, "averageVolume": 57569, "averageVolume10days": 31049, "averageDailyVolume10Day": 31049, "bid": 1123.1, "ask": 1123.15, "bidSize": 0, "askSize": 0, "marketCap": 111226667008, "fiftyTwoWeekLow": 666.4, "fiftyTwoWeekHigh": 1240.0, "fiftyDayAverage": 1071.1788, "twoHundredDayAverage": 958.16064, "trailingAnnualDividendRate": 20.0, "trailingAnnualDividendYield": 0.018204989, "currency": "INR", "fromCurrency": null, "lastMarket": null, "algorithm": null, "tradeable": false}, "sectorTrend": {"maxAge": 1, "symbol": null, "estimates": []}, "incomeStatementHistoryQuarterly": {"incomeStatementHistory": [{"maxAge": 1, "endDate": "2020-06-30", "totalRevenue": 2617500000, "costOfRevenue": 988300000, "grossProfit": 1629200000, "researchDevelopment": {}, "sellingGeneralAdministrative": 246400000, "nonRecurring": {}, "otherOperatingExpenses": 582900000, "totalOperatingExpenses": 2240200000, "operatingIncome": 377300000, "totalOtherIncomeExpenseNet": 229900000, "ebit": 377300000, "interestExpense": -15300000, "incomeBeforeTax": 607200000, "incomeTaxExpense": 154700000, "minorityInterest": {}, "netIncomeFromContinuingOps": 452500000, "discontinuedOperations": {}, "extraordinaryItems": {}, "effectOfAccountingCharges": {}, "otherItems": {}, "netIncome": 452500000, "netIncomeApplicableToCommonShares": 452500000}, {"maxAge": 1, "endDate": "2020-03-31", "totalRevenue": 6865581000, "costOfRevenue": 3008210000, "grossProfit": 3857371000, "researchDevelopment": {}, "sellingGeneralAdministrative": 641999000, "nonRecurring": {}, "otherOperatingExpenses": 756385000, "totalOperatingExpenses": 4847638000, "operatingIncome": 2017943000, "totalOtherIncomeExpenseNet": 229226000, "ebit": 2017943000, "interestExpense": -20850000, "incomeBeforeTax": 2247169000, "incomeTaxExpense": 581271000, "minorityInterest": {}, "netIncomeFromContinuingOps": 1665898000, "discontinuedOperations": {}, "extraordinaryItems": {}, "effectOfAccountingCharges": {}, "otherItems": {}, "netIncome": 1665898000, "netIncomeApplicableToCommonShares": 1665898000}, {"maxAge": 1, "endDate": "2019-12-31", "totalRevenue": 7445000000, "costOfRevenue": 3543100000, "grossProfit": 3901900000, "researchDevelopment": {}, "sellingGeneralAdministrative": 191800000, "nonRecurring": {}, "otherOperatingExpenses": 1121500000, "totalOperatingExpenses": 5270900000, "operatingIncome": 2174100000, "totalOtherIncomeExpenseNet": 269500000, "ebit": 2174100000, "interestExpense": -16200000, "incomeBeforeTax": 2443600000, "incomeTaxExpense": 583100000, "minorityInterest": {}, "netIncomeFromContinuingOps": 1860500000, "discontinuedOperations": {}, "extraordinaryItems": {}, "effectOfAccountingCharges": {}, "otherItems": {}, "netIncome": 1860500000, "netIncomeApplicableToCommonShares": 1860500000}, {"maxAge": 1, "endDate": "2019-09-30", "totalRevenue": 7835800000, "costOfRevenue": 3784700000, "grossProfit": 4051100000, "researchDevelopment": {}, "sellingGeneralAdministrative": 191200000, "nonRecurring": {}, "otherOperatingExpenses": 1125800000, "totalOperatingExpenses": 5492700000, "operatingIncome": 2343100000, "totalOtherIncomeExpenseNet": 215300000, "ebit": 2343100000, "interestExpense": -14500000, "incomeBeforeTax": 2558400000, "incomeTaxExpense": -147800000, "minorityInterest": {}, "netIncomeFromContinuingOps": 2706200000, "discontinuedOperations": {}, "extraordinaryItems": {}, "effectOfAccountingCharges": {}, "otherItems": {}, "netIncome": 2706200000, "netIncomeApplicableToCommonShares": 2706200000}], "maxAge": 86400}, "cashflowStatementHistoryQuarterly": {"cashflowStatements": [{"maxAge": 1, "endDate": "2020-06-30", "netIncome": 452500000, "changeToLiabilities": 0}, {"maxAge": 1, "endDate": "2020-03-31", "netIncome": 1665898000, "changeToLiabilities": 0}, {"maxAge": 1, "endDate": "2019-12-31", "netIncome": 1860500000, "changeToLiabilities": 0}, {"maxAge": 1, "endDate": "2019-09-30", "netIncome": 2706200000, "changeToLiabilities": 0}], "maxAge": 86400}, "insiderHolders": {"holders": [{"maxAge": 1, "name": "BG Asia Pacific Holdings Pte Ltd", "relation": "Promoter", "url": "", "transactionDescription": "Sale", "latestTransDate": "2019-08-20", "positionDirect": 0, "positionDirectDate": "2019-08-20"}, {"maxAge": 1, "name": "Life Insurance Corpoation of India", "relation": "Institution- Corporation", "url": "", "transactionDescription": "Acquisition", "latestTransDate": "2020-10-20", "positionDirect": 4946334, "positionDirectDate": "2020-10-20"}, {"maxAge": 1, "name": "Vontobel Fund A/c Vontobel Fund Emerging Markets Equity", "relation": "Institution- Corporation", "url": "", "transactionDescription": "Acquisition", "latestTransDate": "2020-08-24", "positionDirect": 7064845, "positionDirectDate": "2020-08-24"}], "maxAge": 1}, "earnings": {"maxAge": 86400, "earningsChart": {"quarterly": [{"date": "4Q2017", "actual": 12.55, "estimate": 12.28}, {"date": "1Q2018", "actual": 10.61, "estimate": 12.85}, {"date": "2Q2018", "actual": 12.99, "estimate": 11.06}, {"date": "3Q2018", "actual": 13.8, "estimate": 13.59}], "currentQuarterEstimateDate": "4Q", "currentQuarterEstimateYear": 2018, "earningsDate": ["2020-08-07 05:30:S"]}, "financialsChart": {"yearly": [{"date": 2017, "revenue": 20339718000, "earnings": 3934275000}, {"date": 2018, "revenue": 22330070000, "earnings": 4778723000}, {"date": 2019, "revenue": 27910734000, "earnings": 5463891000}, {"date": 2020, "revenue": 29721281000, "earnings": 7935098000}], "quarterly": [{"date": "3Q2019", "revenue": 7835800000, "earnings": 2706200000}, {"date": "4Q2019", "revenue": 7445000000, "earnings": 1860500000}, {"date": "1Q2020", "revenue": 6865581000, "earnings": 1665898000}, {"date": "2Q2020", "revenue": 2617500000, "earnings": 452500000}]}, "financialCurrency": "INR"}, "calendarEvents": {"maxAge": 1, "earnings": {"earningsDate": ["2020-08-07 05:30:S"], "revenueAverage": 6551000000, "revenueLow": 6551000000, "revenueHigh": 6551000000}}, "upgradeDowngradeHistory": {"history": [], "maxAge": 86400}, "price": {"maxAge": 1, "regularMarketChangePercent": 0.024349172, "regularMarketChange": 26.75, "regularMarketTime": "2021-04-30 15:29:58", "priceHint": 2, "regularMarketPrice": 1125.35, "regularMarketDayHigh": 1143.0, "regularMarketDayLow": 1087.5, "regularMarketVolume": 41929, "averageDailyVolume10Day": 31049, "averageDailyVolume3Month": 57569, "regularMarketPreviousClose": 1098.6, "regularMarketSource": "FREE_REALTIME", "regularMarketOpen": 1089.75, "exchange": "BSE", "exchangeName": "BSE", "exchangeDataDelayedBy": 0, "marketState": "CLOSED", "quoteType": "EQUITY", "symbol": "MGL.BO", "underlyingSymbol": null, "shortName": "Mahanagar Gas Limited", "longName": "Mahanagar Gas Limited", "currency": "INR", "quoteSourceName": "Delayed Quote", "currencySymbol": "\u20b9", "fromCurrency": null, "lastMarket": null, "marketCap": 111226667008}, "balanceSheetHistory": {"balanceSheetStatements": [{"maxAge": 1, "endDate": "2020-03-31", "cash": 153760000, "shortTermInvestments": 4663320000, "netReceivables": 1185318000, "inventory": 185679000, "otherCurrentAssets": 408365000, "totalCurrentAssets": 15056742000, "propertyPlantEquipment": 25310891000, "intangibleAssets": 46352000, "otherAssets": 871029000, "totalAssets": 41285014000, "accountsPayable": 1317745000, "otherCurrentLiab": 7638362000, "otherLiab": 1796328000, "totalCurrentLiabilities": 9471995000, "totalLiab": 11758336000, "commonStock": 987778000, "retainedEarnings": 28538900000, "totalStockholderEquity": 29526678000, "netTangibleAssets": 29480326000}, {"maxAge": 1, "endDate": "2019-03-31", "cash": 265312000, "shortTermInvestments": 3901959000, "netReceivables": 1770243000, "inventory": 191179000, "otherCurrentAssets": 297668000, "totalCurrentAssets": 11740986000, "longTermInvestments": 3600000, "propertyPlantEquipment": 21284393000, "intangibleAssets": 46614000, "otherAssets": 1338251000, "totalAssets": 34410244000, "accountsPayable": 1524487000, "otherCurrentLiab": 6363060000, "otherLiab": 2209587000, "totalCurrentLiabilities": 8211956000, "totalLiab": 10421543000, "commonStock": 987778000, "retainedEarnings": 23000923000, "treasuryStock": 23000900000, "otherStockholderEquity": 23000900000, "totalStockholderEquity": 23988701000, "netTangibleAssets": 23942087000}, {"maxAge": 1, "endDate": "2018-03-31", "cash": 150154000, "shortTermInvestments": 2389888000, "netReceivables": 1199120000, "inventory": 239986000, "otherCurrentAssets": 363325000, "totalCurrentAssets": 9754992000, "propertyPlantEquipment": 18846819000, "intangibleAssets": 38908000, "otherAssets": 1461640000, "totalAssets": 30102359000, "accountsPayable": 1100269000, "otherCurrentLiab": 5853173000, "longTermDebt": 11951000, "otherLiab": 1904407000, "totalCurrentLiabilities": 7232538000, "totalLiab": 9148896000, "commonStock": 987778000, "retainedEarnings": 19965685000, "totalStockholderEquity": 20953463000, "netTangibleAssets": 20914555000}, {"maxAge": 1, "endDate": "2017-03-31", "cash": 73890000, "shortTermInvestments": 1286789000, "netReceivables": 1224204000, "inventory": 237634000, "otherCurrentAssets": 390488000, "totalCurrentAssets": 7945931000, "propertyPlantEquipment": 17118372000, "intangibleAssets": 44430000, "otherAssets": 1133762000, "totalAssets": 26242495000, "accountsPayable": 1200898000, "otherCurrentLiab": 4797001000, "longTermDebt": 27003000, "otherLiab": 1518294000, "totalCurrentLiabilities": 6296824000, "totalLiab": 7842121000, "commonStock": 987778000, "retainedEarnings": 17412596000, "totalStockholderEquity": 18400374000, "netTangibleAssets": 18355944000}], "maxAge": 86400}, "earningsTrend": {"trend": [{"maxAge": 1, "period": "0q", "endDate": "2018-12-31", "growth": {}, "earningsEstimate": {"avg": 0.0, "low": 0.0, "high": 0.0, "yearAgoEps": 12.55, "numberOfAnalysts": 0, "growth": {}}, "revenueEstimate": {"avg": 6551000000, "low": 6551000000, "high": 6551000000, "numberOfAnalysts": 1, "yearAgoRevenue": 5814100000, "growth": 0.127}, "epsTrend": {"current": 0.0, "7daysAgo": 13.72, "30daysAgo": 13.72, "60daysAgo": 13.72, "90daysAgo": 13.72}, "epsRevisions": {"upLast7days": 0, "upLast30days": 0, "downLast30days": 0, "downLast90days": {}}}, {"maxAge": 1, "period": "+1q", "endDate": "2019-03-31", "growth": {}, "earningsEstimate": {"avg": 0.0, "low": 0.0, "high": 0.0, "yearAgoEps": 10.61, "numberOfAnalysts": 0, "growth": {}}, "revenueEstimate": {"avg": 7082000000, "low": 7082000000, "high": 7082000000, "numberOfAnalysts": 1, "yearAgoRevenue": 5869800000, "growth": 0.207}, "epsTrend": {"current": 0.0, "7daysAgo": 13.72, "30daysAgo": 13.72, "60daysAgo": 13.72, "90daysAgo": 13.72}, "epsRevisions": {"upLast7days": 0, "upLast30days": 0, "downLast30days": 0, "downLast90days": {}}}, {"maxAge": 1, "period": "0y", "endDate": "2019-03-31", "growth": {}, "earningsEstimate": {"avg": 0.0, "low": 0.0, "high": 0.0, "yearAgoEps": {}, "numberOfAnalysts": 0, "growth": {}}, "revenueEstimate": {"avg": 27585000000, "low": 22515000000, "high": 34913000000, "numberOfAnalysts": 19, "yearAgoRevenue": 22330100000, "growth": 0.235}, "epsTrend": {"current": 0.0, "7daysAgo": 54.23, "30daysAgo": 54.23, "60daysAgo": 54.23, "90daysAgo": 54.23}, "epsRevisions": {"upLast7days": 0, "upLast30days": 0, "downLast30days": 0, "downLast90days": {}}}, {"maxAge": 1, "period": "+1y", "endDate": "2020-03-31", "growth": {}, "earningsEstimate": {"avg": 0.0, "low": 0.0, "high": 0.0, "yearAgoEps": {}, "numberOfAnalysts": 0, "growth": {}}, "revenueEstimate": {"avg": 30539800000, "low": 24714000000, "high": 39604000000, "numberOfAnalysts": 19, "yearAgoRevenue": 27585000000, "growth": 0.107}, "epsTrend": {"current": 0.0, "7daysAgo": 58.57, "30daysAgo": 58.57, "60daysAgo": 58.57, "90daysAgo": 58.57}, "epsRevisions": {"upLast7days": 0, "upLast30days": 0, "downLast30days": 0, "downLast90days": {}}}, {"maxAge": 1, "period": "+5y", "endDate": null, "growth": 0.587, "earningsEstimate": {"avg": {}, "low": {}, "high": {}, "yearAgoEps": {}, "numberOfAnalysts": {}, "growth": {}}, "revenueEstimate": {"avg": {}, "low": {}, "high": {}, "numberOfAnalysts": {}, "yearAgoRevenue": {}, "growth": {}}, "epsTrend": {"current": {}, "7daysAgo": {}, "30daysAgo": {}, "60daysAgo": {}, "90daysAgo": {}}, "epsRevisions": {"upLast7days": {}, "upLast30days": {}, "downLast30days": {}, "downLast90days": {}}}, {"maxAge": 1, "period": "-5y", "endDate": null, "growth": {}, "earningsEstimate": {"avg": {}, "low": {}, "high": {}, "yearAgoEps": {}, "numberOfAnalysts": {}, "growth": {}}, "revenueEstimate": {"avg": {}, "low": {}, "high": {}, "numberOfAnalysts": {}, "yearAgoRevenue": {}, "growth": {}}, "epsTrend": {"current": {}, "7daysAgo": {}, "30daysAgo": {}, "60daysAgo": {}, "90daysAgo": {}}, "epsRevisions": {"upLast7days": {}, "upLast30days": {}, "downLast30days": {}, "downLast90days": {}}}], "maxAge": 1}, "financialData": {"maxAge": 86400, "currentPrice": 1125.35, "targetHighPrice": 1290.0, "targetLowPrice": 730.0, "targetMeanPrice": 1049.81, "targetMedianPrice": 1075.0, "recommendationKey": "none", "numberOfAnalystOpinions": 21, "grossProfits": 15902971000, "financialCurrency": "INR"}}}