{"MGL.NS": {"assetProfile": {"address1": "MGL House", "address2": "Block G-33 Bandra-Kurla Complex Bandra (East)", "city": "Mumbai", "zip": "400051", "country": "India", "phone": "91 22 6678 5000", "fax": "91 22 2652 8925", "website": "http://www.mahanagargas.com", "industry": "Utilities\u2014Regulated Gas", "sector": "Utilities", "longBusinessSummary": "Mahanagar Gas Limited operates as a natural gas distribution company primarily in India. The company offers domestic piped natural gas (PNG), commercial PNG, industrial PNG, and compressed natural gas (CNG), as well as manufactures gas geysers. As of March 31, 2020, it operated 256 CNG filing stations providing the gas to approximately 0.75 million vehicles; and supplied PNG to approximately 1.26 million domestic, 3,949 commercial, and 72 industrial consumers through a pipeline network of approximately 5,630 kilometers. Mahanagar Gas Limited was founded in 1995 and is based in Mumbai, India.", "fullTimeEmployees": 493, "companyOfficers": [{"maxAge": 1, "name": "Mr. Sanjib  Datta", "age": 58, "title": "MD & Director", "yearBorn": 1962, "fiscalYear": 2020, "totalPay": 9102153, "exercisedValue": 0, "unexercisedValue": 0}, {"maxAge": 1, "name": "Mr. Sunil M. Ranade", "age": 58, "title": "Chief Financial Officer", "yearBorn": 1962, "fiscalYear": 2020, "totalPay": 8597000, "exercisedValue": 0, "unexercisedValue": 0}, {"maxAge": 1, "name": "Mr. Srinivasan  Murali", "age": 56, "title": "Sr. VP of Operations & Maintenance", "yearBorn": 1964, "exercisedValue": 0, "unexercisedValue": 0}, {"maxAge": 1, "name": "Mr. Rajesh P. Wagle", "age": 54, "title": "Sr. VP of Marketing", "yearBorn": 1966, "exercisedValue": 0, "unexercisedValue": 0}, {"maxAge": 1, "name": "Mr. Chakrapani  Atmakur", "age": 53, "title": "VP of HR & Corp. Social Responsibility", "yearBorn": 1967, "exercisedValue": 0, "unexercisedValue": 0}, {"maxAge": 1, "name": "Mr. T. L. Sharnagat", "age": 51, "title": "VP of Contracts & Procurement and Chief Risk Officer", "yearBorn": 1969, "exercisedValue": 0, "unexercisedValue": 0}, {"maxAge": 1, "name": "Mr. Rajesh  Patel", "age": 50, "title": "VP of Fin.", "yearBorn": 1970, "exercisedValue": 0, "unexercisedValue": 0}, {"maxAge": 1, "name": "Mr. Gurvinder Singh Anand", "age": 50, "title": "VP of Projects", "yearBorn": 1970, "exercisedValue": 0, "unexercisedValue": 0}, {"maxAge": 1, "name": "Mr. Atul  Prabhu", "title": "GM of IA & Vigilance, Company Sec. and Compliance Officer", "exercisedValue": 0, "unexercisedValue": 0}, {"maxAge": 1, "name": "Ramesh  Narayanan", "age": 56, "title": "AVP of Revenue & Taxation", "yearBorn": 1964, "exercisedValue": 0, "unexercisedValue": 0}], "compensationAsOfEpochDate": "2020-12-31 05:30:00", "maxAge": 86400}, "recommendationTrend": {"trend": [{"period": "0m", "strongBuy": 0, "buy": 0, "hold": 0, "sell": 0, "strongSell": 0}, {"period": "-1m", "strongBuy": 0, "buy": 0, "hold": 0, "sell": 0, "strongSell": 0}, {"period": "-2m", "strongBuy": 0, "buy": 0, "hold": 0, "sell": 0, "strongSell": 0}, {"period": "-3m", "strongBuy": 0, "buy": 0, "hold": 0, "sell": 0, "strongSell": 0}], "maxAge": 86400}, "cashflowStatementHistory": {"cashflowStatements": [{"maxAge": 1, "endDate": "2020-03-31", "netIncome": 7935098000, "depreciation": 1600101000, "changeToNetincome": -1099742000, "changeToAccountReceivables": 294014000, "changeToLiabilities": -207432000, "changeToInventory": 9942000, "changeToOperatingActivities": 1277084000, "totalCashFromOperatingActivities": 9826226000, "capitalExpenditures": -4348887000, "investments": -3764701000, "otherCashflowsFromInvestingActivities": 474644000, "totalCashflowsFromInvestingActivities": -7522241000, "dividendsPaid": -2183250000, "netBorrowings": -157876000, "otherCashflowsFromFinancingActivities": -74411000, "totalCashFromFinancingActivities": -2415537000, "changeInCash": -111552000}, {"maxAge": 1, "endDate": "2019-03-31", "netIncome": 5463891000, "depreciation": 1243065000, "changeToNetincome": -242740000, "changeToAccountReceivables": -115204000, "changeToLiabilities": 431665000, "changeToInventory": -3340000, "changeToOperatingActivities": 52843000, "totalCashFromOperatingActivities": 6846422000, "capitalExpenditures": -3627331000, "investments": -1138459000, "otherCashflowsFromInvestingActivities": 377494000, "totalCashflowsFromInvestingActivities": -4385632000, "dividendsPaid": -2330241000, "netBorrowings": -11951000, "otherCashflowsFromFinancingActivities": -3440000, "totalCashFromFinancingActivities": -2345632000, "changeInCash": 115158000}, {"maxAge": 1, "endDate": "2018-03-31", "netIncome": 4778723000, "depreciation": 1098984000, "changeToNetincome": -191095000, "changeToAccountReceivables": 50009000, "changeToLiabilities": -106623000, "changeToInventory": -2352000, "changeToOperatingActivities": 880810000, "totalCashFromOperatingActivities": 6521318000, "capitalExpenditures": -2690289000, "investments": -1793851000, "otherCashflowsFromInvestingActivities": 295834000, "totalCashflowsFromInvestingActivities": -4186648000, "dividendsPaid": -1857717000, "netBorrowings": -15052000, "otherCashflowsFromFinancingActivities": -385637000, "totalCashFromFinancingActivities": -2258406000, "changeInCash": 76264000}, {"maxAge": 1, "endDate": "2017-03-31", "netIncome": 3934275000, "depreciation": 928813000, "changeToNetincome": -164279000, "changeToAccountReceivables": -34175000, "changeToLiabilities": 29248000, "changeToInventory": -57366000, "changeToOperatingActivities": 663644000, "totalCashFromOperatingActivities": 5322667000, "capitalExpenditures": -2545215000, "investments": -355640000, "otherCashflowsFromInvestingActivities": 267221000, "totalCashflowsFromInvestingActivities": -2633088000, "dividendsPaid": -1669767000, "netBorrowings": -18318000, "otherCashflowsFromFinancingActivities": -479451000, "totalCashFromFinancingActivities": -2837598000, "changeInCash": -148019000}], "maxAge": 86400}, "indexTrend": {"maxAge": 1, "symbol": "SP5", "peRatio": 19.7411, "pegRatio": 1.34172, "estimates": [{"period": "0q", "growth": 0.549}, {"period": "+1q", "growth": 0.431}, {"period": "0y", "growth": 0.305}, {"period": "+1y", "growth": 0.109}, {"period": "+5y", "growth": 0.120865}, {"period": "-5y"}]}, "defaultKeyStatistics": {"maxAge": 1, "priceHint": 2, "enterpriseValue": 96199974912, "forwardPE": 20.084776, "profitMargins": 0.27029, "floatShares": 56796612, "sharesOutstanding": 98777800, "heldPercentInsiders": 0.43852, "heldPercentInstitutions": 0.36451998, "beta": 0.736447, "category": null, "bookValue": 292.475, "priceToBook": 3.8476791, "fundFamily": null, "legalType": null, "lastFiscalYearEnd": "2020-03-31 05:30:00", "nextFiscalYearEnd": "2022-03-31 05:30:00", "mostRecentQuarter": "2020-12-31 05:30:00", "earningsQuarterlyGrowth": 0.167, "netIncomeToCommon": 5733998080, "trailingEps": 58.04, "forwardEps": 56.03, "pegRatio": 0.28, "lastSplitFactor": null, "enterpriseToRevenue": 4.535, "enterpriseToEbitda": 11.402}, "industryTrend": {"maxAge": 1, "symbol": null, "estimates": []}, "quoteType": {"exchange": "NSI", "quoteType": "EQUITY", "symbol": "MGL.NS", "underlyingSymbol": "MGL.NS", "shortName": "MAHANAGAR GAS LTD", "longName": "Mahanagar Gas Limited", "firstTradeDateEpochUtc": "2016-07-01 09:15:00", "timeZoneFullName": "Asia/Kolkata", "timeZoneShortName": "IST", "uuid": "aec9b20c-012f-346b-8e89-a6b8bc6aaf31", "gmtOffSetMilliseconds": 19800000, "maxAge": 1}, "incomeStatementHistory": {"incomeStatementHistory": [{"maxAge": 1, "endDate": "2020-03-31", "totalRevenue": 29721281000, "costOfRevenue": 13818310000, "grossProfit": 15902971000, "researchDevelopment": {}, "sellingGeneralAdministrative": 1269099000, "nonRecurring": {}, "otherOperatingExpenses": 4083885000, "totalOperatingExpenses": 20789638000, "operatingIncome": 8931643000, "totalOtherIncomeExpenseNet": 903726000, "ebit": 8931643000, "interestExpense": -65250000, "incomeBeforeTax": 9835369000, "incomeTaxExpense": 1900271000, "minorityInterest": {}, "netIncomeFromContinuingOps": 7935098000, "discontinuedOperations": {}, "extraordinaryItems": {}, "effectOfAccountingCharges": {}, "otherItems": {}, "netIncome": 7935098000, "netIncomeApplicableToCommonShares": 7935098000}, {"maxAge": 1, "endDate": "2019-03-31", "totalRevenue": 27910734000, "costOfRevenue": 14046576000, "grossProfit": 13864158000, "researchDevelopment": {}, "sellingGeneralAdministrative": 708790000, "nonRecurring": {}, "otherOperatingExpenses": 4252389000, "totalOperatingExpenses": 20273343000, "operatingIncome": 7637391000, "totalOtherIncomeExpenseNet": 731731000, "ebit": 7637391000, "interestExpense": -3228000, "incomeBeforeTax": 8369122000, "incomeTaxExpense": 2905231000, "minorityInterest": {}, "netIncomeFromContinuingOps": 5463891000, "discontinuedOperations": {}, "extraordinaryItems": {}, "effectOfAccountingCharges": {}, "otherItems": {}, "netIncome": 5463891000, "netIncomeApplicableToCommonShares": 5463891000}, {"maxAge": 1, "endDate": "2018-03-31", "totalRevenue": 22330070000, "costOfRevenue": 10291155000, "grossProfit": 12038915000, "researchDevelopment": {}, "sellingGeneralAdministrative": 918095000, "nonRecurring": {}, "otherOperatingExpenses": 3293815000, "totalOperatingExpenses": 15615918000, "operatingIncome": 6714152000, "totalOtherIncomeExpenseNet": 550981000, "ebit": 6714152000, "interestExpense": -904000, "incomeBeforeTax": 7265133000, "incomeTaxExpense": 2486410000, "minorityInterest": {}, "netIncomeFromContinuingOps": 4778723000, "discontinuedOperations": {}, "extraordinaryItems": {}, "effectOfAccountingCharges": {}, "otherItems": {}, "netIncome": 4778723000, "netIncomeApplicableToCommonShares": 4778723000}, {"maxAge": 1, "endDate": "2017-03-31", "totalRevenue": 20339718000, "costOfRevenue": 10184022000, "grossProfit": 10155696000, "researchDevelopment": {}, "sellingGeneralAdministrative": 823259000, "nonRecurring": {}, "otherOperatingExpenses": 2870770000, "totalOperatingExpenses": 14839381000, "operatingIncome": 5500337000, "totalOtherIncomeExpenseNet": 506264000, "ebit": 5500337000, "interestExpense": -10211000, "incomeBeforeTax": 6006601000, "incomeTaxExpense": 2072326000, "minorityInterest": {}, "netIncomeFromContinuingOps": 3934275000, "discontinuedOperations": {}, "extraordinaryItems": {}, "effectOfAccountingCharges": {}, "otherItems": {}, "netIncome": 3934275000, "netIncomeApplicableToCommonShares": 3934275000}], "maxAge": 86400}, "fundOwnership": {"ownershipList": [{"maxAge": 1, "reportDate": "2021-02-28", "organization": "Fidelity Series Emerging Markets Opportunities Fund", "pctHeld": 0.0312, "position": 3081434, "value": 3569533145}, {"maxAge": 1, "reportDate": "2021-01-31", "organization": "Vanguard International Stock Index-Emerging Markets Stk", "pctHeld": 0.0064, "position": 636883, "value": 659237593}, {"maxAge": 1, "reportDate": "2021-01-31", "organization": "Vanguard International Stock Index-Total Intl Stock Indx", "pctHeld": 0.0064, "position": 627627, "value": 649656707}, {"maxAge": 1, "reportDate": "2021-03-31", "organization": "iShares Core MSCI Emerging Markets ETF", "pctHeld": 0.0058, "position": 576359, "value": 673734853}, {"maxAge": 1, "reportDate": "2020-12-31", "organization": "Morgan Stanley India Investment Fund", "pctHeld": 0.003, "position": 292675, "value": 310586710}, {"maxAge": 1, "reportDate": "2021-02-28", "organization": "Wells Fargo Emerging Markets Equity Income Fd", "pctHeld": 0.0029, "position": 288115, "value": 333752416}, {"maxAge": 1, "reportDate": "2020-12-31", "organization": "Fidelity Central Investment Port-Emerging Markets Equity Central Fd", "pctHeld": 0.0023999999, "position": 234029, "value": 248351574}, {"maxAge": 1, "reportDate": "2021-01-31", "organization": "DFA Emerging Markets Small Cap Series", "pctHeld": 0.002, "position": 195326, "value": 202181942}, {"maxAge": 1, "reportDate": "2021-02-28", "organization": "WisdomTree Tr-WisdomTree Emerging Markets Small Cap Dividend Fund", "pctHeld": 0.0019, "position": 191219, "value": 221508089}, {"maxAge": 1, "reportDate": "2021-01-31", "organization": "DFA Emerging Markets Core Equity Portfolio", "pctHeld": 0.0016, "position": 160796, "value": 166439939}], "maxAge": 1}, "summaryDetail": {"maxAge": 1, "priceHint": 2, "previousClose": 1097.55, "open": 1097.55, "dayLow": 1087.6, "dayHigh": 1143.75, "regularMarketPreviousClose": 1097.55, "regularMarketOpen": 1097.55, "regularMarketDayLow": 1087.6, "regularMarketDayHigh": 1143.75, "dividendRate": 19.5, "dividendYield": 0.0176, "exDividendDate": "2021-02-18 05:30:00", "payoutRatio": 0.3446, "beta": 0.736447, "trailingPE": 19.389214, "forwardPE": 20.084776, "volume": 583986, "regularMarketVolume": 583986, "averageVolume": 803930, "averageVolume10days": 434963, "averageDailyVolume10Day": 434963, "bid": 0.0, "ask": 0.0, "bidSize": 0, "askSize": 0, "marketCap": 111159590912, "fiftyTwoWeekLow": 779.65, "fiftyTwoWeekHigh": 1257.0, "priceToSalesTrailing12Months": 5.239847, "fiftyDayAverage": 1163.9764, "twoHundredDayAverage": 1014.539, "trailingAnnualDividendRate": 19.5, "trailingAnnualDividendYield": 0.017766843, "currency": "INR", "fromCurrency": null, "lastMarket": null, "algorithm": null, "tradeable": false}, "insiderHolders": {"holders": [{"maxAge": 1, "name": "BG Asia Pacific Holdings Pte Ltd", "relation": "Promoter", "url": "", "transactionDescription": "Sale", "latestTransDate": "2019-08-20", "positionDirect": 0, "positionDirectDate": "2019-08-20"}, {"maxAge": 1, "name": "Life Insurance Corpoation of India", "relation": "Institution- Corporation", "url": "", "transactionDescription": "Acquisition", "latestTransDate": "2020-10-20", "positionDirect": 4946334, "positionDirectDate": "2020-10-20"}], "maxAge": 1}, "calendarEvents": {"maxAge": 1, "earnings": {"earningsDate": ["2019-01-29 05:30:S"], "earningsAverage": 12.3, "earningsLow": 12.3, "earningsHigh": 12.3, "revenueAverage": 6100000000, "revenueLow": 5969000000, "revenueHigh": 6222000000}, "exDividendDate": "2021-02-18 05:30:00"}, "upgradeDowngradeHistory": {"history": [], "maxAge": 86400}, "price": {"maxAge": 1, "regularMarketChangePercent": 0.025329076, "regularMarketChange": 27.799927, "regularMarketTime": "2021-04-30 15:29:58", "priceHint": 2, "regularMarketPrice": 1125.35, "regularMarketDayHigh": 1143.75, "regularMarketDayLow": 1087.6, "regularMarketVolume": 583986, "averageDailyVolume10Day": 434963, "averageDailyVolume3Month": 803930, "regularMarketPreviousClose": 1097.55, "regularMarketSource": "FREE_REALTIME", "regularMarketOpen": 1097.55, "exchange": "NSI", "exchangeName": "NSE", "exchangeDataDelayedBy": 15, "marketState": "CLOSED", "quoteType": "EQUITY", "symbol": "MGL.NS", "underlyingSymbol": null, "shortName": "MAHANAGAR GAS LTD", "longName": "Mahanagar Gas Limited", "currency": "INR", "quoteSourceName": "Delayed Quote", "currencySymbol": "\u20b9", "fromCurrency": null, "lastMarket": null, "marketCap": 111159590912}, "balanceSheetHistory": {"balanceSheetStatements": [{"maxAge": 1, "endDate": "2020-03-31", "cash": 153760000, "shortTermInvestments": 4663320000, "netReceivables": 1185318000, "inventory": 185679000, "otherCurrentAssets": 408365000, "totalCurrentAssets": 15056742000, "propertyPlantEquipment": 25310891000, "intangibleAssets": 46352000, "otherAssets": 871029000, "totalAssets": 41285014000, "accountsPayable": 1317745000, "otherCurrentLiab": 7638362000, "otherLiab": 1796328000, "totalCurrentLiabilities": 9471995000, "totalLiab": 11758336000, "commonStock": 987778000, "retainedEarnings": 28538900000, "totalStockholderEquity": 29526678000, "netTangibleAssets": 29480326000}, {"maxAge": 1, "endDate": "2019-03-31", "cash": 265312000, "shortTermInvestments": 3901959000, "netReceivables": 1770243000, "inventory": 191179000, "otherCurrentAssets": 297668000, "totalCurrentAssets": 11740986000, "longTermInvestments": 3600000, "propertyPlantEquipment": 21284393000, "intangibleAssets": 46614000, "otherAssets": 1338251000, "totalAssets": 34410244000, "accountsPayable": 1524487000, "otherCurrentLiab": 6363060000, "otherLiab": 2209587000, "totalCurrentLiabilities": 8211956000, "totalLiab": 10421543000, "commonStock": 987778000, "retainedEarnings": 23000923000, "treasuryStock": 23000900000, "otherStockholderEquity": 23000900000, "totalStockholderEquity": 23988701000, "netTangibleAssets": 23942087000}, {"maxAge": 1, "endDate": "2018-03-31", "cash": 150154000, "shortTermInvestments": 2389888000, "netReceivables": 1199120000, "inventory": 239986000, "otherCurrentAssets": 363325000, "totalCurrentAssets": 9754992000, "propertyPlantEquipment": 18846819000, "intangibleAssets": 38908000, "otherAssets": 1461640000, "totalAssets": 30102359000, "accountsPayable": 1100269000, "otherCurrentLiab": 5853173000, "longTermDebt": 11951000, "otherLiab": 1904407000, "totalCurrentLiabilities": 7232538000, "totalLiab": 9148896000, "commonStock": 987778000, "retainedEarnings": 19965685000, "totalStockholderEquity": 20953463000, "netTangibleAssets": 20914555000}, {"maxAge": 1, "endDate": "2017-03-31", "cash": 73890000, "shortTermInvestments": 1286789000, "netReceivables": 1224204000, "inventory": 237634000, "otherCurrentAssets": 390488000, "totalCurrentAssets": 7945931000, "propertyPlantEquipment": 17118372000, "intangibleAssets": 44430000, "otherAssets": 1133762000, "totalAssets": 26242495000, "accountsPayable": 1200898000, "otherCurrentLiab": 4797001000, "longTermDebt": 27003000, "otherLiab": 1518294000, "totalCurrentLiabilities": 6296824000, "totalLiab": 7842121000, "commonStock": 987778000, "retainedEarnings": 17412596000, "totalStockholderEquity": 18400374000, "netTangibleAssets": 18355944000}], "maxAge": 86400}, "earningsTrend": {"trend": [{"maxAge": 1, "period": "0q", "endDate": "2018-06-30", "growth": -0.023, "earningsEstimate": {"avg": 12.3, "low": 12.3, "high": 12.3, "yearAgoEps": 12.59, "numberOfAnalysts": 1, "growth": -0.023}, "revenueEstimate": {"avg": 6100000000, "low": 5969000000, "high": 6222000000, "numberOfAnalysts": 3, "yearAgoRevenue": 5948600000, "growth": 0.025}, "epsTrend": {"current": 12.3, "7daysAgo": 0.0, "30daysAgo": 0.0, "60daysAgo": 0.0, "90daysAgo": 0.0}, "epsRevisions": {"upLast7days": 0, "upLast30days": 0, "downLast30days": 0, "downLast90days": {}}}, {"maxAge": 1, "period": "+1q", "endDate": "2018-09-30", "growth": {}, "earningsEstimate": {"avg": 0.0, "low": 0.0, "high": 0.0, "yearAgoEps": 12.63, "numberOfAnalysts": 0, "growth": {}}, "revenueEstimate": {"avg": 0, "low": 0, "high": 0, "numberOfAnalysts": 0, "yearAgoRevenue": {}, "growth": {}}, "epsTrend": {"current": 0.0, "7daysAgo": 0.0, "30daysAgo": 0.0, "60daysAgo": 0.0, "90daysAgo": 0.0}, "epsRevisions": {"upLast7days": 0, "upLast30days": 0, "downLast30days": 0, "downLast90days": {}}}, {"maxAge": 1, "period": "0y", "endDate": "2019-03-31", "growth": 0.092, "earningsEstimate": {"avg": 52.85, "low": 45.1, "high": 67.14, "yearAgoEps": 48.38, "numberOfAnalysts": 19, "growth": 0.092}, "revenueEstimate": {"avg": 26102100000, "low": 23686000000, "high": 31644000000, "numberOfAnalysts": 19, "yearAgoRevenue": 22330100000, "growth": 0.169}, "epsTrend": {"current": 52.85, "7daysAgo": 53.09, "30daysAgo": 53.09, "60daysAgo": 54.32, "90daysAgo": 54.53}, "epsRevisions": {"upLast7days": 0, "upLast30days": 0, "downLast30days": 1, "downLast90days": {}}}, {"maxAge": 1, "period": "+1y", "endDate": "2020-03-31", "growth": 0.06, "earningsEstimate": {"avg": 56.03, "low": 46.6, "high": 72.21, "yearAgoEps": 52.85, "numberOfAnalysts": 17, "growth": 0.06}, "revenueEstimate": {"avg": 28479900000, "low": 25210000000, "high": 35209000000, "numberOfAnalysts": 17, "yearAgoRevenue": 26102100000, "growth": 0.091000006}, "epsTrend": {"current": 56.03, "7daysAgo": 56.29, "30daysAgo": 56.29, "60daysAgo": 57.72, "90daysAgo": 58.06}, "epsRevisions": {"upLast7days": 0, "upLast30days": 0, "downLast30days": 1, "downLast90days": {}}}, {"maxAge": 1, "period": "+5y", "endDate": null, "growth": 0.543, "earningsEstimate": {"avg": {}, "low": {}, "high": {}, "yearAgoEps": {}, "numberOfAnalysts": {}, "growth": {}}, "revenueEstimate": {"avg": {}, "low": {}, "high": {}, "numberOfAnalysts": {}, "yearAgoRevenue": {}, "growth": {}}, "epsTrend": {"current": {}, "7daysAgo": {}, "30daysAgo": {}, "60daysAgo": {}, "90daysAgo": {}}, "epsRevisions": {"upLast7days": {}, "upLast30days": {}, "downLast30days": {}, "downLast90days": {}}}, {"maxAge": 1, "period": "-5y", "endDate": null, "growth": {}, "earningsEstimate": {"avg": {}, "low": {}, "high": {}, "yearAgoEps": {}, "numberOfAnalysts": {}, "growth": {}}, "revenueEstimate": {"avg": {}, "low": {}, "high": {}, "numberOfAnalysts": {}, "yearAgoRevenue": {}, "growth": {}}, "epsTrend": {"current": {}, "7daysAgo": {}, "30daysAgo": {}, "60daysAgo": {}, "90daysAgo": {}}, "epsRevisions": {"upLast7days": {}, "upLast30days": {}, "downLast30days": {}, "downLast90days": {}}}], "maxAge": 1}, "institutionOwnership": {"ownershipList": [], "maxAge": 1}, "majorHoldersBreakdown": {"maxAge": 1, "insidersPercentHeld": 0.43852, "institutionsPercentHeld": 0.36451998, "institutionsFloatPercentHeld": 0.64919996, "institutionsCount": 77}, "balanceSheetHistoryQuarterly": {"balanceSheetStatements": [{"maxAge": 1, "endDate": "2020-12-31", "totalStockholderEquity": 28895200000, "netTangibleAssets": 28839100000}, {"maxAge": 1, "endDate": "2020-09-30", "cash": 6444800000, "shortTermInvestments": 9144700000, "netReceivables": 1427600000, "inventory": 213600000, "otherCurrentAssets": 138900000, "totalCurrentAssets": 17369600000, "propertyPlantEquipment": 25080200000, "intangibleAssets": 56100000, "otherAssets": 1042900000, "totalAssets": 43548800000, "accountsPayable": 1395600000, "otherCurrentLiab": 10644900000, "otherLiab": 1872800000, "totalCurrentLiabilities": 12331200000, "totalLiab": 14653600000, "commonStock": 987800000, "retainedEarnings": 27907400000, "totalStockholderEquity": 28895200000, "netTangibleAssets": 28839100000}, {"maxAge": 1, "endDate": "2020-06-30", "totalStockholderEquity": 29526700000, "netTangibleAssets": 29480300000}, {"maxAge": 1, "endDate": "2020-03-31", "cash": 153760000, "shortTermInvestments": 4663320000, "netReceivables": 1185318000, "inventory": 185679000, "otherCurrentAssets": 408365000, "totalCurrentAssets": 15056742000, "propertyPlantEquipment": 25310891000, "intangibleAssets": 46352000, "otherAssets": 871029000, "totalAssets": 41285014000, "accountsPayable": 1317745000, "otherCurrentLiab": 7638362000, "otherLiab": 1796328000, "totalCurrentLiabilities": 9471995000, "totalLiab": 11758336000, "commonStock": 987778000, "retainedEarnings": 28538900000, "totalStockholderEquity": 29526678000, "netTangibleAssets": 29480326000}], "maxAge": 86400}, "earningsHistory": {"history": [{"maxAge": 1, "epsActual": 12.59, "epsEstimate": 10.37, "epsDifference": 2.22, "surprisePercent": 0.214, "quarter": "2017-06-30", "period": "-4q"}, {"maxAge": 1, "epsActual": 12.63, "epsEstimate": 12.83, "epsDifference": -0.2, "surprisePercent": -0.016, "quarter": "2017-09-30", "period": "-3q"}, {"maxAge": 1, "epsActual": 12.55, "epsEstimate": 12.28, "epsDifference": 0.27, "surprisePercent": 0.022, "quarter": "2017-12-31", "period": "-2q"}, {"maxAge": 1, "epsActual": 10.61, "epsEstimate": 12.85, "epsDifference": -2.24, "surprisePercent": -0.174, "quarter": "2018-03-31", "period": "-1q"}], "maxAge": 86400}, "summaryProfile": {"address1": "MGL House", "address2": "Block G-33 Bandra-Kurla Complex Bandra (East)", "city": "Mumbai", "zip": "400051", "country": "India", "phone": "91 22 6678 5000", "fax": "91 22 2652 8925", "website": "http://www.mahanagargas.com", "industry": "Utilities\u2014Regulated Gas", "sector": "Utilities", "longBusinessSummary": "Mahanagar Gas Limited operates as a natural gas distribution company primarily in India. The company offers domestic piped natural gas (PNG), commercial PNG, industrial PNG, and compressed natural gas (CNG), as well as manufactures gas geysers. As of March 31, 2020, it operated 256 CNG filing stations providing the gas to approximately 0.75 million vehicles; and supplied PNG to approximately 1.26 million domestic, 3,949 commercial, and 72 industrial consumers through a pipeline network of approximately 5,630 kilometers. Mahanagar Gas Limited was founded in 1995 and is based in Mumbai, India.", "fullTimeEmployees": 493, "companyOfficers": [], "maxAge": 86400}, "netSharePurchaseActivity": {"maxAge": 1, "period": "6m", "buyInfoCount": 0, "buyInfoShares": 0, "sellInfoCount": 0, "netInfoCount": 0, "netInfoShares": 0, "netPercentInsiderShares": 0.0, "totalInsiderShares": 43315568}, "insiderTransactions": {"transactions": [{"maxAge": 1, "shares": 50000, "filerUrl": "", "transactionText": "", "filerName": "Life Insurance Corpoation of India", "filerRelation": "Institution- Corporation", "moneyText": "", "startDate": "2020-10-20", "ownership": "D"}, {"maxAge": 1, "shares": 9877780, "filerUrl": "", "transactionText": "", "filerName": "BG Asia Pacific Holdings Pte Ltd", "filerRelation": "Promoter", "moneyText": "", "startDate": "2019-08-20", "ownership": "D"}, {"maxAge": 1, "shares": 1328855, "filerUrl": "", "transactionText": "", "filerName": "BG Asia Pacific Holdings Pte Ltd", "filerRelation": "Promoter", "moneyText": "", "startDate": "2018-08-23", "ownership": "D"}, {"maxAge": 1, "shares": 21237155, "filerUrl": "", "transactionText": "", "filerName": "BG Asia Pacific Holdings Pte Ltd", "filerRelation": "Promoter", "moneyText": "", "startDate": "2018-08-23", "ownership": "D"}, {"maxAge": 1, "shares": 8396075, "filerUrl": "", "transactionText": "", "filerName": "BG Asia Pacific Holdings Pte Ltd", "filerRelation": "Promoter", "moneyText": "", "startDate": "2018-04-11", "ownership": "D"}, {"maxAge": 1, "shares": 7408300, "filerUrl": "", "transactionText": "", "filerName": "BG Asia Pacific Holdings Pte Ltd", "filerRelation": "Promoter", "moneyText": "", "startDate": "2018-04-11", "ownership": "D"}, {"maxAge": 1, "shares": 0, "filerUrl": "", "transactionText": "", "filerName": "BG Asia Pacific Holdings Pte Ltd", "filerRelation": "Promoter", "moneyText": "", "startDate": "2018-04-11", "ownership": "I"}], "maxAge": 1}, "sectorTrend": {"maxAge": 1, "symbol": null, "estimates": []}, "incomeStatementHistoryQuarterly": {"incomeStatementHistory": [{"maxAge": 1, "endDate": "2020-12-31", "totalRevenue": 6664000000, "costOfRevenue": 2144200000, "grossProfit": 4519800000, "researchDevelopment": {}, "sellingGeneralAdministrative": 199100000, "nonRecurring": {}, "otherOperatingExpenses": 1153500000, "totalOperatingExpenses": 3938000000, "operatingIncome": 2726000000, "totalOtherIncomeExpenseNet": 186700000, "ebit": 2726000000, "interestExpense": -17200000, "incomeBeforeTax": 2912700000, "incomeTaxExpense": 740600000, "minorityInterest": {}, "netIncomeFromContinuingOps": 2172100000, "discontinuedOperations": {}, "extraordinaryItems": {}, "effectOfAccountingCharges": {}, "otherItems": {}, "netIncome": 2172100000, "netIncomeApplicableToCommonShares": 2172100000}, {"maxAge": 1, "endDate": "2020-09-30", "totalRevenue": 5067300000, "costOfRevenue": 1770600000, "grossProfit": 3296700000, "researchDevelopment": {}, "sellingGeneralAdministrative": 248100000, "nonRecurring": {}, "otherOperatingExpenses": 837700000, "totalOperatingExpenses": 3281000000, "operatingIncome": 1786300000, "totalOtherIncomeExpenseNet": 164000000, "ebit": 1786300000, "interestExpense": -20300000, "incomeBeforeTax": 1950300000, "incomeTaxExpense": 506900000, "minorityInterest": {}, "netIncomeFromContinuingOps": 1443400000, "discontinuedOperations": {}, "extraordinaryItems": {}, "effectOfAccountingCharges": {}, "otherItems": {}, "netIncome": 1443400000, "netIncomeApplicableToCommonShares": 1443400000}, {"maxAge": 1, "endDate": "2020-06-30", "totalRevenue": 2617500000, "costOfRevenue": 988300000, "grossProfit": 1629200000, "researchDevelopment": {}, "sellingGeneralAdministrative": 246400000, "nonRecurring": {}, "otherOperatingExpenses": 582900000, "totalOperatingExpenses": 2240200000, "operatingIncome": 377300000, "totalOtherIncomeExpenseNet": 229900000, "ebit": 377300000, "interestExpense": -15300000, "incomeBeforeTax": 607200000, "incomeTaxExpense": 154700000, "minorityInterest": {}, "netIncomeFromContinuingOps": 452500000, "discontinuedOperations": {}, "extraordinaryItems": {}, "effectOfAccountingCharges": {}, "otherItems": {}, "netIncome": 452500000, "netIncomeApplicableToCommonShares": 452500000}, {"maxAge": 1, "endDate": "2020-03-31", "totalRevenue": 6865581000, "costOfRevenue": 3008210000, "grossProfit": 3857371000, "researchDevelopment": {}, "sellingGeneralAdministrative": 641999000, "nonRecurring": {}, "otherOperatingExpenses": 756385000, "totalOperatingExpenses": 4847638000, "operatingIncome": 2017943000, "totalOtherIncomeExpenseNet": 229226000, "ebit": 2017943000, "interestExpense": -20850000, "incomeBeforeTax": 2247169000, "incomeTaxExpense": 581271000, "minorityInterest": {}, "netIncomeFromContinuingOps": 1665898000, "discontinuedOperations": {}, "extraordinaryItems": {}, "effectOfAccountingCharges": {}, "otherItems": {}, "netIncome": 1665898000, "netIncomeApplicableToCommonShares": 1665898000}], "maxAge": 86400}, "cashflowStatementHistoryQuarterly": {"cashflowStatements": [{"maxAge": 1, "endDate": "2020-12-31", "netIncome": 2172100000, "changeToLiabilities": 0}, {"maxAge": 1, "endDate": "2020-09-30", "netIncome": 1443400000, "changeToLiabilities": 0}, {"maxAge": 1, "endDate": "2020-06-30", "netIncome": 452500000, "changeToLiabilities": 0}, {"maxAge": 1, "endDate": "2020-03-31", "netIncome": 1665898000, "changeToLiabilities": 0}], "maxAge": 86400}, "earnings": {"maxAge": 86400, "earningsChart": {"quarterly": [{"date": "2Q2017", "actual": 12.59, "estimate": 10.37}, {"date": "3Q2017", "actual": 12.63, "estimate": 12.83}, {"date": "4Q2017", "actual": 12.55, "estimate": 12.28}, {"date": "1Q2018", "actual": 10.61, "estimate": 12.85}], "currentQuarterEstimate": 12.3, "currentQuarterEstimateDate": "2Q", "currentQuarterEstimateYear": 2018, "earningsDate": ["2019-01-29 05:30:S"]}, "financialsChart": {"yearly": [{"date": 2017, "revenue": 20339718000, "earnings": 3934275000}, {"date": 2018, "revenue": 22330070000, "earnings": 4778723000}, {"date": 2019, "revenue": 27910734000, "earnings": 5463891000}, {"date": 2020, "revenue": 29721281000, "earnings": 7935098000}], "quarterly": [{"date": "1Q2020", "revenue": 6865581000, "earnings": 1665898000}, {"date": "2Q2020", "revenue": 2617500000, "earnings": 452500000}, {"date": "3Q2020", "revenue": 5067300000, "earnings": 1443400000}, {"date": "4Q2020", "revenue": 6664000000, "earnings": 2172100000}]}, "financialCurrency": "INR"}, "financialData": {"maxAge": 86400, "currentPrice": 1125.35, "targetHighPrice": 1259.0, "targetLowPrice": 822.0, "targetMeanPrice": 1015.74, "targetMedianPrice": 993.0, "recommendationMean": 2.1, "recommendationKey": "buy", "numberOfAnalystOpinions": 19, "totalCash": 15589499904, "totalCashPerShare": 157.826, "ebitda": 8436911616, "totalDebt": 631100032, "totalRevenue": 21214281728, "debtToEquity": 2.184, "revenuePerShare": 214.745, "grossProfits": 15902971000, "earningsGrowth": 0.167, "revenueGrowth": -0.105, "grossMargins": 0.62708, "ebitdaMargins": 0.3977, "operatingMargins": 0.32561, "profitMargins": 0.27029, "financialCurrency": "INR"}}}