{"MIC.NS": {"assetProfile": {"address1": "A-4/II, Electronic Complex", "address2": "Kushaiguda ECIL Post", "city": "Hyderabad", "zip": "500062", "country": "India", "phone": "91 40 2712 2222", "fax": "91 40 2713 3333", "website": "http://www.micelectronics.com", "industry": "Electronic Components", "sector": "Technology", "longBusinessSummary": "MIC Electronics Limited designs, develops, manufactures, and sells LED video displays, and electronic and telecommunication equipment worldwide. The company offers indoor displays, such as indoor video screens and digital posters; outdoor displays, including outdoor video walls, digital billboards, digital posters, ticker displays, and perimeter displays; mobile displays comprising trailer and truck displays; and application-specific displays, such as passenger information displays and infrastructure equipment for digital theme parks. It also provides indoor lighting products comprising area lights, down lights, tube lights, and bulbs; outdoor lighting products, such as street, parking, and industrial lights; solar lighting products, including street and home lighting products; and portable products, such as lanterns, home lights, and angels. The company's indoor/outdoor/mobile LED video displays are used in sports stadiums, transportation hubs, digital theatres and theme parks, advertisements, and public information displays. MIC Electronics Limited was founded in 1988 and is headquartered in Hyderabad, India. MIC Electronics Limited is in Corporate Insolvency Resolution Process under the Insolvency and Bankruptcy Code 2016.", "fullTimeEmployees": 96, "companyOfficers": [{"maxAge": 1, "name": "Mr. Sadasivan Murali Krishnan Madurai", "title": "Company Sec. & Compliance Officer", "exercisedValue": 0, "unexercisedValue": 0}, {"maxAge": 1, "name": "Mr. Vishnu  Ravi", "age": 58, "title": "Exec. Director", "yearBorn": 1962, "exercisedValue": 0, "unexercisedValue": 0}, {"maxAge": 1, "name": "Mr. Govindappa  Gadaputi B.E,M.Tech", "title": "Chief of Bus. Devel. & Marketing", "fiscalYear": 2006, "totalPay": 600000, "exercisedValue": 0, "unexercisedValue": 0}, {"maxAge": 1, "name": "Mr. Manoj  Kumar", "title": "Sr. Gen. Mang. of Sales", "exercisedValue": 0, "unexercisedValue": 0}, {"maxAge": 1, "name": "Mr. Borapureddi  Sridhar M.Tech.", "age": 55, "title": "Chief Mang. of Telecom Embedded Software", "yearBorn": 1965, "fiscalYear": 2006, "totalPay": 890640, "exercisedValue": 0, "unexercisedValue": 0}, {"maxAge": 1, "name": "Mr. N. Tamma Rao B.E.", "title": "Chief Mang. of Customer Support", "fiscalYear": 2006, "totalPay": 230640, "exercisedValue": 0, "unexercisedValue": 0}, {"maxAge": 1, "name": "Mr. T. Vikram Kumar D.E.C.E", "title": "Chief Mang.", "fiscalYear": 2006, "totalPay": 650640, "exercisedValue": 0, "unexercisedValue": 0}, {"maxAge": 1, "name": "Mr. V.  Sambaiah D.E.C.E", "title": "Chief Mang. of Wireless Communications", "fiscalYear": 2006, "totalPay": 500000, "exercisedValue": 0, "unexercisedValue": 0}, {"maxAge": 1, "name": "Mr. Chenumolu Vasantha Rao M.Sc.MBA", "title": "Director of Marketing", "fiscalYear": 2006, "totalPay": 600000, "exercisedValue": 0, "unexercisedValue": 0}, {"maxAge": 1, "name": "Mr. C. Jaya Raju M.Sc.", "title": "VP of Software", "fiscalYear": 2006, "totalPay": 530880, "exercisedValue": 0, "unexercisedValue": 0}], "compensationAsOfEpochDate": "2006-12-31 05:30:00", "maxAge": 86400}, "recommendationTrend": {"trend": [{"period": "0m", "strongBuy": 0, "buy": 0, "hold": 0, "sell": 0, "strongSell": 0}, {"period": "-1m", "strongBuy": 0, "buy": 0, "hold": 0, "sell": 0, "strongSell": 0}, {"period": "-2m", "strongBuy": 0, "buy": 0, "hold": 0, "sell": 0, "strongSell": 0}, {"period": "-3m", "strongBuy": 0, "buy": 0, "hold": 0, "sell": 0, "strongSell": 0}], "maxAge": 86400}, "cashflowStatementHistory": {"cashflowStatements": [{"maxAge": 1, "endDate": "2020-03-31", "netIncome": -239507938, "depreciation": 75101116, "changeToNetincome": 5649577, "changeToAccountReceivables": 99298469, "changeToLiabilities": 15810405, "changeToInventory": 3497662, "changeToOperatingActivities": 46547061, "totalCashFromOperatingActivities": 6589182, "capitalExpenditures": -33357, "investments": -6256564, "otherCashflowsFromInvestingActivities": -696873, "totalCashflowsFromInvestingActivities": -6986794, "netBorrowings": -3860772, "otherCashflowsFromFinancingActivities": 4188717, "totalCashFromFinancingActivities": 327945, "changeInCash": -69667}, {"maxAge": 1, "endDate": "2019-03-31", "netIncome": -274903039, "depreciation": 76634511, "changeToNetincome": 3300590, "changeToAccountReceivables": 143181947, "changeToLiabilities": 22214407, "changeToInventory": 6773150, "changeToOperatingActivities": 26954376, "totalCashFromOperatingActivities": 4155942, "capitalExpenditures": -33357, "investments": -4260822, "otherCashflowsFromInvestingActivities": 818400, "totalCashflowsFromInvestingActivities": -3442422, "netBorrowings": -3860772, "otherCashflowsFromFinancingActivities": -733095, "totalCashFromFinancingActivities": -733095, "changeInCash": -19575}, {"maxAge": 1, "endDate": "2018-03-31", "netIncome": -1913574979, "depreciation": 77458680, "changeToNetincome": 4763309, "changeToAccountReceivables": 2823541, "changeToLiabilities": 766440352, "changeToInventory": 631096256, "changeToOperatingActivities": 759959029, "totalCashFromOperatingActivities": 328966188, "capitalExpenditures": -49897257, "investments": -285455, "otherCashflowsFromInvestingActivities": 49532867, "totalCashflowsFromInvestingActivities": -649845, "netBorrowings": -327004138, "otherCashflowsFromFinancingActivities": -2473655, "totalCashFromFinancingActivities": -329477793, "changeInCash": -1161450}, {"maxAge": 1, "endDate": "2017-03-31", "netIncome": -349023523, "depreciation": 77807758, "changeToNetincome": -5982701, "changeToAccountReceivables": 347499533, "changeToLiabilities": -93355199, "changeToInventory": -384391058, "changeToOperatingActivities": 189273661, "totalCashFromOperatingActivities": -217851176, "capitalExpenditures": -18255480, "investments": 1294720, "otherCashflowsFromInvestingActivities": 942274, "totalCashflowsFromInvestingActivities": -7241721, "netBorrowings": -671931774, "otherCashflowsFromFinancingActivities": -10125731, "totalCashFromFinancingActivities": 216288641, "changeInCash": -8804256, "issuanceOfStock": 898346146}], "maxAge": 86400}, "indexTrend": {"maxAge": 1, "symbol": "SP5", "peRatio": 19.7411, "pegRatio": 1.34172, "estimates": [{"period": "0q", "growth": 0.549}, {"period": "+1q", "growth": 0.431}, {"period": "0y", "growth": 0.305}, {"period": "+1y", "growth": 0.109}, {"period": "+5y", "growth": 0.120865}, {"period": "-5y"}]}, "defaultKeyStatistics": {"maxAge": 1, "priceHint": 4, "enterpriseValue": 295928576, "profitMargins": 0.0, "floatShares": 153153772, "sharesOutstanding": 220254000, "heldPercentInsiders": 0.35371, "heldPercentInstitutions": 0.0, "beta": 0.475559, "category": null, "bookValue": -6.037, "fundFamily": null, "legalType": null, "lastFiscalYearEnd": "2020-03-31 05:30:00", "nextFiscalYearEnd": "2022-03-31 05:30:00", "mostRecentQuarter": "2020-12-31 05:30:00", "netIncomeToCommon": -238007936, "trailingEps": -1.076, "lastSplitFactor": "5:1", "lastSplitDate": "2008-06-27 05:30:00", "enterpriseToRevenue": 23.148, "enterpriseToEbitda": -2.1}, "industryTrend": {"maxAge": 1, "symbol": null, "estimates": []}, "quoteType": {"exchange": "NSI", "quoteType": "EQUITY", "symbol": "MIC.NS", "underlyingSymbol": "MIC.NS", "shortName": "MIC ELECTRONICS LT", "longName": "MIC Electronics Limited", "firstTradeDateEpochUtc": "2007-05-30 09:15:00", "timeZoneFullName": "Asia/Kolkata", "timeZoneShortName": "IST", "uuid": "294134dc-b320-3c07-9bc3-978c40279a00", "gmtOffSetMilliseconds": 19800000, "maxAge": 1}, "incomeStatementHistory": {"incomeStatementHistory": [{"maxAge": 1, "endDate": "2020-03-31", "totalRevenue": 18584013, "costOfRevenue": 5932678, "grossProfit": 12651335, "researchDevelopment": {}, "sellingGeneralAdministrative": 25226850, "nonRecurring": {}, "otherOperatingExpenses": 122181858, "totalOperatingExpenses": 228635332, "operatingIncome": -210051319, "totalOtherIncomeExpenseNet": -29456619, "ebit": -210051319, "interestExpense": -1348340, "incomeBeforeTax": -239507938, "incomeTaxExpense": 0, "minorityInterest": {}, "netIncomeFromContinuingOps": -239507938, "discontinuedOperations": {}, "extraordinaryItems": {}, "effectOfAccountingCharges": {}, "otherItems": {}, "netIncome": -239507938, "netIncomeApplicableToCommonShares": -239507938}, {"maxAge": 1, "endDate": "2019-03-31", "totalRevenue": 48379564, "costOfRevenue": 26158302, "grossProfit": 22221262, "researchDevelopment": {}, "sellingGeneralAdministrative": 37377994, "nonRecurring": {}, "otherOperatingExpenses": 162702231, "totalOperatingExpenses": 302873038, "operatingIncome": -254493474, "totalOtherIncomeExpenseNet": -20409565, "ebit": -254493474, "interestExpense": -4783206, "incomeBeforeTax": -274903039, "incomeTaxExpense": 0, "minorityInterest": {}, "netIncomeFromContinuingOps": -274903039, "discontinuedOperations": {}, "extraordinaryItems": {}, "effectOfAccountingCharges": {}, "otherItems": {}, "netIncome": -274903039, "netIncomeApplicableToCommonShares": -274903039}, {"maxAge": 1, "endDate": "2018-03-31", "totalRevenue": 1586231279, "costOfRevenue": 1322960229, "grossProfit": 263271050, "researchDevelopment": {}, "sellingGeneralAdministrative": 58363763, "nonRecurring": {}, "otherOperatingExpenses": 233786118, "totalOperatingExpenses": 1692568790, "operatingIncome": -106337511, "totalOtherIncomeExpenseNet": -1208691032, "ebit": -106337511, "interestExpense": -240558192, "incomeBeforeTax": -1315028543, "incomeTaxExpense": 598546436, "minorityInterest": {}, "netIncomeFromContinuingOps": -1913574979, "discontinuedOperations": {}, "extraordinaryItems": {}, "effectOfAccountingCharges": {}, "otherItems": {}, "netIncome": -1913574979, "netIncomeApplicableToCommonShares": -1913574979}, {"maxAge": 1, "endDate": "2017-03-31", "totalRevenue": 2308648821, "costOfRevenue": 1523720388, "grossProfit": 784928433, "researchDevelopment": {}, "sellingGeneralAdministrative": 51693085, "nonRecurring": {}, "otherOperatingExpenses": 705023508, "totalOperatingExpenses": 2358565092, "operatingIncome": -49916271, "totalOtherIncomeExpenseNet": -270134748, "ebit": -49916271, "interestExpense": -281564234, "incomeBeforeTax": -320051019, "incomeTaxExpense": 28972504, "minorityInterest": {}, "netIncomeFromContinuingOps": -349023523, "discontinuedOperations": {}, "extraordinaryItems": {}, "effectOfAccountingCharges": {}, "otherItems": {}, "netIncome": -349023523, "netIncomeApplicableToCommonShares": -349023523}], "maxAge": 86400}, "fundOwnership": {"ownershipList": [], "maxAge": 1}, "summaryDetail": {"maxAge": 1, "priceHint": 4, "previousClose": 0.75, "open": 0.8, "dayLow": 0.8, "dayHigh": 0.8, "regularMarketPreviousClose": 0.75, "regularMarketOpen": 0.8, "regularMarketDayLow": 0.8, "regularMarketDayHigh": 0.8, "exDividendDate": "2009-12-23 05:30:00", "payoutRatio": 0.0, "beta": 0.475559, "volume": 225228, "regularMarketVolume": 225228, "averageVolume": 113811, "averageVolume10days": 402205, "averageDailyVolume10Day": 402205, "bid": 0.0, "ask": 0.0, "bidSize": 0, "askSize": 0, "marketCap": 166805616, "fiftyTwoWeekLow": 0.45, "fiftyTwoWeekHigh": 1.25, "priceToSalesTrailing12Months": 13.047985, "fiftyDayAverage": 0.7367647, "twoHundredDayAverage": 0.8453901, "currency": "INR", "fromCurrency": null, "lastMarket": null, "algorithm": null, "tradeable": false}, "insiderHolders": {"holders": [{"maxAge": 1, "name": "Anisingaraju (Vidya Sagar)", "relation": "Director", "url": "", "transactionDescription": "Sale", "latestTransDate": "2009-12-11", "positionDirect": 713185, "positionDirectDate": "2009-12-11"}, {"maxAge": 1, "name": "Atluri (Venkata Ram)", "relation": "Director", "url": "", "transactionDescription": "Sale", "latestTransDate": "2010-01-05", "positionDirect": 1052255, "positionDirectDate": "2010-01-05"}, {"maxAge": 1, "name": "Ideamax Consultancy Services Pvt. Ltd.", "relation": "Institution- Corporation", "url": "", "transactionDescription": "Other", "latestTransDate": "2015-11-25", "positionDirect": 24892000, "positionDirectDate": "2015-11-25"}, {"maxAge": 1, "name": "Kanya (Muni J)", "relation": "UNREPORTED", "url": "", "transactionDescription": "Sale", "latestTransDate": "2009-10-05", "positionDirect": 63672, "positionDirectDate": "2009-10-05"}, {"maxAge": 1, "name": "Lingamaneni (Nag Malleshwara Rao)", "relation": "Non Independent Director", "url": "", "transactionDescription": "Other", "latestTransDate": "2015-04-01", "positionDirect": 2424234, "positionDirectDate": "2015-04-01"}, {"maxAge": 1, "name": "Maganti (Chaitanya Deepthi)", "relation": "Promoter", "url": "", "transactionDescription": "Other", "latestTransDate": "2017-02-09", "positionDirect": 5575000, "positionDirectDate": "2017-02-09"}, {"maxAge": 1, "name": "Maganti (Chaitanya Keerthi)", "relation": "Promoter", "url": "", "transactionDescription": "Other", "latestTransDate": "2017-02-09", "positionDirect": 7075000, "positionDirectDate": "2017-02-09"}, {"maxAge": 1, "name": "Maganti (Chaitanya Pavan)", "relation": "Promoter", "url": "", "transactionDescription": "Other", "latestTransDate": "2017-02-09", "positionDirect": 8295070, "positionDirectDate": "2017-02-09"}, {"maxAge": 1, "name": "Maganti (Usha Rani)", "relation": "Promoter", "url": "", "transactionDescription": "Other", "latestTransDate": "2015-04-01", "positionDirect": 5205010, "positionDirectDate": "2015-04-01"}, {"maxAge": 1, "name": "Nimmagadda (Srinivasa Rao)", "relation": "Director", "url": "", "transactionDescription": "Other", "latestTransDate": "2015-11-27", "positionDirect": 1950065, "positionDirectDate": "2015-11-27"}], "maxAge": 1}, "calendarEvents": {"maxAge": 1, "earnings": {"earningsDate": []}, "exDividendDate": "2009-12-23 05:30:00"}, "upgradeDowngradeHistory": {"history": [], "maxAge": 86400}, "price": {"maxAge": 1, "regularMarketChangePercent": 0.066666685, "regularMarketChange": 0.050000012, "regularMarketTime": "2021-04-30 15:21:10", "priceHint": 4, "regularMarketPrice": 0.8, "regularMarketDayHigh": 0.8, "regularMarketDayLow": 0.8, "regularMarketVolume": 225228, "averageDailyVolume10Day": 402205, "averageDailyVolume3Month": 113811, "regularMarketPreviousClose": 0.75, "regularMarketSource": "FREE_REALTIME", "regularMarketOpen": 0.8, "exchange": "NSI", "exchangeName": "NSE", "exchangeDataDelayedBy": 15, "marketState": "CLOSED", "quoteType": "EQUITY", "symbol": "MIC.NS", "underlyingSymbol": null, "shortName": "MIC ELECTRONICS LT", "longName": "MIC Electronics Limited", "currency": "INR", "quoteSourceName": "Delayed Quote", "currencySymbol": "\u20b9", "fromCurrency": null, "lastMarket": null, "marketCap": 166805616}, "balanceSheetHistory": {"balanceSheetStatements": [{"maxAge": 1, "endDate": "2020-03-31", "cash": 526196, "netReceivables": 95074574, "inventory": 549158881, "otherCurrentAssets": 3726810, "totalCurrentAssets": 648609336, "longTermInvestments": 77477790, "propertyPlantEquipment": 763708673, "intangibleAssets": 649892, "otherAssets": 115618770, "totalAssets": 1606064461, "accountsPayable": 603302610, "shortLongTermDebt": 1016947411, "otherCurrentLiab": 400009291, "otherLiab": 21466974, "totalCurrentLiabilities": 2863486208, "totalLiab": 2884953182, "commonStock": 440508638, "retainedEarnings": -4205854916, "treasuryStock": 602148345, "capitalSurplus": 1884309212, "otherStockholderEquity": 602148345, "totalStockholderEquity": -1278888721, "netTangibleAssets": -1279538613}, {"maxAge": 1, "endDate": "2019-03-31", "cash": 595863, "shortTermInvestments": 8000000, "netReceivables": 194377739, "inventory": 550394294, "otherCurrentAssets": 6040663, "totalCurrentAssets": 751779946, "longTermInvestments": 71221226, "propertyPlantEquipment": 838776432, "intangibleAssets": 842722, "otherAssets": 118774838, "totalAssets": 1781395164, "accountsPayable": 587492205, "shortLongTermDebt": 1023129153, "otherCurrentLiab": 216241141, "otherLiab": 21466974, "deferredLongTermLiab": 1158839, "totalCurrentLiabilities": 2804261677, "totalLiab": 2825728651, "commonStock": 440508638, "retainedEarnings": -3971299682, "treasuryStock": 602148345, "capitalSurplus": 1884309212, "otherStockholderEquity": 602148345, "totalStockholderEquity": -1044333487, "netTangibleAssets": -1045176209}, {"maxAge": 1, "endDate": "2018-03-31", "cash": 615438, "netReceivables": 337559685, "inventory": 554297295, "otherCurrentAssets": 6127913, "totalCurrentAssets": 899019067, "longTermInvestments": 66960404, "propertyPlantEquipment": 915076842, "intangibleAssets": 1176823, "otherAssets": 119802547, "totalAssets": 2002035683, "accountsPayable": 565277798, "shortLongTermDebt": 1023129153, "otherCurrentLiab": 209684238, "otherLiab": 21867010, "deferredLongTermLiab": 1151339, "totalCurrentLiabilities": 2753718113, "totalLiab": 2775585123, "commonStock": 440508638, "retainedEarnings": -3700515634, "treasuryStock": 602148344, "capitalSurplus": 1884309212, "otherStockholderEquity": 602148344, "totalStockholderEquity": -773549440, "netTangibleAssets": -774726263}, {"maxAge": 1, "endDate": "2017-03-31", "cash": 1776888, "netReceivables": 341479483, "inventory": 1193706768, "otherCurrentAssets": 116820448, "totalCurrentAssets": 1654284374, "longTermInvestments": 66674949, "propertyPlantEquipment": 990595745, "intangibleAssets": 1370922, "otherAssets": 707146453, "deferredLongTermAssetCharges": 598546436, "totalAssets": 3420072443, "accountsPayable": 397383882, "shortLongTermDebt": 560484148, "otherCurrentLiab": 209571411, "longTermDebt": 373925786, "otherLiab": 22413739, "deferredLongTermLiab": 1107939, "totalCurrentLiabilities": 1889851975, "totalLiab": 2286191500, "commonStock": 440508638, "retainedEarnings": -1793085252, "treasuryStock": 602148345, "capitalSurplus": 1884309212, "otherStockholderEquity": 602148345, "totalStockholderEquity": 1133880943, "netTangibleAssets": 1132510021}], "maxAge": 86400}, "earningsTrend": {"trend": [{"maxAge": 1, "period": "0q", "endDate": null, "growth": {}, "earningsEstimate": {"avg": 0.0, "low": 0.0, "high": 0.0, "yearAgoEps": {}, "numberOfAnalysts": 0, "growth": {}}, "revenueEstimate": {"avg": 0, "low": 0, "high": 0, "numberOfAnalysts": 0, "yearAgoRevenue": {}, "growth": {}}, "epsTrend": {"current": 0.0, "7daysAgo": 0.0, "30daysAgo": 0.0, "60daysAgo": 0.0, "90daysAgo": 0.0}, "epsRevisions": {"upLast7days": 0, "upLast30days": 0, "downLast30days": 0, "downLast90days": {}}}, {"maxAge": 1, "period": "+1q", "endDate": null, "growth": {}, "earningsEstimate": {"avg": 0.0, "low": 0.0, "high": 0.0, "yearAgoEps": {}, "numberOfAnalysts": 0, "growth": {}}, "revenueEstimate": {"avg": 0, "low": 0, "high": 0, "numberOfAnalysts": 0, "yearAgoRevenue": {}, "growth": {}}, "epsTrend": {"current": 0.0, "7daysAgo": 0.0, "30daysAgo": 0.0, "60daysAgo": 0.0, "90daysAgo": 0.0}, "epsRevisions": {"upLast7days": 0, "upLast30days": 0, "downLast30days": 0, "downLast90days": {}}}, {"maxAge": 1, "period": "0y", "endDate": null, "growth": {}, "earningsEstimate": {"avg": 0.0, "low": 0.0, "high": 0.0, "yearAgoEps": {}, "numberOfAnalysts": 0, "growth": {}}, "revenueEstimate": {"avg": 0, "low": 0, "high": 0, "numberOfAnalysts": 0, "yearAgoRevenue": {}, "growth": {}}, "epsTrend": {"current": 0.0, "7daysAgo": 0.0, "30daysAgo": 0.0, "60daysAgo": 0.0, "90daysAgo": 0.0}, "epsRevisions": {"upLast7days": 0, "upLast30days": 0, "downLast30days": 0, "downLast90days": {}}}, {"maxAge": 1, "period": "+1y", "endDate": null, "growth": {}, "earningsEstimate": {"avg": 0.0, "low": 0.0, "high": 0.0, "yearAgoEps": {}, "numberOfAnalysts": 0, "growth": {}}, "revenueEstimate": {"avg": 0, "low": 0, "high": 0, "numberOfAnalysts": 0, "yearAgoRevenue": {}, "growth": {}}, "epsTrend": {"current": 0.0, "7daysAgo": 0.0, "30daysAgo": 0.0, "60daysAgo": 0.0, "90daysAgo": 0.0}, "epsRevisions": {"upLast7days": 0, "upLast30days": 0, "downLast30days": 0, "downLast90days": {}}}, {"maxAge": 1, "period": "+5y", "endDate": null, "growth": {}, "earningsEstimate": {"avg": {}, "low": {}, "high": {}, "yearAgoEps": {}, "numberOfAnalysts": {}, "growth": {}}, "revenueEstimate": {"avg": {}, "low": {}, "high": {}, "numberOfAnalysts": {}, "yearAgoRevenue": {}, "growth": {}}, "epsTrend": {"current": {}, "7daysAgo": {}, "30daysAgo": {}, "60daysAgo": {}, "90daysAgo": {}}, "epsRevisions": {"upLast7days": {}, "upLast30days": {}, "downLast30days": {}, "downLast90days": {}}}, {"maxAge": 1, "period": "-5y", "endDate": null, "growth": -0.0832, "earningsEstimate": {"avg": {}, "low": {}, "high": {}, "yearAgoEps": {}, "numberOfAnalysts": {}, "growth": {}}, "revenueEstimate": {"avg": {}, "low": {}, "high": {}, "numberOfAnalysts": {}, "yearAgoRevenue": {}, "growth": {}}, "epsTrend": {"current": {}, "7daysAgo": {}, "30daysAgo": {}, "60daysAgo": {}, "90daysAgo": {}}, "epsRevisions": {"upLast7days": {}, "upLast30days": {}, "downLast30days": {}, "downLast90days": {}}}], "maxAge": 1}, "institutionOwnership": {"ownershipList": [], "maxAge": 1}, "majorHoldersBreakdown": {"maxAge": 1, "insidersPercentHeld": 0.35371, "institutionsPercentHeld": 0.0, "institutionsFloatPercentHeld": 0.0, "institutionsCount": 0}, "balanceSheetHistoryQuarterly": {"balanceSheetStatements": [{"maxAge": 1, "endDate": "2020-12-31", "totalStockholderEquity": -1335600000, "netTangibleAssets": -1336200000}, {"maxAge": 1, "endDate": "2020-09-30", "cash": 14300000, "netReceivables": 84600000, "inventory": 463900000, "otherCurrentAssets": 47800000, "totalCurrentAssets": 610600000, "longTermInvestments": 75700000, "propertyPlantEquipment": 729700000, "intangibleAssets": 600000, "otherAssets": 115500000, "totalAssets": 1532100000, "accountsPayable": 596900000, "otherCurrentLiab": 2104500000, "otherLiab": 21500000, "totalCurrentLiabilities": 2846200000, "totalLiab": 2867700000, "commonStock": 440500000, "treasuryStock": -1776100000, "otherStockholderEquity": -1776100000, "totalStockholderEquity": -1335600000, "netTangibleAssets": -1336200000}, {"maxAge": 1, "endDate": "2020-06-30", "totalStockholderEquity": -1278900000, "netTangibleAssets": -1279600000}, {"maxAge": 1, "endDate": "2020-03-31", "cash": 526196, "netReceivables": 95074574, "inventory": 549158881, "otherCurrentAssets": 3726810, "totalCurrentAssets": 648609336, "longTermInvestments": 77477790, "propertyPlantEquipment": 763708673, "intangibleAssets": 649892, "otherAssets": 115618770, "totalAssets": 1606064461, "accountsPayable": 603302610, "shortLongTermDebt": 1016947411, "otherCurrentLiab": 400009291, "otherLiab": 21466974, "totalCurrentLiabilities": 2863486208, "totalLiab": 2884953182, "commonStock": 440508638, "retainedEarnings": -4205854916, "treasuryStock": 602148345, "capitalSurplus": 1884309212, "otherStockholderEquity": 602148345, "totalStockholderEquity": -1278888721, "netTangibleAssets": -1279538613}], "maxAge": 86400}, "earningsHistory": {"history": [{"maxAge": 1, "epsActual": {}, "epsEstimate": {}, "epsDifference": {}, "surprisePercent": {}, "quarter": {}, "period": "-4q"}, {"maxAge": 1, "epsActual": {}, "epsEstimate": {}, "epsDifference": {}, "surprisePercent": {}, "quarter": {}, "period": "-3q"}, {"maxAge": 1, "epsActual": {}, "epsEstimate": {}, "epsDifference": {}, "surprisePercent": {}, "quarter": {}, "period": "-2q"}, {"maxAge": 1, "epsActual": {}, "epsEstimate": {}, "epsDifference": {}, "surprisePercent": {}, "quarter": {}, "period": "-1q"}], "maxAge": 86400}, "summaryProfile": {"address1": "A-4/II, Electronic Complex", "address2": "Kushaiguda ECIL Post", "city": "Hyderabad", "zip": "500062", "country": "India", "phone": "91 40 2712 2222", "fax": "91 40 2713 3333", "website": "http://www.micelectronics.com", "industry": "Electronic Components", "sector": "Technology", "longBusinessSummary": "MIC Electronics Limited designs, develops, manufactures, and sells LED video displays, and electronic and telecommunication equipment worldwide. The company offers indoor displays, such as indoor video screens and digital posters; outdoor displays, including outdoor video walls, digital billboards, digital posters, ticker displays, and perimeter displays; mobile displays comprising trailer and truck displays; and application-specific displays, such as passenger information displays and infrastructure equipment for digital theme parks. It also provides indoor lighting products comprising area lights, down lights, tube lights, and bulbs; outdoor lighting products, such as street, parking, and industrial lights; solar lighting products, including street and home lighting products; and portable products, such as lanterns, home lights, and angels. The company's indoor/outdoor/mobile LED video displays are used in sports stadiums, transportation hubs, digital theatres and theme parks, advertisements, and public information displays. MIC Electronics Limited was founded in 1988 and is headquartered in Hyderabad, India. MIC Electronics Limited is in Corporate Insolvency Resolution Process under the Insolvency and Bankruptcy Code 2016.", "fullTimeEmployees": 96, "companyOfficers": [], "maxAge": 86400}, "netSharePurchaseActivity": {"maxAge": 1, "period": "6m", "buyInfoCount": 0, "buyInfoShares": 0, "sellInfoCount": 0, "netInfoCount": 0, "netInfoShares": 0, "netPercentInsiderShares": 0.0, "totalInsiderShares": 78018320}, "insiderTransactions": {"transactions": [{"maxAge": 1, "shares": 5000000, "filerUrl": "", "transactionText": "", "filerName": "Maganti (Chaitanya Deepthi)", "filerRelation": "Promoter", "moneyText": "", "startDate": "2017-02-09", "ownership": "D"}, {"maxAge": 1, "shares": 2000000, "filerUrl": "", "transactionText": "", "filerName": "Maganti (Chaitanya Pavan)", "filerRelation": "Promoter", "moneyText": "", "startDate": "2017-02-09", "ownership": "D"}, {"maxAge": 1, "shares": 2322222, "filerUrl": "", "transactionText": "", "filerName": "Maganti (Chaitanya Keerthi)", "filerRelation": "Promoter", "moneyText": "", "startDate": "2017-02-09", "ownership": "D"}, {"maxAge": 1, "shares": 1950000, "filerUrl": "", "transactionText": "", "filerName": "Nimmagadda (Srinivasa Rao)", "filerRelation": "Director", "moneyText": "", "startDate": "2015-11-27", "ownership": "D"}, {"maxAge": 1, "shares": 577778, "filerUrl": "", "transactionText": "", "filerName": "Maganti (Chaitanya Keerthi)", "filerRelation": "Promoter", "moneyText": "", "startDate": "2015-11-25", "ownership": "D"}, {"maxAge": 1, "shares": 6600000, "filerUrl": "", "transactionText": "", "filerName": "Ideamax Consultancy Services Pvt. Ltd.", "filerRelation": "Institution- Corporation", "moneyText": "", "startDate": "2015-11-25", "ownership": "D"}, {"maxAge": 1, "shares": 2300000, "filerUrl": "", "transactionText": "", "filerName": "Lingamaneni (Nag Malleshwara Rao)", "filerRelation": "Non Independent Director", "moneyText": "", "startDate": "2015-04-01", "ownership": "D"}, {"maxAge": 1, "shares": 5000000, "filerUrl": "", "transactionText": "", "filerName": "Maganti (Usha Rani)", "filerRelation": "Promoter", "moneyText": "", "startDate": "2015-04-01", "ownership": "D"}, {"maxAge": 1, "shares": 30000, "filerUrl": "", "transactionText": "", "filerName": "Atluri (Venkata Ram)", "filerRelation": "Director", "moneyText": "", "startDate": "2010-01-05", "ownership": "D"}, {"maxAge": 1, "shares": 50000, "filerUrl": "", "transactionText": "", "filerName": "Anisingaraju (Vidya Sagar)", "filerRelation": "Director", "moneyText": "", "startDate": "2009-12-11", "ownership": "D"}, {"maxAge": 1, "shares": 67150, "filerUrl": "", "transactionText": "", "filerName": "Lingamaneni (Nag Malleshwara Rao)", "filerRelation": "Director", "moneyText": "", "startDate": "2009-12-10", "ownership": "D"}, {"maxAge": 1, "shares": 45000, "filerUrl": "", "transactionText": "", "filerName": "Lingamaneni (Nag Malleshwara Rao)", "filerRelation": "Director", "moneyText": "", "startDate": "2009-12-10", "ownership": "D"}, {"maxAge": 1, "shares": 78000, "filerUrl": "", "transactionText": "", "filerName": "Lingamaneni (Nag Malleshwara Rao)", "filerRelation": "Director", "moneyText": "", "startDate": "2009-12-09", "ownership": "D"}, {"maxAge": 1, "shares": 122000, "filerUrl": "", "transactionText": "", "filerName": "Lingamaneni (Nag Malleshwara Rao)", "filerRelation": "Director", "moneyText": "", "startDate": "2009-12-09", "ownership": "D"}, {"maxAge": 1, "shares": 90000, "filerUrl": "", "transactionText": "", "filerName": "Lingamaneni (Nag Malleshwara Rao)", "filerRelation": "Director", "moneyText": "", "startDate": "2009-10-30", "ownership": "D"}, {"maxAge": 1, "shares": 75000, "filerUrl": "", "transactionText": "", "filerName": "Lingamaneni (Nag Malleshwara Rao)", "filerRelation": "Director", "moneyText": "", "startDate": "2009-10-28", "ownership": "D"}, {"maxAge": 1, "shares": 35000, "filerUrl": "", "transactionText": "", "filerName": "Lingamaneni (Nag Malleshwara Rao)", "filerRelation": "Director", "moneyText": "", "startDate": "2009-10-28", "ownership": "D"}, {"maxAge": 1, "shares": 4000, "filerUrl": "", "transactionText": "", "filerName": "Kanya (Muni J)", "filerRelation": "UNREPORTED", "moneyText": "", "startDate": "2009-10-05", "ownership": "D"}, {"maxAge": 1, "shares": 1000, "filerUrl": "", "transactionText": "", "filerName": "Kanya (Muni J)", "filerRelation": "UNREPORTED", "moneyText": "", "startDate": "2009-10-05", "ownership": "D"}, {"maxAge": 1, "shares": 1000, "filerUrl": "", "transactionText": "", "filerName": "Kanya (Muni J)", "filerRelation": "UNREPORTED", "moneyText": "", "startDate": "2009-10-05", "ownership": "D"}, {"maxAge": 1, "shares": 1000, "filerUrl": "", "transactionText": "", "filerName": "Kanya (Muni J)", "filerRelation": "UNREPORTED", "moneyText": "", "startDate": "2009-10-05", "ownership": "D"}, {"maxAge": 1, "shares": 1000, "filerUrl": "", "transactionText": "", "filerName": "Kanya (Muni J)", "filerRelation": "UNREPORTED", "moneyText": "", "startDate": "2009-10-05", "ownership": "D"}, {"maxAge": 1, "shares": 500, "filerUrl": "", "transactionText": "", "filerName": "Kanya (Muni J)", "filerRelation": "UNREPORTED", "moneyText": "", "startDate": "2009-09-30", "ownership": "D"}, {"maxAge": 1, "shares": 3000, "filerUrl": "", "transactionText": "", "filerName": "Kanya (Muni J)", "filerRelation": "UNREPORTED", "moneyText": "", "startDate": "2009-09-24", "ownership": "D"}, {"maxAge": 1, "shares": 500, "filerUrl": "", "transactionText": "", "filerName": "Kanya (Muni J)", "filerRelation": "UNREPORTED", "moneyText": "", "startDate": "2009-08-25", "ownership": "D"}, {"maxAge": 1, "shares": 1000, "filerUrl": "", "transactionText": "", "filerName": "Kanya (Muni J)", "filerRelation": "UNREPORTED", "moneyText": "", "startDate": "2009-08-25", "ownership": "D"}, {"maxAge": 1, "shares": 27885, "filerUrl": "", "transactionText": "", "filerName": "Kanya (Muni J)", "filerRelation": "UNREPORTED", "moneyText": "", "startDate": "2009-08-17", "ownership": "D"}, {"maxAge": 1, "shares": 1000, "filerUrl": "", "transactionText": "", "filerName": "Kanya (Muni J)", "filerRelation": "UNREPORTED", "moneyText": "", "startDate": "2009-08-13", "ownership": "D"}, {"maxAge": 1, "shares": 1000, "filerUrl": "", "transactionText": "", "filerName": "Kanya (Muni J)", "filerRelation": "UNREPORTED", "moneyText": "", "startDate": "2009-08-13", "ownership": "D"}, {"maxAge": 1, "shares": 1000, "filerUrl": "", "transactionText": "", "filerName": "Kanya (Muni J)", "filerRelation": "UNREPORTED", "moneyText": "", "startDate": "2009-08-10", "ownership": "D"}, {"maxAge": 1, "shares": 213, "filerUrl": "", "transactionText": "", "filerName": "Kanya (Muni J)", "filerRelation": "UNREPORTED", "moneyText": "", "startDate": "2009-08-06", "ownership": "D"}], "maxAge": 1}, "sectorTrend": {"maxAge": 1, "symbol": null, "estimates": []}, "incomeStatementHistoryQuarterly": {"incomeStatementHistory": [{"maxAge": 1, "endDate": "2020-12-31", "totalRevenue": 600000, "costOfRevenue": 100000, "grossProfit": 500000, "researchDevelopment": {}, "sellingGeneralAdministrative": 3000000, "nonRecurring": {}, "otherOperatingExpenses": 2900000, "totalOperatingExpenses": 23100000, "operatingIncome": -22500000, "totalOtherIncomeExpenseNet": 200000, "ebit": -22500000, "interestExpense": -100000, "incomeBeforeTax": -22300000, "incomeTaxExpense": 0, "minorityInterest": {}, "netIncomeFromContinuingOps": -22300000, "discontinuedOperations": {}, "extraordinaryItems": {}, "effectOfAccountingCharges": {}, "otherItems": {}, "netIncome": -22300000, "netIncomeApplicableToCommonShares": -22300000}, {"maxAge": 1, "endDate": "2020-09-30", "totalRevenue": 10200000, "costOfRevenue": 33300000, "grossProfit": -23100000, "researchDevelopment": {}, "sellingGeneralAdministrative": 1900000, "nonRecurring": {}, "otherOperatingExpenses": 900000, "totalOperatingExpenses": 53100000, "operatingIncome": -42900000, "totalOtherIncomeExpenseNet": 7500000, "ebit": -42900000, "interestExpense": -100000, "incomeBeforeTax": -35400000, "incomeTaxExpense": 0, "minorityInterest": {}, "netIncomeFromContinuingOps": -35400000, "discontinuedOperations": {}, "extraordinaryItems": {}, "effectOfAccountingCharges": {}, "otherItems": {}, "netIncome": -35400000, "netIncomeApplicableToCommonShares": -35400000}, {"maxAge": 1, "endDate": "2020-06-30", "totalRevenue": 0, "costOfRevenue": 0, "grossProfit": 0, "researchDevelopment": {}, "sellingGeneralAdministrative": 1900000, "nonRecurring": {}, "otherOperatingExpenses": 1900000, "totalOperatingExpenses": 19000000, "operatingIncome": -19000000, "totalOtherIncomeExpenseNet": -500000, "ebit": -19000000, "interestExpense": -500000, "incomeBeforeTax": -19500000, "incomeTaxExpense": 0, "minorityInterest": {}, "netIncomeFromContinuingOps": -19500000, "discontinuedOperations": {}, "extraordinaryItems": {}, "effectOfAccountingCharges": {}, "otherItems": {}, "netIncome": -19500000, "netIncomeApplicableToCommonShares": -19500000}, {"maxAge": 1, "endDate": "2020-03-31", "totalRevenue": 1984013, "costOfRevenue": 932678, "grossProfit": 1051335, "researchDevelopment": {}, "sellingGeneralAdministrative": 5526850, "nonRecurring": {}, "otherOperatingExpenses": 107181858, "totalOperatingExpenses": 132435332, "operatingIncome": -130451319, "totalOtherIncomeExpenseNet": -30356619, "ebit": -130451319, "interestExpense": -1048340, "incomeBeforeTax": -160807938, "incomeTaxExpense": 0, "minorityInterest": {}, "netIncomeFromContinuingOps": -160807938, "discontinuedOperations": {}, "extraordinaryItems": {}, "effectOfAccountingCharges": {}, "otherItems": {}, "netIncome": -160807938, "netIncomeApplicableToCommonShares": -160807938}], "maxAge": 86400}, "cashflowStatementHistoryQuarterly": {"cashflowStatements": [{"maxAge": 1, "endDate": "2020-12-31", "netIncome": -22300000, "changeToLiabilities": 0}, {"maxAge": 1, "endDate": "2020-09-30", "netIncome": -35400000, "changeToLiabilities": 0}, {"maxAge": 1, "endDate": "2020-06-30", "netIncome": -19500000, "changeToLiabilities": 0}, {"maxAge": 1, "endDate": "2020-03-31", "netIncome": -160807938, "changeToLiabilities": 0}], "maxAge": 86400}, "earnings": {"maxAge": 86400, "earningsChart": {"quarterly": [], "earningsDate": []}, "financialsChart": {"yearly": [{"date": 2017, "revenue": 2308648821, "earnings": -349023523}, {"date": 2018, "revenue": 1586231279, "earnings": -1913574979}, {"date": 2019, "revenue": 48379564, "earnings": -274903039}, {"date": 2020, "revenue": 18584013, "earnings": -239507938}], "quarterly": [{"date": "1Q2020", "revenue": 1984013, "earnings": -160807938}, {"date": "2Q2020", "revenue": 0, "earnings": -19500000}, {"date": "3Q2020", "revenue": 10200000, "earnings": -35400000}, {"date": "4Q2020", "revenue": 600000, "earnings": -22300000}]}, "financialCurrency": "INR"}, "financialData": {"maxAge": 86400, "currentPrice": 0.8, "targetHighPrice": 54.0, "targetLowPrice": 54.0, "targetMeanPrice": 54.0, "targetMedianPrice": 54.0, "recommendationKey": "none", "numberOfAnalystOpinions": 1, "totalCash": 14300000, "totalCashPerShare": 0.065, "ebitda": -140900256, "totalDebt": 144800000, "totalRevenue": 12784013, "revenuePerShare": 0.058, "grossProfits": 12651335, "revenueGrowth": -0.933, "grossMargins": -1.68559, "ebitdaMargins": 0.0, "operatingMargins": -16.80625, "profitMargins": 0.0, "financialCurrency": "INR"}}}