{"MIDHANI.NS": {"assetProfile": {"address1": "PO Kanchanbagh", "city": "Hyderabad", "zip": "500058", "country": "India", "phone": "91 40 2418 4515", "fax": "91 40 2434 0214", "website": "http://www.midhani-india.in", "industry": "Steel", "sector": "Basic Materials", "longBusinessSummary": "Mishra Dhatu Nigam Limited manufactures and sells special steels, super alloys, and titanium alloys in India and internationally. The company offers special steels, including martensitic steel, high strength special steel, austenitic steel, and precipitation hardening steel; nickel base, iron base, and cobalt base super alloys used in aeronautics, space, nuclear, chemical, petrochemical, power generation, and furnace industries; and titanium. It also provides soft magnetic and controlled expansion alloys; bars, bright bars, and wire/fine wire; and hot and cold rolled sheets, and strip, as well as open-die forging products. In addition, the company offers special weld consumables, fasteners, biomedical implants, and armour products. The company was founded in 1973 and is based in Hyderabad, India.", "fullTimeEmployees": 786, "companyOfficers": [{"maxAge": 1, "name": "Dr. Dinesh Kumar Likhi", "age": 60, "title": "Chairman & MD", "yearBorn": 1960, "fiscalYear": 2020, "totalPay": 8223000, "exercisedValue": 0, "unexercisedValue": 0}, {"maxAge": 1, "name": "Dr. Sanjay Kumar Jha", "age": 56, "title": "Chairman & MD", "yearBorn": 1964, "fiscalYear": 2020, "totalPay": 6795000, "exercisedValue": 0, "unexercisedValue": 0}, {"maxAge": 1, "name": "Mr. Paul  Antony", "title": "Company Sec. & Compliance Officer", "fiscalYear": 2020, "totalPay": 1357603, "exercisedValue": 0, "unexercisedValue": 0}, {"maxAge": 1, "name": "Mr. Gowri Sankara Rao Naramsetti", "title": "Director of Fin. & Director", "exercisedValue": 0, "unexercisedValue": 0}, {"maxAge": 1, "name": "Ms. Madhubala  Kalluri", "title": "Assistant Gen. Mang. of Fin. & Accounts", "exercisedValue": 0, "unexercisedValue": 0}, {"maxAge": 1, "name": "Mr. Achanta Rama Krishna Rao", "title": "Gen. Mang. of Human Resource & Admin.", "exercisedValue": 0, "unexercisedValue": 0}, {"maxAge": 1, "name": "Mr. D. Gopi Krishna", "title": "Gen. Mang. of Production & Marketing", "exercisedValue": 0, "unexercisedValue": 0}, {"maxAge": 1, "name": "Dr. Upender  Vennam", "title": "Chief Vigilance Officer", "exercisedValue": 0, "unexercisedValue": 0}, {"maxAge": 1, "name": "Mr. K. Siva Subramanian", "title": "Gen. Mang. of R&D", "exercisedValue": 0, "unexercisedValue": 0}], "compensationAsOfEpochDate": "2020-12-31 05:30:00", "maxAge": 86400}, "cashflowStatementHistory": {"cashflowStatements": [{"maxAge": 1, "endDate": "2020-03-31", "netIncome": 1581063000, "depreciation": 259014000, "changeToNetincome": -112050000, "changeToAccountReceivables": 541996000, "changeToLiabilities": 7399000, "changeToInventory": -4016672000, "changeToOperatingActivities": 3781503000, "totalCashFromOperatingActivities": 2044383000, "capitalExpenditures": -2916869000, "otherCashflowsFromInvestingActivities": 963519000, "totalCashflowsFromInvestingActivities": -1952423000, "dividendsPaid": -341158000, "netBorrowings": 269697000, "otherCashflowsFromFinancingActivities": -59160000, "totalCashFromFinancingActivities": -130621000, "changeInCash": -38661000}, {"maxAge": 1, "endDate": "2019-03-31", "netIncome": 1305569000, "depreciation": 228489000, "changeToNetincome": 24635000, "changeToAccountReceivables": 611918000, "changeToLiabilities": 323298000, "changeToInventory": -2674560000, "changeToOperatingActivities": 3137442000, "totalCashFromOperatingActivities": 2960250000, "capitalExpenditures": -2137627000, "otherCashflowsFromInvestingActivities": 83970000, "totalCashflowsFromInvestingActivities": -2053657000, "dividendsPaid": -853994000, "netBorrowings": 138031000, "otherCashflowsFromFinancingActivities": -63635000, "totalCashFromFinancingActivities": -779598000, "changeInCash": 126995000}, {"maxAge": 1, "endDate": "2018-03-31", "netIncome": 1312620000, "depreciation": 190270000, "changeToNetincome": 133120000, "changeToAccountReceivables": -1249010000, "changeToLiabilities": 291290000, "changeToInventory": -353380000, "changeToOperatingActivities": -128490000, "totalCashFromOperatingActivities": 202560000, "capitalExpenditures": -954850000, "investments": -38940000, "otherCashflowsFromInvestingActivities": 213190000, "totalCashflowsFromInvestingActivities": -780510000, "dividendsPaid": -378940000, "netBorrowings": 790660000, "otherCashflowsFromFinancingActivities": -162740000, "totalCashFromFinancingActivities": 248980000, "changeInCash": -328970000}, {"maxAge": 1, "endDate": "2017-03-31", "netIncome": 1263130000, "depreciation": 171470000, "changeToNetincome": -117580000, "changeToAccountReceivables": -794730000, "changeToLiabilities": 130800000, "changeToInventory": 825030000, "changeToOperatingActivities": -293870000, "totalCashFromOperatingActivities": 1189420000, "capitalExpenditures": -815990000, "investments": -4950000, "otherCashflowsFromInvestingActivities": 172440000, "totalCashflowsFromInvestingActivities": -648500000, "dividendsPaid": -354090000, "netBorrowings": 47710000, "otherCashflowsFromFinancingActivities": -118850000, "totalCashFromFinancingActivities": -425230000, "changeInCash": 115690000}], "maxAge": 86400}, "institutionOwnership": {"ownershipList": [], "maxAge": 1}, "majorHoldersBreakdown": {"maxAge": 1, "insidersPercentHeld": 0.74, "institutionsPercentHeld": 0.16517, "institutionsFloatPercentHeld": 0.63526, "institutionsCount": 22}, "balanceSheetHistoryQuarterly": {"balanceSheetStatements": [{"maxAge": 1, "endDate": "2020-12-31", "totalStockholderEquity": 9874309000, "netTangibleAssets": 9862321000}, {"maxAge": 1, "endDate": "2020-09-30", "cash": 315921000, "shortTermInvestments": 101079000, "netReceivables": 3368289000, "inventory": 9325150000, "otherCurrentAssets": 1850852000, "totalCurrentAssets": 14961291000, "longTermInvestments": 204033000, "propertyPlantEquipment": 8740064000, "intangibleAssets": 11988000, "otherAssets": 260984000, "totalAssets": 24178360000, "accountsPayable": 1168767000, "otherCurrentLiab": 4157766000, "otherLiab": 7475263000, "totalCurrentLiabilities": 6828788000, "totalLiab": 14304051000, "commonStock": 1873400000, "treasuryStock": 8000909000, "otherStockholderEquity": 8000909000, "totalStockholderEquity": 9874309000, "netTangibleAssets": 9862321000}, {"maxAge": 1, "endDate": "2020-06-30", "totalStockholderEquity": 9567591000, "netTangibleAssets": 9557180000}, {"maxAge": 1, "endDate": "2020-03-31", "cash": 727103000, "netReceivables": 4800682000, "inventory": 9105037000, "otherCurrentAssets": 491166000, "totalCurrentAssets": 15142345000, "longTermInvestments": 183725000, "propertyPlantEquipment": 8445253000, "intangibleAssets": 10411000, "otherAssets": 181828000, "totalAssets": 23963562000, "accountsPayable": 1288984000, "otherCurrentLiab": 3960422000, "longTermDebt": 1841000, "otherLiab": 7425630000, "totalCurrentLiabilities": 6968500000, "totalLiab": 14395971000, "commonStock": 1873400000, "retainedEarnings": 7687495000, "treasuryStock": 6696000, "otherStockholderEquity": 6696000, "totalStockholderEquity": 9567591000, "netTangibleAssets": 9557180000}], "maxAge": 86400}, "indexTrend": {"maxAge": 1, "symbol": "SP5", "peRatio": 19.7411, "pegRatio": 1.34172, "estimates": [{"period": "0q", "growth": 0.549}, {"period": "+1q", "growth": 0.431}, {"period": "0y", "growth": 0.305}, {"period": "+1y", "growth": 0.109}, {"period": "+5y", "growth": 0.120865}, {"period": "-5y"}]}, "defaultKeyStatistics": {"maxAge": 1, "priceHint": 2, "enterpriseValue": 35638542336, "profitMargins": 0.1965, "floatShares": 48428930, "sharesOutstanding": 187340000, "heldPercentInsiders": 0.74, "heldPercentInstitutions": 0.16517, "beta": 0.341559, "category": null, "bookValue": 52.834, "priceToBook": 3.4911232, "fundFamily": null, "legalType": null, "lastFiscalYearEnd": "2020-03-31 05:30:00", "nextFiscalYearEnd": "2022-03-31 05:30:00", "mostRecentQuarter": "2020-12-31 05:30:00", "earningsQuarterlyGrowth": -0.006, "netIncomeToCommon": 1318512000, "trailingEps": 7.04, "lastSplitFactor": null, "enterpriseToRevenue": 5.311, "enterpriseToEbitda": 18.236}, "summaryProfile": {"address1": "PO Kanchanbagh", "city": "Hyderabad", "zip": "500058", "country": "India", "phone": "91 40 2418 4515", "fax": "91 40 2434 0214", "website": "http://www.midhani-india.in", "industry": "Steel", "sector": "Basic Materials", "longBusinessSummary": "Mishra Dhatu Nigam Limited manufactures and sells special steels, super alloys, and titanium alloys in India and internationally. The company offers special steels, including martensitic steel, high strength special steel, austenitic steel, and precipitation hardening steel; nickel base, iron base, and cobalt base super alloys used in aeronautics, space, nuclear, chemical, petrochemical, power generation, and furnace industries; and titanium. It also provides soft magnetic and controlled expansion alloys; bars, bright bars, and wire/fine wire; and hot and cold rolled sheets, and strip, as well as open-die forging products. In addition, the company offers special weld consumables, fasteners, biomedical implants, and armour products. The company was founded in 1973 and is based in Hyderabad, India.", "fullTimeEmployees": 786, "companyOfficers": [], "maxAge": 86400}, "netSharePurchaseActivity": {"maxAge": 1, "period": "6m", "buyInfoCount": 0, "buyInfoShares": 0, "sellInfoCount": 0, "netInfoCount": 0, "netInfoShares": 0, "netPercentInsiderShares": 0.0, "totalInsiderShares": 138625280}, "quoteType": {"exchange": "NSI", "quoteType": "EQUITY", "symbol": "MIDHANI.NS", "underlyingSymbol": "MIDHANI.NS", "shortName": "MISHRA DHATU NIGAM", "longName": "Mishra Dhatu Nigam Limited", "firstTradeDateEpochUtc": "2018-04-04 09:15:00", "timeZoneFullName": "Asia/Kolkata", "timeZoneShortName": "IST", "uuid": "54de702a-1e33-30a5-a70c-c8a9a4130d35", "gmtOffSetMilliseconds": 19800000, "maxAge": 1}, "incomeStatementHistory": {"incomeStatementHistory": [{"maxAge": 1, "endDate": "2020-03-31", "totalRevenue": 7128757000, "costOfRevenue": 1283379000, "grossProfit": 5845378000, "researchDevelopment": {}, "sellingGeneralAdministrative": 1275769000, "nonRecurring": {}, "otherOperatingExpenses": 2567726000, "totalOperatingExpenses": 5395032000, "operatingIncome": 1733725000, "totalOtherIncomeExpenseNet": 270862000, "ebit": 1733725000, "interestExpense": -59160000, "incomeBeforeTax": 2004587000, "incomeTaxExpense": 423524000, "minorityInterest": {}, "netIncomeFromContinuingOps": 1581063000, "discontinuedOperations": {}, "extraordinaryItems": {}, "effectOfAccountingCharges": {}, "otherItems": {}, "netIncome": 1581063000, "netIncomeApplicableToCommonShares": 1581063000}, {"maxAge": 1, "endDate": "2019-03-31", "totalRevenue": 7108462000, "costOfRevenue": 1967908000, "grossProfit": 5140554000, "researchDevelopment": {}, "sellingGeneralAdministrative": 1127081000, "nonRecurring": {}, "otherOperatingExpenses": 2113291000, "totalOperatingExpenses": 5484209000, "operatingIncome": 1624253000, "totalOtherIncomeExpenseNet": 286225000, "ebit": 1624253000, "interestExpense": -63635000, "incomeBeforeTax": 1910478000, "incomeTaxExpense": 604909000, "minorityInterest": {}, "netIncomeFromContinuingOps": 1305569000, "discontinuedOperations": {}, "extraordinaryItems": {}, "effectOfAccountingCharges": {}, "otherItems": {}, "netIncome": 1305569000, "netIncomeApplicableToCommonShares": 1305569000}, {"maxAge": 1, "endDate": "2018-03-31", "totalRevenue": 6616910000, "costOfRevenue": 1270750000, "grossProfit": 5346160000, "researchDevelopment": {}, "sellingGeneralAdministrative": 1334580000, "nonRecurring": {}, "otherOperatingExpenses": 2039800000, "totalOperatingExpenses": 4877480000, "operatingIncome": 1739430000, "totalOtherIncomeExpenseNet": 243080000, "ebit": 1739430000, "interestExpense": -85600000, "incomeBeforeTax": 1982510000, "incomeTaxExpense": 669890000, "minorityInterest": {}, "netIncomeFromContinuingOps": 1312620000, "discontinuedOperations": {}, "extraordinaryItems": {}, "effectOfAccountingCharges": {}, "otherItems": {}, "netIncome": 1312620000, "netIncomeApplicableToCommonShares": 1312620000}, {"maxAge": 1, "endDate": "2017-03-31", "totalRevenue": 7732810000, "costOfRevenue": 2815260000, "grossProfit": 4917550000, "researchDevelopment": {}, "sellingGeneralAdministrative": 1128170000, "nonRecurring": {}, "otherOperatingExpenses": 1886500000, "totalOperatingExpenses": 6026690000, "operatingIncome": 1706120000, "totalOtherIncomeExpenseNet": 157410000, "ebit": 1706120000, "interestExpense": -46760000, "incomeBeforeTax": 1863530000, "incomeTaxExpense": 600400000, "minorityInterest": {}, "netIncomeFromContinuingOps": 1263130000, "discontinuedOperations": {}, "extraordinaryItems": {}, "effectOfAccountingCharges": {}, "otherItems": {}, "netIncome": 1263130000, "netIncomeApplicableToCommonShares": 1263130000}], "maxAge": 86400}, "fundOwnership": {"ownershipList": [{"maxAge": 1, "reportDate": "2021-01-31", "organization": "USAA Mutual Fund Tr-Capital Growth Fund", "pctHeld": 0.0005, "position": 86223, "value": 16283213}, {"maxAge": 1, "reportDate": "2021-03-31", "organization": "iShares MSCI India Small Cap ETF", "pctHeld": 0.0005, "position": 85406, "value": 15104051}, {"maxAge": 1, "reportDate": "2021-03-31", "organization": "iShares MSCI  Global  Metals & Mining Producers ETF", "pctHeld": 0.0002, "position": 41571, "value": 7351831}, {"maxAge": 1, "reportDate": "2020-12-31", "organization": "College Retirement Equities Fund-Stock Account", "pctHeld": 0.0002, "position": 41373, "value": 8289080}, {"maxAge": 1, "reportDate": "2021-02-28", "organization": "WisdomTree Tr-WisdomTree India Earnings Fd", "pctHeld": 0.0002, "position": 36571, "value": 6992375}, {"maxAge": 1, "reportDate": "2021-01-31", "organization": "DFA Emerging Markets Small Cap Series", "pctHeld": 0.0001, "position": 20660, "value": 3901641}, {"maxAge": 1, "reportDate": "2021-03-31", "organization": "SPDR (R) Idx Shares-SPDR (R) Emerging Markets Small Cap ETF", "pctHeld": 0.0001, "position": 16217, "value": 2867976}, {"maxAge": 1, "reportDate": "2021-01-31", "organization": "DFA Emerging Markets Core Equity Portfolio", "pctHeld": 0.0001, "position": 14785, "value": 2792147}, {"maxAge": 1, "reportDate": "2020-12-31", "organization": "Victory Portfolios-Victory Sophus Emerging Markets Small Cap Fund", "pctHeld": 0.0001, "position": 9666, "value": 1936583}], "maxAge": 1}, "summaryDetail": {"maxAge": 1, "priceHint": 2, "previousClose": 186.5, "open": 184.0, "dayLow": 183.0, "dayHigh": 190.6, "regularMarketPreviousClose": 186.5, "regularMarketOpen": 184.0, "regularMarketDayLow": 183.0, "regularMarketDayHigh": 190.6, "dividendRate": 2.4, "dividendYield": 0.012999999, "exDividendDate": "2021-03-22 05:30:00", "payoutRatio": 0.36360002, "beta": 0.341559, "trailingPE": 26.200283, "volume": 529509, "regularMarketVolume": 529509, "averageVolume": 960037, "averageVolume10days": 946183, "averageDailyVolume10Day": 946183, "bid": 0.0, "ask": 0.0, "bidSize": 0, "askSize": 0, "marketCap": 34536419328, "fiftyTwoWeekLow": 172.8, "fiftyTwoWeekHigh": 237.0, "priceToSalesTrailing12Months": 5.1471004, "fiftyDayAverage": 188.54118, "twoHundredDayAverage": 191.56064, "trailingAnnualDividendRate": 2.76, "trailingAnnualDividendYield": 0.014798927, "currency": "INR", "fromCurrency": null, "lastMarket": null, "algorithm": null, "tradeable": false}, "incomeStatementHistoryQuarterly": {"incomeStatementHistory": [{"maxAge": 1, "endDate": "2020-12-31", "totalRevenue": 1900876000, "costOfRevenue": 251756000, "grossProfit": 1649120000, "researchDevelopment": {}, "sellingGeneralAdministrative": 302567000, "nonRecurring": {}, "otherOperatingExpenses": 482420000, "totalOperatingExpenses": 1105000000, "operatingIncome": 795876000, "totalOtherIncomeExpenseNet": 11758000, "ebit": 795876000, "interestExpense": -33829000, "incomeBeforeTax": 807634000, "incomeTaxExpense": 206300000, "minorityInterest": {}, "netIncomeFromContinuingOps": 601334000, "discontinuedOperations": {}, "extraordinaryItems": {}, "effectOfAccountingCharges": {}, "otherItems": {}, "netIncome": 601334000, "netIncomeApplicableToCommonShares": 601334000}, {"maxAge": 1, "endDate": "2020-09-30", "totalRevenue": 1637705000, "costOfRevenue": 357520000, "grossProfit": 1280185000, "researchDevelopment": {}, "sellingGeneralAdministrative": 293362000, "nonRecurring": {}, "otherOperatingExpenses": 488053000, "totalOperatingExpenses": 1206111000, "operatingIncome": 431594000, "totalOtherIncomeExpenseNet": 11367000, "ebit": 431594000, "interestExpense": -27213000, "incomeBeforeTax": 442961000, "incomeTaxExpense": 117764000, "minorityInterest": {}, "netIncomeFromContinuingOps": 325197000, "discontinuedOperations": {}, "extraordinaryItems": {}, "effectOfAccountingCharges": {}, "otherItems": {}, "netIncome": 325197000, "netIncomeApplicableToCommonShares": 325197000}, {"maxAge": 1, "endDate": "2020-06-30", "totalRevenue": 1134962000, "costOfRevenue": 410994000, "grossProfit": 723968000, "researchDevelopment": {}, "sellingGeneralAdministrative": 273090000, "nonRecurring": {}, "otherOperatingExpenses": 392467000, "totalOperatingExpenses": 1142979000, "operatingIncome": -8017000, "totalOtherIncomeExpenseNet": 3532000, "ebit": -8017000, "interestExpense": -31496000, "incomeBeforeTax": -4485000, "incomeTaxExpense": 4942000, "minorityInterest": {}, "netIncomeFromContinuingOps": -9427000, "discontinuedOperations": {}, "extraordinaryItems": {}, "effectOfAccountingCharges": {}, "otherItems": {}, "netIncome": -9427000, "netIncomeApplicableToCommonShares": -9427000}, {"maxAge": 1, "endDate": "2020-03-31", "totalRevenue": 2036336000, "costOfRevenue": 545113000, "grossProfit": 1491223000, "researchDevelopment": {}, "sellingGeneralAdministrative": 376220000, "nonRecurring": {}, "otherOperatingExpenses": 588792000, "totalOperatingExpenses": 1583393000, "operatingIncome": 452943000, "totalOtherIncomeExpenseNet": 87815000, "ebit": 452943000, "interestExpense": -19733000, "incomeBeforeTax": 540758000, "incomeTaxExpense": 153162000, "minorityInterest": {}, "netIncomeFromContinuingOps": 387596000, "discontinuedOperations": {}, "extraordinaryItems": {}, "effectOfAccountingCharges": {}, "otherItems": {}, "netIncome": 387596000, "netIncomeApplicableToCommonShares": 387596000}], "maxAge": 86400}, "cashflowStatementHistoryQuarterly": {"cashflowStatements": [{"maxAge": 1, "endDate": "2020-12-31", "netIncome": 601334000, "changeToLiabilities": 0}, {"maxAge": 1, "endDate": "2020-09-30", "netIncome": 325197000, "changeToLiabilities": 0}, {"maxAge": 1, "endDate": "2020-06-30", "netIncome": -9427000, "changeToLiabilities": 0}, {"maxAge": 1, "endDate": "2020-03-31", "netIncome": 387596000, "changeToLiabilities": 0}], "maxAge": 86400}, "insiderHolders": {"holders": [], "maxAge": 1}, "calendarEvents": {"maxAge": 1, "earnings": {"earningsDate": ["2020-02-12 05:30:S"]}, "exDividendDate": "2021-03-22 05:30:00"}, "upgradeDowngradeHistory": {"history": [], "maxAge": 86400}, "price": {"maxAge": 1, "regularMarketChangePercent": -0.010991974, "regularMarketChange": -2.050003, "regularMarketTime": "2021-04-30 15:30:00", "priceHint": 2, "regularMarketPrice": 184.45, "regularMarketDayHigh": 190.6, "regularMarketDayLow": 183.0, "regularMarketVolume": 529509, "averageDailyVolume10Day": 946183, "averageDailyVolume3Month": 960037, "regularMarketPreviousClose": 186.5, "regularMarketSource": "FREE_REALTIME", "regularMarketOpen": 184.0, "exchange": "NSI", "exchangeName": "NSE", "exchangeDataDelayedBy": 15, "marketState": "CLOSED", "quoteType": "EQUITY", "symbol": "MIDHANI.NS", "underlyingSymbol": null, "shortName": "MISHRA DHATU NIGAM", "longName": "Mishra Dhatu Nigam Limited", "currency": "INR", "quoteSourceName": "Delayed Quote", "currencySymbol": "\u20b9", "fromCurrency": null, "lastMarket": null, "marketCap": 34536419328}, "balanceSheetHistory": {"balanceSheetStatements": [{"maxAge": 1, "endDate": "2020-03-31", "cash": 727103000, "netReceivables": 4800682000, "inventory": 9105037000, "otherCurrentAssets": 491166000, "totalCurrentAssets": 15142345000, "longTermInvestments": 183725000, "propertyPlantEquipment": 8445253000, "intangibleAssets": 10411000, "otherAssets": 181828000, "totalAssets": 23963562000, "accountsPayable": 1288984000, "otherCurrentLiab": 3960422000, "longTermDebt": 1841000, "otherLiab": 7425630000, "totalCurrentLiabilities": 6968500000, "totalLiab": 14395971000, "commonStock": 1873400000, "retainedEarnings": 7687495000, "treasuryStock": 6696000, "otherStockholderEquity": 6696000, "totalStockholderEquity": 9567591000, "netTangibleAssets": 9557180000}, {"maxAge": 1, "endDate": "2019-03-31", "cash": 1400423000, "netReceivables": 4422381000, "inventory": 5088365000, "otherCurrentAssets": 730191000, "totalCurrentAssets": 11657153000, "propertyPlantEquipment": 5987172000, "intangibleAssets": 12767000, "otherAssets": 589600000, "totalAssets": 18246692000, "accountsPayable": 1284040000, "otherCurrentLiab": 2597932000, "longTermDebt": 5706000, "otherLiab": 4558866000, "totalCurrentLiabilities": 5335029000, "totalLiab": 9899601000, "commonStock": 1873400000, "retainedEarnings": 6447462000, "treasuryStock": 26229000, "otherStockholderEquity": 26229000, "totalStockholderEquity": 8347091000, "netTangibleAssets": 8334324000}, {"maxAge": 1, "endDate": "2018-03-31", "cash": 851080000, "shortTermInvestments": 11560000, "netReceivables": 4327790000, "inventory": 2413800000, "otherCurrentAssets": 1047000000, "totalCurrentAssets": 8652830000, "propertyPlantEquipment": 4077680000, "intangibleAssets": 16580000, "otherAssets": 904910000, "totalAssets": 13652000000, "accountsPayable": 963160000, "otherCurrentLiab": 1723770000, "longTermDebt": 9200000, "otherLiab": 1504910000, "totalCurrentLiabilities": 4247540000, "totalLiab": 5761650000, "commonStock": 1873400000, "retainedEarnings": 5995600000, "treasuryStock": 21350000, "otherStockholderEquity": 21350000, "totalStockholderEquity": 7890350000, "netTangibleAssets": 7873770000}, {"maxAge": 1, "endDate": "2017-03-31", "cash": 1940860000, "netReceivables": 2987690000, "inventory": 2060420000, "otherCurrentAssets": 256680000, "totalCurrentAssets": 7266380000, "propertyPlantEquipment": 3326440000, "intangibleAssets": 9380000, "otherAssets": 408170000, "totalAssets": 11010370000, "accountsPayable": 660310000, "shortLongTermDebt": 74950000, "otherCurrentLiab": 1159180000, "longTermDebt": 12360000, "otherLiab": 1474430000, "totalCurrentLiabilities": 2480140000, "totalLiab": 3966930000, "commonStock": 1873400000, "retainedEarnings": 5139060000, "treasuryStock": 30980000, "otherStockholderEquity": 30980000, "totalStockholderEquity": 7043440000, "netTangibleAssets": 7034060000}], "maxAge": 86400}, "financialData": {"maxAge": 86400, "currentPrice": 184.45, "recommendationKey": "none", "totalCash": 417000000, "totalCashPerShare": 2.226, "ebitda": 1954303744, "totalDebt": 1502254976, "totalRevenue": 6709878784, "debtToEquity": 15.214, "revenuePerShare": 35.828, "grossProfits": 5845378000, "earningsGrowth": -0.006, "revenueGrowth": -0.081, "grossMargins": 0.76669997, "ebitdaMargins": 0.29126, "operatingMargins": 0.24924, "profitMargins": 0.1965, "financialCurrency": "INR"}}}