{"MIDINFRA.BO": {"cashflowStatementHistory": {"cashflowStatements": [{"maxAge": 1, "endDate": "2020-03-31", "netIncome": 3614000, "depreciation": 7521000, "changeToNetincome": -1335000, "changeToAccountReceivables": 217724000, "changeToLiabilities": -57076000, "changeToInventory": -57592000, "changeToOperatingActivities": -20157000, "totalCashFromOperatingActivities": 92699000, "capitalExpenditures": -91019000, "otherCashflowsFromInvestingActivities": 1437000, "totalCashflowsFromInvestingActivities": -89582000, "netBorrowings": 8412000, "otherCashflowsFromFinancingActivities": -103000, "totalCashFromFinancingActivities": 8309000, "changeInCash": 11426000}, {"maxAge": 1, "endDate": "2019-03-31", "netIncome": 14252000, "depreciation": 7284000, "changeToNetincome": 3358000, "changeToAccountReceivables": -238643000, "changeToLiabilities": 262039000, "changeToInventory": -132765000, "changeToOperatingActivities": 28752000, "totalCashFromOperatingActivities": -55723000, "capitalExpenditures": -9897000, "otherCashflowsFromInvestingActivities": 1400000, "totalCashflowsFromInvestingActivities": -8497000, "netBorrowings": 39621000, "otherCashflowsFromFinancingActivities": -38000, "totalCashFromFinancingActivities": 39583000, "changeInCash": -24638000}, {"maxAge": 1, "endDate": "2018-03-31", "netIncome": 10283000, "depreciation": 2197000, "changeToNetincome": -3387000, "changeToAccountReceivables": -33868000, "changeToLiabilities": 217374000, "changeToInventory": -304258000, "changeToOperatingActivities": 12967000, "totalCashFromOperatingActivities": -98692000, "capitalExpenditures": -19326000, "investments": 5271000, "otherCashflowsFromInvestingActivities": 1771000, "totalCashflowsFromInvestingActivities": 17716000, "netBorrowings": 107708000, "otherCashflowsFromFinancingActivities": -38000, "totalCashFromFinancingActivities": 107708000, "changeInCash": 26731000}, {"maxAge": 1, "endDate": "2017-03-31", "netIncome": -879728, "depreciation": 1159908, "changeToNetincome": -1204568, "changeToAccountReceivables": -1709547, "changeToLiabilities": 1227802, "changeToInventory": -6097665, "changeToOperatingActivities": 4356379, "totalCashFromOperatingActivities": -2959218, "capitalExpenditures": -19326000, "investments": -500000, "otherCashflowsFromInvestingActivities": 1771000, "totalCashflowsFromInvestingActivities": -500000, "netBorrowings": -276020, "otherCashflowsFromFinancingActivities": -38000, "totalCashFromFinancingActivities": -276020, "changeInCash": -3735238}], "maxAge": 86400}, "institutionOwnership": {"maxAge": 1, "ownershipList": []}, "balanceSheetHistoryQuarterly": {"balanceSheetStatements": [{"maxAge": 1, "endDate": "2020-06-30", "totalStockholderEquity": 169468612, "netTangibleAssets": 169468612}, {"maxAge": 1, "endDate": "2020-03-31", "cash": 14161853, "netReceivables": 64322452, "inventory": 500713334, "otherCurrentAssets": 4093746, "totalCurrentAssets": 583291385, "longTermInvestments": 20000000, "propertyPlantEquipment": 105307829, "otherAssets": 103976944, "totalAssets": 812576158, "accountsPayable": 427599098, "otherCurrentLiab": 57282772, "longTermDebt": 156033996, "otherLiab": 2191680, "totalCurrentLiabilities": 484881870, "totalLiab": 643107546, "commonStock": 122000000, "treasuryStock": 47468612, "otherStockholderEquity": 47468612, "totalStockholderEquity": 169468612, "netTangibleAssets": 169468612}, {"maxAge": 1, "endDate": "2019-12-31"}, {"maxAge": 1, "endDate": "2019-09-30"}], "maxAge": 86400}, "indexTrend": {"maxAge": 1, "symbol": "SP5", "peRatio": 19.7411, "pegRatio": 1.34172, "estimates": [{"period": "0q", "growth": 0.549}, {"period": "+1q", "growth": 0.431}, {"period": "0y", "growth": 0.305}, {"period": "+1y", "growth": 0.109}, {"period": "+5y", "growth": 0.120859005}, {"period": "-5y"}]}, "quoteType": {"exchange": "BSE", "quoteType": "EQUITY", "symbol": "MIDINFRA.BO", "underlyingSymbol": "MIDINFRA.BO", "shortName": "MIDAS INFRA TRADE LIMITED", "longName": "Midas Infra Trade Limited", "firstTradeDateEpochUtc": "2000-01-03 09:15:00", "timeZoneFullName": "Asia/Kolkata", "timeZoneShortName": "IST", "uuid": "48cd41df-e25e-3693-8681-6be93fb5f7c7", "messageBoardId": null, "gmtOffSetMilliseconds": 19800000, "maxAge": 1}, "incomeStatementHistory": {"incomeStatementHistory": [{"maxAge": 1, "endDate": "2020-03-31", "totalRevenue": 1175120000, "costOfRevenue": 1076622000, "grossProfit": 98498000, "researchDevelopment": {}, "sellingGeneralAdministrative": 28159000, "nonRecurring": {}, "otherOperatingExpenses": 59022000, "totalOperatingExpenses": 1171324000, "operatingIncome": 3796000, "totalOtherIncomeExpenseNet": 1316600, "ebit": 3796000, "interestExpense": -103000, "incomeBeforeTax": 5112600, "incomeTaxExpense": 1498600, "minorityInterest": {}, "netIncomeFromContinuingOps": 3614000, "discontinuedOperations": {}, "extraordinaryItems": {}, "effectOfAccountingCharges": {}, "otherItems": {}, "netIncome": 3614000, "netIncomeApplicableToCommonShares": 3614000}, {"maxAge": 1, "endDate": "2019-03-31", "totalRevenue": 1584421000, "costOfRevenue": 1425039000, "grossProfit": 159382000, "researchDevelopment": {}, "sellingGeneralAdministrative": 103437000, "nonRecurring": {}, "otherOperatingExpenses": 27208000, "totalOperatingExpenses": 1562968000, "operatingIncome": 21453000, "totalOtherIncomeExpenseNet": 1721000, "ebit": 21453000, "interestExpense": -39000, "incomeBeforeTax": 22814000, "incomeTaxExpense": 8562000, "minorityInterest": {}, "netIncomeFromContinuingOps": 14252000, "discontinuedOperations": {}, "extraordinaryItems": {}, "effectOfAccountingCharges": {}, "otherItems": {}, "netIncome": 14252000, "netIncomeApplicableToCommonShares": 14252000}, {"maxAge": 1, "endDate": "2018-03-31", "totalRevenue": 403069000, "costOfRevenue": 360576000, "grossProfit": 42493000, "researchDevelopment": {}, "sellingGeneralAdministrative": 22266000, "nonRecurring": {}, "otherOperatingExpenses": 4253000, "totalOperatingExpenses": 389292000, "operatingIncome": 13777000, "totalOtherIncomeExpenseNet": 3388000, "ebit": 13777000, "interestExpense": -39000, "incomeBeforeTax": 17165000, "incomeTaxExpense": 6882000, "minorityInterest": {}, "netIncomeFromContinuingOps": 10283000, "discontinuedOperations": {}, "extraordinaryItems": {}, "effectOfAccountingCharges": {}, "otherItems": {}, "netIncome": 10283000, "netIncomeApplicableToCommonShares": 10283000}, {"maxAge": 1, "endDate": "2017-03-31", "totalRevenue": 3470379, "costOfRevenue": 94935, "grossProfit": 3375444, "researchDevelopment": {}, "sellingGeneralAdministrative": 5236214, "nonRecurring": {}, "otherOperatingExpenses": 65722, "totalOperatingExpenses": 6556779, "operatingIncome": -3086400, "totalOtherIncomeExpenseNet": 1002104, "ebit": -3086400, "interestExpense": -54230, "incomeBeforeTax": -2084296, "incomeTaxExpense": -1204568, "minorityInterest": {}, "netIncomeFromContinuingOps": -879728, "discontinuedOperations": {}, "extraordinaryItems": {}, "effectOfAccountingCharges": {}, "otherItems": {}, "netIncome": -879728, "netIncomeApplicableToCommonShares": -879728}], "maxAge": 86400}, "fundOwnership": {"maxAge": 1, "ownershipList": []}, "summaryDetail": {"maxAge": 1, "priceHint": 4, "previousClose": 1.1, "open": 1.05, "dayLow": 1.05, "dayHigh": 1.05, "regularMarketPreviousClose": 1.1, "regularMarketOpen": 1.05, "regularMarketDayLow": 1.05, "regularMarketDayHigh": 1.05, "volume": 852, "regularMarketVolume": 852, "averageVolume": 2338, "averageVolume10days": 226, "averageDailyVolume10Day": 226, "bid": 0.0, "ask": 1.05, "marketCap": 130183192, "fiftyTwoWeekLow": 0.55, "fiftyTwoWeekHigh": 2.14, "fiftyDayAverage": 1.3885714, "twoHundredDayAverage": 1.0567154, "currency": "INR", "fromCurrency": null, "toCurrency": null, "lastMarket": null, "algorithm": null, "tradeable": false}, "incomeStatementHistoryQuarterly": {"incomeStatementHistory": [{"maxAge": 1, "endDate": "2020-06-30", "totalRevenue": 28731000, "costOfRevenue": 23404000, "grossProfit": 5327000, "researchDevelopment": {}, "sellingGeneralAdministrative": 657000, "nonRecurring": {}, "otherOperatingExpenses": 3864000, "totalOperatingExpenses": 30052000, "operatingIncome": -1321000, "totalOtherIncomeExpenseNet": -15000, "ebit": -1321000, "interestExpense": -21000, "incomeBeforeTax": -1336000, "incomeTaxExpense": 0, "minorityInterest": {}, "netIncomeFromContinuingOps": -1336000, "discontinuedOperations": {}, "extraordinaryItems": {}, "effectOfAccountingCharges": {}, "otherItems": {}, "netIncome": -1336000, "netIncomeApplicableToCommonShares": -1336000}, {"maxAge": 1, "endDate": "2020-03-31", "totalRevenue": 133022000, "costOfRevenue": 109454000, "grossProfit": 23568000, "researchDevelopment": {}, "sellingGeneralAdministrative": 5223000, "nonRecurring": {}, "otherOperatingExpenses": 24383000, "totalOperatingExpenses": 141118000, "operatingIncome": -8096000, "totalOtherIncomeExpenseNet": 1404000, "ebit": -8096000, "interestExpense": -34000, "incomeBeforeTax": -6692000, "incomeTaxExpense": -1530000, "minorityInterest": {}, "netIncomeFromContinuingOps": -5162000, "discontinuedOperations": {}, "extraordinaryItems": {}, "effectOfAccountingCharges": {}, "otherItems": {}, "netIncome": -5162000, "netIncomeApplicableToCommonShares": -5162000}, {"maxAge": 1, "endDate": "2019-12-31", "totalRevenue": 332939000, "costOfRevenue": 316823000, "grossProfit": 16116000, "researchDevelopment": {}, "sellingGeneralAdministrative": 6443000, "nonRecurring": {}, "otherOperatingExpenses": 7863000, "totalOperatingExpenses": 333501000, "operatingIncome": -562000, "totalOtherIncomeExpenseNet": -54000, "ebit": -562000, "interestExpense": -55000, "incomeBeforeTax": -616000, "incomeTaxExpense": -158000, "minorityInterest": {}, "netIncomeFromContinuingOps": -458000, "discontinuedOperations": {}, "extraordinaryItems": {}, "effectOfAccountingCharges": {}, "otherItems": {}, "netIncome": -458000, "netIncomeApplicableToCommonShares": -458000}, {"maxAge": 1, "endDate": "2019-09-30", "totalRevenue": 217814000, "costOfRevenue": 193210000, "grossProfit": 24604000, "researchDevelopment": {}, "sellingGeneralAdministrative": 7908000, "nonRecurring": {}, "otherOperatingExpenses": 10932000, "totalOperatingExpenses": 213458000, "operatingIncome": 4356000, "totalOtherIncomeExpenseNet": -6000, "ebit": 4356000, "interestExpense": -6000, "incomeBeforeTax": 4350000, "incomeTaxExpense": 1121000, "minorityInterest": {}, "netIncomeFromContinuingOps": 3229000, "discontinuedOperations": {}, "extraordinaryItems": {}, "effectOfAccountingCharges": {}, "otherItems": {}, "netIncome": 3229000, "netIncomeApplicableToCommonShares": 3229000}], "maxAge": 86400}, "cashflowStatementHistoryQuarterly": {"cashflowStatements": [{"maxAge": 1, "endDate": "2020-06-30", "netIncome": -1336000, "changeToLiabilities": 0}, {"maxAge": 1, "endDate": "2020-03-31", "netIncome": -5162000, "changeToLiabilities": 0}, {"maxAge": 1, "endDate": "2019-12-31", "netIncome": -458000, "changeToLiabilities": 0}, {"maxAge": 1, "endDate": "2019-09-30", "netIncome": 3229000, "changeToLiabilities": 0}], "maxAge": 86400}, "insiderHolders": {"holders": [], "maxAge": 1}, "calendarEvents": {"maxAge": 1, "earnings": {"earningsDate": []}}, "price": {"maxAge": 1, "regularMarketChangePercent": -0.04545461, "regularMarketChange": -0.05000007, "regularMarketTime": "2021-04-30 15:23:45", "priceHint": 4, "regularMarketPrice": 1.05, "regularMarketDayHigh": 1.05, "regularMarketDayLow": 1.05, "regularMarketVolume": 852, "averageDailyVolume10Day": 226, "averageDailyVolume3Month": 2338, "regularMarketPreviousClose": 1.1, "regularMarketSource": "FREE_REALTIME", "regularMarketOpen": 1.05, "exchange": "BSE", "exchangeName": "BSE", "exchangeDataDelayedBy": 0, "marketState": "CLOSED", "quoteType": "EQUITY", "symbol": "MIDINFRA.BO", "underlyingSymbol": null, "shortName": "MIDAS INFRA TRADE LIMITED", "longName": "Midas Infra Trade Limited", "currency": "INR", "quoteSourceName": "Delayed Quote", "currencySymbol": "\u20b9", "fromCurrency": null, "toCurrency": null, "lastMarket": null, "marketCap": 130183192}, "balanceSheetHistory": {"balanceSheetStatements": [{"maxAge": 1, "endDate": "2020-03-31", "cash": 14161853, "netReceivables": 64322452, "inventory": 500713334, "otherCurrentAssets": 4093746, "totalCurrentAssets": 583291385, "longTermInvestments": 20000000, "propertyPlantEquipment": 105307829, "otherAssets": 103976944, "totalAssets": 812576158, "accountsPayable": 427599098, "otherCurrentLiab": 57282772, "longTermDebt": 156033996, "otherLiab": 2191680, "totalCurrentLiabilities": 484881870, "totalLiab": 643107546, "commonStock": 122000000, "treasuryStock": 47468612, "otherStockholderEquity": 47468612, "totalStockholderEquity": 169468612, "netTangibleAssets": 169468612}, {"maxAge": 1, "endDate": "2019-03-31", "cash": 2736000, "shortTermInvestments": 20000000, "netReceivables": 284174000, "inventory": 443122000, "otherCurrentAssets": 3950000, "totalCurrentAssets": 733982000, "longTermInvestments": 20000000, "propertyPlantEquipment": 18387000, "intangibleAssets": 3422000, "otherAssets": 69427000, "totalAssets": 845218000, "accountsPayable": 484675000, "shortLongTermDebt": 330000, "otherCurrentLiab": 36097000, "longTermDebt": 147621000, "otherLiab": 1591000, "totalCurrentLiabilities": 530150000, "totalLiab": 679362000, "commonStock": 122000000, "retainedEarnings": 25930000, "treasuryStock": 17926000, "otherStockholderEquity": 17926000, "totalStockholderEquity": 165856000, "netTangibleAssets": 162434000}, {"maxAge": 1, "endDate": "2018-03-31", "cash": 27374000, "netReceivables": 44781000, "inventory": 310356000, "otherCurrentAssets": 4009000, "totalCurrentAssets": 386520000, "longTermInvestments": 20000000, "propertyPlantEquipment": 15598000, "intangibleAssets": 3597000, "otherAssets": 66315000, "totalAssets": 492030000, "accountsPayable": 222636000, "otherCurrentLiab": 4876000, "longTermDebt": 108000000, "otherLiab": 728000, "totalCurrentLiabilities": 231698000, "totalLiab": 340426000, "commonStock": 122000000, "retainedEarnings": 11678000, "treasuryStock": 17926000, "otherStockholderEquity": 17926000, "totalStockholderEquity": 151604000, "netTangibleAssets": 148007000}, {"maxAge": 1, "endDate": "2017-03-31", "cash": 643021, "shortTermInvestments": 5270500, "netReceivables": 3236802, "inventory": 6097665, "otherCurrentAssets": 240000, "totalCurrentAssets": 15487988, "longTermInvestments": 20000000, "propertyPlantEquipment": 30450123, "otherAssets": 72437675, "totalAssets": 138375786, "accountsPayable": 2622844, "otherLiab": -6102473, "totalCurrentLiabilities": 3157158, "totalLiab": -2945315, "commonStock": 122000000, "retainedEarnings": 1395351, "treasuryStock": 17925750, "otherStockholderEquity": 17925750, "totalStockholderEquity": 141321101, "netTangibleAssets": 141321101}], "maxAge": 86400}, "financialData": {"maxAge": 86400, "currentPrice": 1.05, "recommendationKey": "none", "grossProfits": 98498000, "financialCurrency": "INR"}}}