{"MILLENNIUM.BO": {"cashflowStatementHistory": {"cashflowStatements": [{"maxAge": 1, "endDate": "2020-03-31", "netIncome": -454040, "changeToLiabilities": 0}, {"maxAge": 1, "endDate": "2019-03-31", "netIncome": 329227, "depreciation": 42810, "changeToNetincome": -90143, "changeToAccountReceivables": 2266474, "changeToLiabilities": -16020261, "changeToInventory": 13542155, "changeToOperatingActivities": 3350272, "totalCashFromOperatingActivities": 3420534, "investments": -2100000, "totalCashflowsFromInvestingActivities": -2100000, "netBorrowings": 215830, "totalCashFromFinancingActivities": 215830, "changeInCash": 1536364}, {"maxAge": 1, "endDate": "2018-03-31", "netIncome": 267862, "depreciation": 55387, "changeToNetincome": -21135, "changeToAccountReceivables": 4327307, "changeToLiabilities": 10994869, "changeToInventory": -12009369, "changeToOperatingActivities": -4625293, "totalCashFromOperatingActivities": -1010372, "investments": -2100000, "totalCashflowsFromInvestingActivities": -2100000, "netBorrowings": 20442, "totalCashFromFinancingActivities": 20442, "changeInCash": -989930}, {"maxAge": 1, "endDate": "2017-03-31", "netIncome": 130355, "depreciation": 98126, "changeToNetincome": -6619, "changeToAccountReceivables": 1128093, "changeToLiabilities": 13819402, "changeToInventory": 11272, "changeToOperatingActivities": -14142397, "totalCashFromOperatingActivities": 1038232, "capitalExpenditures": -5177, "investments": -2100000, "totalCashflowsFromInvestingActivities": -5177, "netBorrowings": -1099284, "totalCashFromFinancingActivities": -1099284, "changeInCash": -66229}], "maxAge": 86400}, "institutionOwnership": {"maxAge": 1, "ownershipList": []}, "balanceSheetHistoryQuarterly": {"balanceSheetStatements": [{"maxAge": 1, "endDate": "2020-06-30", "totalStockholderEquity": 53228000, "netTangibleAssets": 53228000}, {"maxAge": 1, "endDate": "2020-03-31", "cash": 3587388, "netReceivables": 18139298, "inventory": 44948032, "otherCurrentAssets": 96965, "totalCurrentAssets": 66798926, "longTermInvestments": 14091012, "propertyPlantEquipment": 307615, "goodWill": 2025000, "otherAssets": 18464360, "totalAssets": 101686913, "longTermDebt": 16936630, "otherLiab": -85578, "totalCurrentLiabilities": 31607150, "totalLiab": 48458202, "commonStock": 50019510, "retainedEarnings": -6837354, "treasuryStock": 1650000, "capitalSurplus": 8396555, "otherStockholderEquity": 1650000, "totalStockholderEquity": 53228711, "netTangibleAssets": 51203711}, {"maxAge": 1, "endDate": "2019-12-31", "totalStockholderEquity": 52969808, "netTangibleAssets": 52963308}, {"maxAge": 1, "endDate": "2019-09-30", "cash": 4306386, "netReceivables": 6289289, "inventory": 47127787, "otherCurrentAssets": 1971802, "totalCurrentAssets": 59695264, "longTermInvestments": 14031053, "propertyPlantEquipment": 335795, "intangibleAssets": 6500, "otherAssets": 20341193, "totalAssets": 94409805, "accountsPayable": 22700625, "longTermDebt": 18824950, "otherLiab": -85578, "totalCurrentLiabilities": 22700625, "totalLiab": 41439997, "commonStock": 50019510, "treasuryStock": 2950298, "otherStockholderEquity": 2950298, "totalStockholderEquity": 52969808, "netTangibleAssets": 52963308}], "maxAge": 86400}, "indexTrend": {"maxAge": 1, "symbol": "SP5", "peRatio": 19.7411, "pegRatio": 1.34172, "estimates": [{"period": "0q", "growth": 0.549}, {"period": "+1q", "growth": 0.431}, {"period": "0y", "growth": 0.305}, {"period": "+1y", "growth": 0.109}, {"period": "+5y", "growth": 0.120859005}, {"period": "-5y"}]}, "insiderTransactions": {"transactions": [{"maxAge": 1, "shares": 7760, "filerUrl": "", "transactionText": "", "filerName": "Sheiladeep Investments Pvt Ltd", "filerRelation": "UNREPORTED", "moneyText": "", "startDate": "2016-07-19", "ownership": "D"}, {"maxAge": 1, "shares": 269930, "filerUrl": "", "transactionText": "", "filerName": "Bharati (Jaya Suresh)", "filerRelation": "UNREPORTED", "moneyText": "", "startDate": "2014-12-24", "ownership": "D"}, {"maxAge": 1, "shares": 146300, "filerUrl": "", "transactionText": "", "filerName": "Bharati (Jaya Suresh)", "filerRelation": "UNREPORTED", "moneyText": "", "startDate": "2014-12-24", "ownership": "D"}, {"maxAge": 1, "shares": 269930, "filerUrl": "", "transactionText": "", "filerName": "Khuva (Pooja Nitesh)", "filerRelation": "UNREPORTED", "moneyText": "", "startDate": "2014-12-24", "ownership": "D"}, {"maxAge": 1, "shares": 263552, "filerUrl": "", "transactionText": "", "filerName": "Bharati (Jaya Suresh)", "filerRelation": "UNREPORTED", "moneyText": "", "startDate": "2014-12-18", "ownership": "D"}, {"maxAge": 1, "shares": 171831, "filerUrl": "", "transactionText": "", "filerName": "Shakuntala", "filerRelation": "UNREPORTED", "moneyText": "", "startDate": "2014-12-18", "ownership": "D"}, {"maxAge": 1, "shares": 6070, "filerUrl": "", "transactionText": "", "filerName": "Gupta (Anshu)", "filerRelation": "UNREPORTED", "moneyText": "", "startDate": "2014-12-18", "ownership": "D"}, {"maxAge": 1, "shares": 263552, "filerUrl": "", "transactionText": "", "filerName": "Khuha (Dolly Mukesh)", "filerRelation": "UNREPORTED", "moneyText": "", "startDate": "2014-12-18", "ownership": "D"}, {"maxAge": 1, "shares": 209748, "filerUrl": "", "transactionText": "", "filerName": "Goswani (Sunita Dinesh)", "filerRelation": "UNREPORTED", "moneyText": "", "startDate": "2014-12-08", "ownership": "D"}, {"maxAge": 1, "shares": 149745, "filerUrl": "", "transactionText": "", "filerName": "Gupta (Anshu)", "filerRelation": "UNREPORTED", "moneyText": "", "startDate": "2014-12-08", "ownership": "D"}, {"maxAge": 1, "shares": 149745, "filerUrl": "", "transactionText": "", "filerName": "Khuva (Parvati)", "filerRelation": "UNREPORTED", "moneyText": "", "startDate": "2014-12-08", "ownership": "D"}, {"maxAge": 1, "shares": 318131, "filerUrl": "", "transactionText": "", "filerName": "Shakuntala", "filerRelation": "UNREPORTED", "moneyText": "", "startDate": "2014-09-29", "ownership": "D"}, {"maxAge": 1, "shares": 318131, "filerUrl": "", "transactionText": "", "filerName": "Goswami (Dinesh Kanaiyalal)", "filerRelation": "UNREPORTED", "moneyText": "", "startDate": "2014-09-29", "ownership": "D"}, {"maxAge": 1, "shares": 237250, "filerUrl": "", "transactionText": "", "filerName": "Goswani (Sunita Dinesh)", "filerRelation": "UNREPORTED", "moneyText": "", "startDate": "2014-09-29", "ownership": "D"}, {"maxAge": 1, "shares": 8537, "filerUrl": "", "transactionText": "", "filerName": "Jhaveri (Gayatri)", "filerRelation": "Promoter", "moneyText": "", "startDate": "2013-02-28", "ownership": "D"}, {"maxAge": 1, "shares": 62403, "filerUrl": "", "transactionText": "", "filerName": "Matangi Investments Ltd", "filerRelation": "Promoter", "moneyText": "", "startDate": "2013-02-27", "ownership": "D"}, {"maxAge": 1, "shares": 207785, "filerUrl": "", "transactionText": "", "filerName": "Maparna Investments Ltd", "filerRelation": "Promoter", "moneyText": "", "startDate": "2013-02-26", "ownership": "D"}, {"maxAge": 1, "shares": 237250, "filerUrl": "", "transactionText": "", "filerName": "Mayoga Investments Ltd", "filerRelation": "Promoter", "moneyText": "", "startDate": "2013-02-25", "ownership": "D"}, {"maxAge": 1, "shares": 110346, "filerUrl": "", "transactionText": "", "filerName": "Mahagauri Investments Ltd", "filerRelation": "Promoter", "moneyText": "", "startDate": "2013-02-15", "ownership": "D"}, {"maxAge": 1, "shares": 26258, "filerUrl": "", "transactionText": "", "filerName": "Estate of Mafatlal (Yogindra)", "filerRelation": "Promoter", "moneyText": "", "startDate": "2013-02-08", "ownership": "D"}, {"maxAge": 1, "shares": 29442, "filerUrl": "", "transactionText": "", "filerName": "Estate of Mafatlal (Yogindra)", "filerRelation": "Promoter", "moneyText": "", "startDate": "2013-02-07", "ownership": "D"}, {"maxAge": 1, "shares": 33159, "filerUrl": "", "transactionText": "", "filerName": "Taktawala (Malavika S)", "filerRelation": "UNREPORTED", "moneyText": "", "startDate": "2013-02-06", "ownership": "D"}, {"maxAge": 1, "shares": 4015, "filerUrl": "", "transactionText": "", "filerName": "Shah (Anand)", "filerRelation": "UNREPORTED", "moneyText": "", "startDate": "2013-02-05", "ownership": "D"}, {"maxAge": 1, "shares": 4199, "filerUrl": "", "transactionText": "", "filerName": "Shah (Kaunteya)", "filerRelation": "UNREPORTED", "moneyText": "", "startDate": "2013-02-05", "ownership": "D"}, {"maxAge": 1, "shares": 424740, "filerUrl": "", "transactionText": "", "filerName": "Classic Filaments Ltd", "filerRelation": "Promoter", "moneyText": "", "startDate": "2013-02-04", "ownership": "D"}, {"maxAge": 1, "shares": 71512, "filerUrl": "", "transactionText": "", "filerName": "Mangalya Trading & Investments Ltd", "filerRelation": "Promoter", "moneyText": "", "startDate": "2013-02-01", "ownership": "D"}, {"maxAge": 1, "shares": 14513, "filerUrl": "", "transactionText": "", "filerName": "Mafatlal (Varun Atulya)", "filerRelation": "Promoter", "moneyText": "", "startDate": "2013-01-31", "ownership": "D"}, {"maxAge": 1, "shares": 167324, "filerUrl": "", "transactionText": "", "filerName": "Mangalya Trading & Investments Ltd", "filerRelation": "Promoter", "moneyText": "", "startDate": "2013-01-30", "ownership": "D"}, {"maxAge": 1, "shares": 71995, "filerUrl": "", "transactionText": "", "filerName": "Mafatlal (Madhuriben Y)", "filerRelation": "Promoter", "moneyText": "", "startDate": "2013-01-29", "ownership": "D"}, {"maxAge": 1, "shares": 13705, "filerUrl": "", "transactionText": "", "filerName": "Mafatlal (Atulya)", "filerRelation": "Promoter", "moneyText": "", "startDate": "2013-01-29", "ownership": "D"}, {"maxAge": 1, "shares": 25325, "filerUrl": "", "transactionText": "", "filerName": "Mahavidya Investments Ltd", "filerRelation": "Promoter", "moneyText": "", "startDate": "2013-01-28", "ownership": "D"}, {"maxAge": 1, "shares": 23034, "filerUrl": "", "transactionText": "", "filerName": "Mafatlal (Aparna)", "filerRelation": "Promoter", "moneyText": "", "startDate": "2013-01-28", "ownership": "D"}], "maxAge": 1}, "quoteType": {"exchange": "BSE", "quoteType": "EQUITY", "symbol": "MILLENNIUM.BO", "underlyingSymbol": "MILLENNIUM.BO", "shortName": "Millennium Online Solutions (I", "longName": "Millennium Online Solutions (India) Limited", "firstTradeDateEpochUtc": "2011-11-18 09:15:00", "timeZoneFullName": "Asia/Kolkata", "timeZoneShortName": "IST", "uuid": "74754528-b267-33bc-9bc2-2864ae8e559a", "messageBoardId": null, "gmtOffSetMilliseconds": 19800000, "maxAge": 1}, "incomeStatementHistory": {"incomeStatementHistory": [{"maxAge": 1, "endDate": "2020-03-31", "totalRevenue": 53974385, "costOfRevenue": 42668817, "grossProfit": 11305568, "researchDevelopment": {}, "sellingGeneralAdministrative": 6089720, "nonRecurring": {}, "otherOperatingExpenses": 4215923, "totalOperatingExpenses": 53009140, "operatingIncome": 965245, "totalOtherIncomeExpenseNet": -1419285, "ebit": 965245, "interestExpense": -38239, "incomeBeforeTax": -454040, "incomeTaxExpense": 0, "minorityInterest": {}, "netIncomeFromContinuingOps": -454040, "discontinuedOperations": {}, "extraordinaryItems": {}, "effectOfAccountingCharges": {}, "otherItems": {}, "netIncome": -454040, "netIncomeApplicableToCommonShares": -454040}, {"maxAge": 1, "endDate": "2019-03-31", "totalRevenue": 70289138, "costOfRevenue": 55500289, "grossProfit": 14788849, "researchDevelopment": {}, "sellingGeneralAdministrative": 7203790, "nonRecurring": {}, "otherOperatingExpenses": 5289041, "totalOperatingExpenses": 68035930, "operatingIncome": 2253208, "totalOtherIncomeExpenseNet": -1919012, "ebit": 2253208, "interestExpense": -27722, "incomeBeforeTax": 334196, "incomeTaxExpense": 4969, "minorityInterest": {}, "netIncomeFromContinuingOps": 329227, "discontinuedOperations": {}, "extraordinaryItems": {}, "effectOfAccountingCharges": {}, "otherItems": {}, "netIncome": 329227, "netIncomeApplicableToCommonShares": 329227}, {"maxAge": 1, "endDate": "2018-03-31", "totalRevenue": 88908604, "costOfRevenue": 72353687, "grossProfit": 16554917, "researchDevelopment": {}, "sellingGeneralAdministrative": 8192033, "nonRecurring": {}, "otherOperatingExpenses": 8853856, "totalOperatingExpenses": 89454963, "operatingIncome": -546359, "totalOtherIncomeExpenseNet": 821068, "ebit": -546359, "interestExpense": -1989, "incomeBeforeTax": 274709, "incomeTaxExpense": 6847, "minorityInterest": {}, "netIncomeFromContinuingOps": 267862, "discontinuedOperations": {}, "extraordinaryItems": {}, "effectOfAccountingCharges": {}, "otherItems": {}, "netIncome": 267862, "netIncomeApplicableToCommonShares": 267862}, {"maxAge": 1, "endDate": "2017-03-31", "totalRevenue": 140296493, "costOfRevenue": 109952535, "grossProfit": 30343958, "researchDevelopment": {}, "sellingGeneralAdministrative": 8852736, "nonRecurring": {}, "otherOperatingExpenses": 19703675, "totalOperatingExpenses": 138607072, "operatingIncome": 1689421, "totalOtherIncomeExpenseNet": -1322686, "ebit": 1689421, "interestExpense": -2134176, "incomeBeforeTax": 366735, "incomeTaxExpense": 236380, "minorityInterest": {}, "netIncomeFromContinuingOps": 130355, "discontinuedOperations": {}, "extraordinaryItems": {}, "effectOfAccountingCharges": {}, "otherItems": {}, "netIncome": 130355, "netIncomeApplicableToCommonShares": 130355}], "maxAge": 86400}, "fundOwnership": {"maxAge": 1, "ownershipList": []}, "summaryDetail": {"maxAge": 1, "priceHint": 4, "previousClose": 1.07, "open": 1.12, "dayLow": 1.07, "dayHigh": 1.12, "regularMarketPreviousClose": 1.07, "regularMarketOpen": 1.12, "regularMarketDayLow": 1.07, "regularMarketDayHigh": 1.12, "volume": 900, "regularMarketVolume": 900, "averageVolume": 496, "averageVolume10days": 729, "averageDailyVolume10Day": 729, "bid": 0.0, "ask": 1.07, "bidSize": 0, "askSize": 0, "marketCap": 53520868, "fiftyTwoWeekLow": 0.58, "fiftyTwoWeekHigh": 1.12, "fiftyDayAverage": 0.6314286, "twoHundredDayAverage": 0.66262776, "currency": "INR", "fromCurrency": null, "toCurrency": null, "lastMarket": null, "algorithm": null, "tradeable": false}, "incomeStatementHistoryQuarterly": {"incomeStatementHistory": [{"maxAge": 1, "endDate": "2020-06-30", "totalRevenue": 2931000, "costOfRevenue": 1946000, "grossProfit": 985000, "researchDevelopment": {}, "sellingGeneralAdministrative": 416000, "nonRecurring": {}, "otherOperatingExpenses": 530000, "totalOperatingExpenses": 2892000, "operatingIncome": 39000, "totalOtherIncomeExpenseNet": 0, "ebit": 39000, "interestExpense": {}, "incomeBeforeTax": 39000, "incomeTaxExpense": 0, "minorityInterest": {}, "netIncomeFromContinuingOps": 39000, "discontinuedOperations": {}, "extraordinaryItems": {}, "effectOfAccountingCharges": {}, "otherItems": {}, "netIncome": 39000, "netIncomeApplicableToCommonShares": 39000}, {"maxAge": 1, "endDate": "2020-03-31", "totalRevenue": 14967385, "costOfRevenue": 9872817, "grossProfit": 5094568, "researchDevelopment": {}, "sellingGeneralAdministrative": 3180720, "nonRecurring": {}, "otherOperatingExpenses": 128923, "totalOperatingExpenses": 13217140, "operatingIncome": 1750245, "totalOtherIncomeExpenseNet": -1419285, "ebit": 1750245, "interestExpense": -38239, "incomeBeforeTax": 330960, "incomeTaxExpense": 0, "minorityInterest": {}, "netIncomeFromContinuingOps": 330960, "discontinuedOperations": {}, "extraordinaryItems": {}, "effectOfAccountingCharges": {}, "otherItems": {}, "netIncome": 330960, "netIncomeApplicableToCommonShares": 330960}, {"maxAge": 1, "endDate": "2019-12-31", "totalRevenue": 14219000, "costOfRevenue": 12313000, "grossProfit": 1906000, "researchDevelopment": {}, "sellingGeneralAdministrative": 824000, "nonRecurring": {}, "otherOperatingExpenses": 1254000, "totalOperatingExpenses": 14391000, "operatingIncome": -172000, "totalOtherIncomeExpenseNet": 0, "ebit": -172000, "interestExpense": -38239, "incomeBeforeTax": -172000, "incomeTaxExpense": 0, "minorityInterest": {}, "netIncomeFromContinuingOps": -172000, "discontinuedOperations": {}, "extraordinaryItems": {}, "effectOfAccountingCharges": {}, "otherItems": {}, "netIncome": -172000, "netIncomeApplicableToCommonShares": -172000}, {"maxAge": 1, "endDate": "2019-09-30", "totalRevenue": 10380000, "costOfRevenue": 8367000, "grossProfit": 2013000, "researchDevelopment": {}, "sellingGeneralAdministrative": 1182000, "nonRecurring": {}, "otherOperatingExpenses": 1538000, "totalOperatingExpenses": 11087000, "operatingIncome": -707000, "totalOtherIncomeExpenseNet": 0, "ebit": -707000, "interestExpense": -38239, "incomeBeforeTax": -707000, "incomeTaxExpense": 0, "minorityInterest": {}, "netIncomeFromContinuingOps": -707000, "discontinuedOperations": {}, "extraordinaryItems": {}, "effectOfAccountingCharges": {}, "otherItems": {}, "netIncome": -707000, "netIncomeApplicableToCommonShares": -707000}], "maxAge": 86400}, "cashflowStatementHistoryQuarterly": {"cashflowStatements": [{"maxAge": 1, "endDate": "2020-06-30", "netIncome": 39000, "changeToLiabilities": 0}, {"maxAge": 1, "endDate": "2020-03-31", "netIncome": 330960, "changeToLiabilities": 0}, {"maxAge": 1, "endDate": "2019-12-31", "netIncome": -172000, "changeToLiabilities": 0}, {"maxAge": 1, "endDate": "2019-09-30", "netIncome": -707000, "changeToLiabilities": 0}], "maxAge": 86400}, "insiderHolders": {"holders": [{"maxAge": 1, "name": "Bharati (Jaya Suresh)", "relation": "UNREPORTED", "url": "", "transactionDescription": "Purchase", "latestTransDate": "2014-12-24", "positionDirect": 533482, "positionDirectDate": "2014-12-24"}, {"maxAge": 1, "name": "Goswami (Dinesh Kanaiyalal)", "relation": "UNREPORTED", "url": "", "transactionDescription": "Sale", "latestTransDate": "2014-09-29", "positionDirect": 0, "positionDirectDate": "2014-09-29"}, {"maxAge": 1, "name": "Goswani (Sunita Dinesh)", "relation": "UNREPORTED", "url": "", "transactionDescription": "Sale", "latestTransDate": "2014-12-08", "positionDirect": 0, "positionDirectDate": "2014-12-08"}, {"maxAge": 1, "name": "Gupta (Anshu)", "relation": "UNREPORTED", "url": "", "transactionDescription": "Purchase", "latestTransDate": "2014-12-18", "positionDirect": 580555, "positionDirectDate": "2014-12-18"}, {"maxAge": 1, "name": "Jhaveri (Gayatri)", "relation": "Promoter", "url": "", "transactionDescription": "Sale", "latestTransDate": "2013-02-28", "positionDirect": 1135, "positionDirectDate": "2013-02-28"}, {"maxAge": 1, "name": "Khuha (Dolly Mukesh)", "relation": "UNREPORTED", "url": "", "transactionDescription": "Sale", "latestTransDate": "2014-12-18", "positionDirect": 0, "positionDirectDate": "2014-12-18"}, {"maxAge": 1, "name": "Khuva (Parvati)", "relation": "UNREPORTED", "url": "", "transactionDescription": "Sale", "latestTransDate": "2014-12-08", "positionDirect": 0, "positionDirectDate": "2014-12-08"}, {"maxAge": 1, "name": "Khuva (Pooja Nitesh)", "relation": "UNREPORTED", "url": "", "transactionDescription": "Sale", "latestTransDate": "2014-12-24", "positionDirect": 0, "positionDirectDate": "2014-12-24"}, {"maxAge": 1, "name": "Shakuntala", "relation": "UNREPORTED", "url": "", "transactionDescription": "Sale", "latestTransDate": "2014-12-18", "positionDirect": 146300, "positionDirectDate": "2014-12-18"}, {"maxAge": 1, "name": "Sheiladeep Investments Pvt Ltd", "relation": "UNREPORTED", "url": "", "transactionDescription": "Acquisition", "latestTransDate": "2016-07-19", "positionDirect": 7760, "positionDirectDate": "2016-07-19"}], "maxAge": 1}, "calendarEvents": {"maxAge": 1, "earnings": {"earningsDate": []}}, "price": {"maxAge": 1, "regularMarketChangePercent": 0.0, "regularMarketChange": 0.0, "regularMarketTime": "2021-04-30 15:15:00", "priceHint": 4, "regularMarketPrice": 1.07, "regularMarketDayHigh": 1.12, "regularMarketDayLow": 1.07, "regularMarketVolume": 900, "averageDailyVolume10Day": 729, "averageDailyVolume3Month": 496, "regularMarketPreviousClose": 1.07, "regularMarketSource": "FREE_REALTIME", "regularMarketOpen": 1.12, "exchange": "BSE", "exchangeName": "BSE", "exchangeDataDelayedBy": 0, "marketState": "CLOSED", "quoteType": "EQUITY", "symbol": "MILLENNIUM.BO", "underlyingSymbol": null, "shortName": "Millennium Online Solutions (I", "longName": "Millennium Online Solutions (India) Limited", "currency": "INR", "quoteSourceName": "Delayed Quote", "currencySymbol": "\u20b9", "fromCurrency": null, "toCurrency": null, "lastMarket": null, "marketCap": 53520868}, "balanceSheetHistory": {"balanceSheetStatements": [{"maxAge": 1, "endDate": "2020-03-31", "cash": 3587388, "netReceivables": 18139298, "inventory": 44948032, "otherCurrentAssets": 96965, "totalCurrentAssets": 66798926, "longTermInvestments": 14091012, "propertyPlantEquipment": 307615, "goodWill": 2025000, "otherAssets": 18464360, "totalAssets": 101686913, "longTermDebt": 16936630, "otherLiab": -85578, "totalCurrentLiabilities": 31607150, "totalLiab": 48458202, "commonStock": 50019510, "retainedEarnings": -6837354, "treasuryStock": 1650000, "capitalSurplus": 8396555, "otherStockholderEquity": 1650000, "totalStockholderEquity": 53228711, "netTangibleAssets": 51203711}, {"maxAge": 1, "endDate": "2019-03-31", "cash": 2777580, "netReceivables": 6010888, "inventory": 37835663, "otherCurrentAssets": 405644, "totalCurrentAssets": 47057018, "longTermInvestments": 14106053, "propertyPlantEquipment": 299113, "goodWill": 2025000, "intangibleAssets": 6500, "otherAssets": 20837910, "totalAssets": 84331594, "otherCurrentLiab": 153046, "longTermDebt": 19324950, "otherLiab": -85578, "totalCurrentLiabilities": 11409471, "totalLiab": 30648843, "commonStock": 50019510, "retainedEarnings": -6383314, "treasuryStock": 1650000, "capitalSurplus": 8396555, "otherStockholderEquity": 1650000, "totalStockholderEquity": 53682751, "netTangibleAssets": 51651251}, {"maxAge": 1, "endDate": "2018-03-31", "cash": 1241216, "netReceivables": 11957499, "inventory": 51377818, "otherCurrentAssets": 348025, "totalCurrentAssets": 64980824, "longTermInvestments": 12006053, "propertyPlantEquipment": 335983, "goodWill": 2025000, "intangibleAssets": 12440, "otherAssets": 20588320, "totalAssets": 99948620, "otherCurrentLiab": 191425, "longTermDebt": 19109120, "otherLiab": -109447, "totalCurrentLiabilities": 27481411, "totalLiab": 46481084, "commonStock": 50019510, "retainedEarnings": -6598529, "treasuryStock": 1650000, "capitalSurplus": 8396555, "otherStockholderEquity": 1650000, "totalStockholderEquity": 53467536, "netTangibleAssets": 51430096}, {"maxAge": 1, "endDate": "2017-03-31", "cash": 2231146, "shortTermInvestments": 39368449, "netReceivables": 12848048, "otherCurrentAssets": 137315, "totalCurrentAssets": 54603442, "longTermInvestments": 12006053, "propertyPlantEquipment": 391370, "goodWill": 2025000, "intangibleAssets": 12440, "otherAssets": 20771678, "totalAssets": 89809983, "otherCurrentLiab": 449341, "longTermDebt": 19088678, "otherLiab": -116321, "totalCurrentLiabilities": 17609943, "totalLiab": 36582300, "commonStock": 50019510, "retainedEarnings": -6838382, "treasuryStock": 1650000, "capitalSurplus": 8396555, "otherStockholderEquity": 1650000, "totalStockholderEquity": 53227683, "netTangibleAssets": 51190243}], "maxAge": 86400}, "financialData": {"maxAge": 86400, "currentPrice": 1.07, "recommendationKey": "none", "grossProfits": 11305568, "financialCurrency": "INR"}}}