{"MINDTECK.NS": {"assetProfile": {"address1": "AMR Tech Park", "address2": "Block-1, 3rd Floor # 664, 23/24, Hosur Main Road Bommanahalli", "city": "Bengaluru", "zip": "560068", "country": "India", "phone": "91 80 4154 8000", "fax": "91 80 4112 5813", "website": "http://www.mindteck.com", "industry": "Information Technology Services", "sector": "Technology", "longBusinessSummary": "Mindteck (India) Limited provides product engineering and information technology (IT) services in the United States, India, and internationally. The company offers smart grid communication services, OEM solutions, data center and in-premises energy management services, and IT application solutions; embedded design services, embedded verification and validation services, and system solutions; product lifecycle management (PLM) consulting, advisory, system implementation and administration, system validation/testing, program management, and system integration/data migration services; and SAP-based solutions. It also provides mobile strategy consulting, user experience, design and development, and mobility testing services; hybrid cloud appliance, interoperable cloud storage, and business data analytics services; business intelligence, data/information management, and big data services, as well as advanced analytics and analytics on unstructured data; and IT security services. In addition, it offers system and integration, specialized, software product, and cloud based testing services, as well as test strategy, automation, and infrastructure services; product engineering, re-engineering, and sustenance services; data center transformation and IT infrastructure management services; custom application development, application maintenance and management, legacy modernization, and performance engineering and enhancement services; application and enterprise systems integration, business process management, packaged application, and service oriented architecture services; and smart city solutions. Further, it sources and deploys IT talent. It serves start-ups, universities, and government entities. The company was formerly known as Hinditron Informatics Limited and changed its name to Mindteck (India) Limited in September 1999. The company was founded in 1991 and is headquartered in Bengaluru, India. Mindteck (India) Limited is a subsidiary of Embtech Holdings Limited.", "fullTimeEmployees": 625, "companyOfficers": [{"maxAge": 1, "name": "Mr. Anand  Balakrishnan", "age": 47, "title": "CEO, MD & Additional Director", "yearBorn": 1973, "fiscalYear": 2020, "totalPay": 15000000, "exercisedValue": 0, "unexercisedValue": 0}, {"maxAge": 1, "name": "Mr. Ramachandra S. Magadi M.S.", "age": 41, "title": "Chief Financial Officer", "yearBorn": 1979, "fiscalYear": 2020, "totalPay": 4170900, "exercisedValue": 0, "unexercisedValue": 0}, {"maxAge": 1, "name": "Mr. Surjit  Lahiri", "age": 50, "title": "VP of R&D", "yearBorn": 1970, "exercisedValue": 0, "unexercisedValue": 0}, {"maxAge": 1, "name": "Mr. Shivarama S. Adiga", "age": 62, "title": "Chief Compliance Officer, VP of Legal & Company Sec.", "yearBorn": 1958, "fiscalYear": 2020, "totalPay": 4292140, "exercisedValue": 0, "unexercisedValue": 0}, {"maxAge": 1, "name": "Mr. Meenaz  Dhanani", "age": 63, "title": "Director IT Talent - US Region & Director", "yearBorn": 1957, "fiscalYear": 2020, "totalPay": 0, "exercisedValue": 0, "unexercisedValue": 0}, {"maxAge": 1, "name": "Mr. Arup  Banerjee", "age": 54, "title": "Sr. VP of Global Delivery & Practices", "yearBorn": 1966, "exercisedValue": 0, "unexercisedValue": 0}, {"maxAge": 1, "name": "Ms. Karen  Stark", "title": "Sr. VP of Marketing & Communications", "exercisedValue": 0, "unexercisedValue": 0}, {"maxAge": 1, "name": "Mr. Pradeep  K", "title": "Gen. Mang. of HR", "exercisedValue": 0, "unexercisedValue": 0}, {"maxAge": 1, "name": "Mr. Harish  Nair", "age": 46, "title": "Sr. VP of APAC & IMEA Sales", "yearBorn": 1974, "exercisedValue": 0, "unexercisedValue": 0}, {"maxAge": 1, "name": "Debabrata  Guria", "title": "Head of Cloud Solutions", "exercisedValue": 0, "unexercisedValue": 0}], "compensationAsOfEpochDate": "2020-12-31 05:30:00", "maxAge": 86400}, "cashflowStatementHistory": {"cashflowStatements": [{"maxAge": 1, "endDate": "2020-03-31", "netIncome": -648000000, "depreciation": 68900000, "changeToNetincome": 600700000, "changeToAccountReceivables": 191000000, "changeToLiabilities": 0, "changeToOperatingActivities": -62500000, "totalCashFromOperatingActivities": 151600000, "capitalExpenditures": -24100000, "investments": 144100000, "otherCashflowsFromInvestingActivities": 2800000, "totalCashflowsFromInvestingActivities": 123400000, "dividendsPaid": -31100000, "netBorrowings": -45200000, "otherCashflowsFromFinancingActivities": -16700000, "totalCashFromFinancingActivities": -93000000, "effectOfExchangeRate": 7000000, "changeInCash": 189000000}, {"maxAge": 1, "endDate": "2019-03-31", "netIncome": 27400000, "depreciation": 16700000, "changeToNetincome": -72800000, "changeToAccountReceivables": -134100000, "changeToLiabilities": 0, "changeToOperatingActivities": 31800000, "totalCashFromOperatingActivities": -128800000, "capitalExpenditures": -10800000, "investments": -22300000, "otherCashflowsFromInvestingActivities": 8300000, "totalCashflowsFromInvestingActivities": -24800000, "dividendsPaid": -31100000, "netBorrowings": -100000, "otherCashflowsFromFinancingActivities": -16700000, "totalCashFromFinancingActivities": -31200000, "effectOfExchangeRate": 9200000, "changeInCash": -175600000}, {"maxAge": 1, "endDate": "2018-03-31", "netIncome": -56500000, "depreciation": 10200000, "changeToNetincome": 19500000, "changeToAccountReceivables": 139000000, "changeToLiabilities": 0, "changeToOperatingActivities": -76300000, "totalCashFromOperatingActivities": 38700000, "capitalExpenditures": -24800000, "investments": -111900000, "otherCashflowsFromInvestingActivities": 12800000, "totalCashflowsFromInvestingActivities": -123900000, "dividendsPaid": -29700000, "netBorrowings": -9900000, "otherCashflowsFromFinancingActivities": -22000, "totalCashFromFinancingActivities": -33700000, "effectOfExchangeRate": 5500000, "changeInCash": -113400000, "issuanceOfStock": 5900000}, {"maxAge": 1, "endDate": "2017-03-31", "netIncome": 92876000, "depreciation": 13557000, "changeToNetincome": -12106000, "changeToAccountReceivables": -187190000, "changeToLiabilities": 0, "changeToOperatingActivities": -26522000, "totalCashFromOperatingActivities": -115939000, "capitalExpenditures": -10076000, "investments": -111900000, "otherCashflowsFromInvestingActivities": 22997000, "totalCashflowsFromInvestingActivities": 12921000, "dividendsPaid": -29271000, "netBorrowings": 10068000, "otherCashflowsFromFinancingActivities": -148000, "totalCashFromFinancingActivities": -11481000, "effectOfExchangeRate": 537000, "changeInCash": -113962000, "issuanceOfStock": 7870000}], "maxAge": 86400}, "institutionOwnership": {"ownershipList": [], "maxAge": 1}, "majorHoldersBreakdown": {"maxAge": 1, "insidersPercentHeld": 0.78979, "institutionsPercentHeld": 0.0, "institutionsFloatPercentHeld": 0.0, "institutionsCount": 0}, "balanceSheetHistoryQuarterly": {"balanceSheetStatements": [{"maxAge": 1, "endDate": "2020-12-31", "totalStockholderEquity": 1329000000, "netTangibleAssets": 1045300000}, {"maxAge": 1, "endDate": "2020-09-30", "cash": 628000000, "shortTermInvestments": 168000000, "netReceivables": 587800000, "otherCurrentAssets": 57100000, "totalCurrentAssets": 1440900000, "longTermInvestments": 1100000, "propertyPlantEquipment": 120900000, "goodWill": 281500000, "intangibleAssets": 2200000, "otherAssets": 172300000, "deferredLongTermAssetCharges": 41800000, "totalAssets": 2018900000, "accountsPayable": 123600000, "otherCurrentLiab": 194400000, "otherLiab": 32400000, "totalCurrentLiabilities": 594100000, "totalLiab": 689900000, "commonStock": 252100000, "treasuryStock": 1076900000, "otherStockholderEquity": 1076900000, "totalStockholderEquity": 1329000000, "netTangibleAssets": 1045300000}, {"maxAge": 1, "endDate": "2020-06-30", "totalStockholderEquity": 1296300000, "netTangibleAssets": 936600000}, {"maxAge": 1, "endDate": "2020-03-31", "cash": 290600000, "netReceivables": 770200000, "otherCurrentAssets": 38100000, "totalCurrentAssets": 1137300000, "propertyPlantEquipment": 141600000, "goodWill": 281500000, "intangibleAssets": 78200000, "otherAssets": 206400000, "deferredLongTermAssetCharges": 31400000, "totalAssets": 1845000000, "accountsPayable": 128400000, "otherCurrentLiab": 26000000, "otherLiab": 95600000, "totalCurrentLiabilities": 373800000, "totalLiab": 548700000, "commonStock": 256200000, "retainedEarnings": -200500000, "treasuryStock": 225000000, "capitalSurplus": 1015600000, "otherStockholderEquity": 225000000, "totalStockholderEquity": 1296300000, "netTangibleAssets": 936600000}], "maxAge": 86400}, "indexTrend": {"maxAge": 1, "symbol": "SP5", "peRatio": 19.7411, "pegRatio": 1.34172, "estimates": [{"period": "0q", "growth": 0.549}, {"period": "+1q", "growth": 0.431}, {"period": "0y", "growth": 0.305}, {"period": "+1y", "growth": 0.109}, {"period": "+5y", "growth": 0.120865}, {"period": "-5y"}]}, "defaultKeyStatistics": {"maxAge": 1, "priceHint": 2, "enterpriseValue": 805400000, "profitMargins": -0.124350004, "floatShares": 2964250, "sharesOutstanding": 25621900, "heldPercentInsiders": 0.78979, "heldPercentInstitutions": 0.0, "beta": 1.222019, "category": null, "bookValue": 52.702, "priceToBook": 0.97529507, "fundFamily": null, "legalType": null, "lastFiscalYearEnd": "2020-03-31 05:30:00", "nextFiscalYearEnd": "2022-03-31 05:30:00", "mostRecentQuarter": "2020-12-31 05:30:00", "netIncomeToCommon": -354200000, "trailingEps": -14.06, "lastSplitFactor": null, "enterpriseToRevenue": 0.283, "enterpriseToEbitda": 8.745}, "summaryProfile": {"address1": "AMR Tech Park", "address2": "Block-1, 3rd Floor # 664, 23/24, Hosur Main Road Bommanahalli", "city": "Bengaluru", "zip": "560068", "country": "India", "phone": "91 80 4154 8000", "fax": "91 80 4112 5813", "website": "http://www.mindteck.com", "industry": "Information Technology Services", "sector": "Technology", "longBusinessSummary": "Mindteck (India) Limited provides product engineering and information technology (IT) services in the United States, India, and internationally. The company offers smart grid communication services, OEM solutions, data center and in-premises energy management services, and IT application solutions; embedded design services, embedded verification and validation services, and system solutions; product lifecycle management (PLM) consulting, advisory, system implementation and administration, system validation/testing, program management, and system integration/data migration services; and SAP-based solutions. It also provides mobile strategy consulting, user experience, design and development, and mobility testing services; hybrid cloud appliance, interoperable cloud storage, and business data analytics services; business intelligence, data/information management, and big data services, as well as advanced analytics and analytics on unstructured data; and IT security services. In addition, it offers system and integration, specialized, software product, and cloud based testing services, as well as test strategy, automation, and infrastructure services; product engineering, re-engineering, and sustenance services; data center transformation and IT infrastructure management services; custom application development, application maintenance and management, legacy modernization, and performance engineering and enhancement services; application and enterprise systems integration, business process management, packaged application, and service oriented architecture services; and smart city solutions. Further, it sources and deploys IT talent. It serves start-ups, universities, and government entities. The company was formerly known as Hinditron Informatics Limited and changed its name to Mindteck (India) Limited in September 1999. The company was founded in 1991 and is headquartered in Bengaluru, India. Mindteck (India) Limited is a subsidiary of Embtech Holdings Limited.", "fullTimeEmployees": 625, "companyOfficers": [], "maxAge": 86400}, "netSharePurchaseActivity": {"maxAge": 1, "period": "6m", "buyInfoCount": 0, "buyInfoShares": 0, "sellInfoCount": 0, "netInfoCount": 0, "netInfoShares": 0, "netPercentInsiderShares": 0.0, "totalInsiderShares": 19744750}, "insiderTransactions": {"transactions": [{"maxAge": 1, "shares": 19670, "filerUrl": "", "transactionText": "", "filerName": "Lanewala (Yusuf)", "filerRelation": "Non Executive Chairman", "moneyText": "", "startDate": "2018-04-27", "ownership": "D"}, {"maxAge": 1, "shares": 5330, "filerUrl": "", "transactionText": "", "filerName": "Lanewala (Yusuf)", "filerRelation": "Non Executive Chairman", "moneyText": "", "startDate": "2018-04-26", "ownership": "D"}, {"maxAge": 1, "shares": 15000, "filerUrl": "", "transactionText": "", "filerName": "Lanewala (Yusuf)", "filerRelation": "Non Executive Chairman", "moneyText": "", "startDate": "2018-04-18", "ownership": "D"}, {"maxAge": 1, "shares": 3591, "filerUrl": "", "transactionText": "", "filerName": "Lanewala (Yusuf)", "filerRelation": "Non Executive Chairman", "moneyText": "", "startDate": "2018-04-16", "ownership": "D"}, {"maxAge": 1, "shares": 30000, "filerUrl": "", "transactionText": "", "filerName": "Lanewala (Yusuf)", "filerRelation": "Non Executive Chairman", "moneyText": "", "startDate": "2018-04-13", "ownership": "D"}, {"maxAge": 1, "shares": 75000, "filerUrl": "", "transactionText": "", "filerName": "Lanewala (Yusuf)", "filerRelation": "Non Executive Chairman", "moneyText": "", "startDate": "2018-02-13", "ownership": "D"}, {"maxAge": 1, "shares": 3413, "filerUrl": "", "transactionText": "", "filerName": "Lanewala (Yusuf)", "filerRelation": "Non Executive Chairman", "moneyText": "", "startDate": "2018-01-25", "ownership": "D"}, {"maxAge": 1, "shares": 40000, "filerUrl": "", "transactionText": "", "filerName": "Lanewala (Yusuf)", "filerRelation": "Non Executive Chairman", "moneyText": "", "startDate": "2018-01-12", "ownership": "D"}, {"maxAge": 1, "shares": 2222, "filerUrl": "", "transactionText": "", "filerName": "Lanewala (Yusuf)", "filerRelation": "Non Executive Chairman", "moneyText": "", "startDate": "2017-11-23", "ownership": "D"}, {"maxAge": 1, "shares": 50000, "filerUrl": "", "transactionText": "", "filerName": "Lanewala (Yusuf)", "filerRelation": "Executive Chairman", "moneyText": "", "startDate": "2017-11-08", "ownership": "D"}, {"maxAge": 1, "shares": 6132, "filerUrl": "", "transactionText": "", "filerName": "Lanewala (Yusuf)", "filerRelation": "Executive Chairman", "moneyText": "", "startDate": "2017-10-13", "ownership": "D"}, {"maxAge": 1, "shares": 969, "filerUrl": "", "transactionText": "", "filerName": "Lanewala (Yusuf)", "filerRelation": "Executive Chairman", "moneyText": "", "startDate": "2017-10-12", "ownership": "D"}, {"maxAge": 1, "shares": 15000, "filerUrl": "", "transactionText": "", "filerName": "Lanewala (Yusuf)", "filerRelation": "Executive Chairman", "moneyText": "", "startDate": "2017-10-06", "ownership": "D"}, {"maxAge": 1, "shares": 50000, "filerUrl": "", "transactionText": "", "filerName": "Lanewala (Yusuf)", "filerRelation": "Executive Chairman", "moneyText": "", "startDate": "2017-02-10", "ownership": "D"}, {"maxAge": 1, "shares": 18000, "filerUrl": "", "transactionText": "", "filerName": "Lanewala (Yusuf)", "filerRelation": "Executive Chairman", "moneyText": "", "startDate": "2017-01-18", "ownership": "D"}, {"maxAge": 1, "shares": 5050, "filerUrl": "", "transactionText": "", "filerName": "Akbar (Shanaz)", "filerRelation": "UNREPORTED", "moneyText": "", "startDate": "2015-12-30", "ownership": "D"}, {"maxAge": 1, "shares": 261747, "filerUrl": "", "transactionText": "", "filerName": "Embtech Holdings Ltd", "filerRelation": "Promoter", "moneyText": "", "startDate": "2015-11-30", "ownership": "D"}, {"maxAge": 1, "shares": 13000, "filerUrl": "", "transactionText": "", "filerName": "Sreedharan (Satheesh K)", "filerRelation": "UNREPORTED", "moneyText": "", "startDate": "2015-11-30", "ownership": "D"}, {"maxAge": 1, "shares": 8400, "filerUrl": "", "transactionText": "", "filerName": "Ramesh (B V)", "filerRelation": "Divisional Officer", "moneyText": "", "startDate": "2014-11-19", "ownership": "D"}, {"maxAge": 1, "shares": 106888, "filerUrl": "", "transactionText": "", "filerName": "Banco Efisa S.A", "filerRelation": "Institution- Corporation", "moneyText": "", "startDate": "2014-03-03", "ownership": "D"}, {"maxAge": 1, "shares": 1390569, "filerUrl": "", "transactionText": "", "filerName": "First Asian Investments SA", "filerRelation": "Promoter", "moneyText": "", "startDate": "2013-12-31", "ownership": "D"}, {"maxAge": 1, "shares": 1390569, "filerUrl": "", "transactionText": "", "filerName": "Banco Efisa S.A", "filerRelation": "Institution- Corporation", "moneyText": "", "startDate": "2013-12-31", "ownership": "D"}], "maxAge": 1}, "quoteType": {"exchange": "NSI", "quoteType": "EQUITY", "symbol": "MINDTECK.NS", "underlyingSymbol": "MINDTECK.NS", "shortName": "MINDTECK(INDIA)", "longName": "Mindteck (India) Limited", "firstTradeDateEpochUtc": "2016-08-02 09:15:00", "timeZoneFullName": "Asia/Kolkata", "timeZoneShortName": "IST", "uuid": "9cb4d7ef-7039-35f5-a43e-0d59ec4e3899", "gmtOffSetMilliseconds": 19800000, "maxAge": 1}, "incomeStatementHistory": {"incomeStatementHistory": [{"maxAge": 1, "endDate": "2020-03-31", "totalRevenue": 2761300000, "costOfRevenue": 2425300000, "grossProfit": 336000000, "researchDevelopment": {}, "sellingGeneralAdministrative": 16000000, "nonRecurring": {}, "otherOperatingExpenses": 269500000, "totalOperatingExpenses": 2783900000, "operatingIncome": -22600000, "totalOtherIncomeExpenseNet": -618100000, "ebit": -22600000, "interestExpense": -22600000, "incomeBeforeTax": -640700000, "incomeTaxExpense": 7300000, "minorityInterest": {}, "netIncomeFromContinuingOps": -648000000, "discontinuedOperations": {}, "extraordinaryItems": {}, "effectOfAccountingCharges": {}, "otherItems": {}, "netIncome": -648000000, "netIncomeApplicableToCommonShares": -648000000}, {"maxAge": 1, "endDate": "2019-03-31", "totalRevenue": 2994100000, "costOfRevenue": 2521200000, "grossProfit": 472900000, "researchDevelopment": {}, "sellingGeneralAdministrative": 71500000, "nonRecurring": {}, "otherOperatingExpenses": 342300000, "totalOperatingExpenses": 2966300000, "operatingIncome": 27800000, "totalOtherIncomeExpenseNet": 15800000, "ebit": 27800000, "interestExpense": -10000000, "incomeBeforeTax": 43600000, "incomeTaxExpense": 16200000, "minorityInterest": {}, "netIncomeFromContinuingOps": 27400000, "discontinuedOperations": {}, "extraordinaryItems": {}, "effectOfAccountingCharges": {}, "otherItems": {}, "netIncome": 27400000, "netIncomeApplicableToCommonShares": 27400000}, {"maxAge": 1, "endDate": "2018-03-31", "totalRevenue": 2968400000, "costOfRevenue": 2595300000, "grossProfit": 373100000, "researchDevelopment": {}, "sellingGeneralAdministrative": 77700000, "nonRecurring": {}, "otherOperatingExpenses": 263000000, "totalOperatingExpenses": 2965100000, "operatingIncome": 3300000, "totalOtherIncomeExpenseNet": -4500000, "ebit": 3300000, "interestExpense": -5500000, "incomeBeforeTax": -1200000, "incomeTaxExpense": 55300000, "minorityInterest": {}, "netIncomeFromContinuingOps": -56500000, "discontinuedOperations": {}, "extraordinaryItems": {}, "effectOfAccountingCharges": {}, "otherItems": {}, "netIncome": -56500000, "netIncomeApplicableToCommonShares": -56500000}, {"maxAge": 1, "endDate": "2017-03-31", "totalRevenue": 3416564000, "costOfRevenue": 2940424000, "grossProfit": 476140000, "researchDevelopment": {}, "sellingGeneralAdministrative": 100629000, "nonRecurring": {}, "otherOperatingExpenses": 261039000, "totalOperatingExpenses": 3319096000, "operatingIncome": 97468000, "totalOtherIncomeExpenseNet": 17407000, "ebit": 97468000, "interestExpense": -3864000, "incomeBeforeTax": 114875000, "incomeTaxExpense": 21999000, "minorityInterest": {}, "netIncomeFromContinuingOps": 92876000, "discontinuedOperations": {}, "extraordinaryItems": {}, "effectOfAccountingCharges": {}, "otherItems": {}, "netIncome": 92876000, "netIncomeApplicableToCommonShares": 92876000}], "maxAge": 86400}, "fundOwnership": {"ownershipList": [], "maxAge": 1}, "summaryDetail": {"maxAge": 1, "priceHint": 2, "previousClose": 52.5, "open": 55.0, "dayLow": 50.05, "dayHigh": 55.0, "regularMarketPreviousClose": 52.5, "regularMarketOpen": 55.0, "regularMarketDayLow": 50.05, "regularMarketDayHigh": 55.0, "exDividendDate": "2019-08-06 05:30:00", "payoutRatio": 0.0, "beta": 1.222019, "volume": 28942, "regularMarketVolume": 28942, "averageVolume": 17412, "averageVolume10days": 13187, "averageDailyVolume10Day": 13187, "bid": 0.0, "ask": 0.0, "bidSize": 0, "askSize": 0, "marketCap": 1325744768, "fiftyTwoWeekLow": 14.2, "fiftyTwoWeekHigh": 61.95, "priceToSalesTrailing12Months": 0.46541858, "fiftyDayAverage": 44.401516, "twoHundredDayAverage": 39.7475, "trailingAnnualDividendRate": 1.0, "trailingAnnualDividendYield": 0.01904762, "currency": "INR", "fromCurrency": null, "lastMarket": null, "algorithm": null, "tradeable": false}, "incomeStatementHistoryQuarterly": {"incomeStatementHistory": [{"maxAge": 1, "endDate": "2020-12-31", "totalRevenue": 727200000, "costOfRevenue": 624900000, "grossProfit": 102300000, "researchDevelopment": {}, "sellingGeneralAdministrative": {}, "nonRecurring": {}, "otherOperatingExpenses": 54900000, "totalOperatingExpenses": 694100000, "operatingIncome": 33100000, "totalOtherIncomeExpenseNet": 6500000, "ebit": 33100000, "interestExpense": -3500000, "incomeBeforeTax": 39600000, "incomeTaxExpense": 25100000, "minorityInterest": {}, "netIncomeFromContinuingOps": 14500000, "discontinuedOperations": {}, "extraordinaryItems": {}, "effectOfAccountingCharges": {}, "otherItems": {}, "netIncome": 14500000, "netIncomeApplicableToCommonShares": 14500000}, {"maxAge": 1, "endDate": "2020-09-30", "totalRevenue": 728100000, "costOfRevenue": 617300000, "grossProfit": 110800000, "researchDevelopment": {}, "sellingGeneralAdministrative": {}, "nonRecurring": {}, "otherOperatingExpenses": 67100000, "totalOperatingExpenses": 701600000, "operatingIncome": 26500000, "totalOtherIncomeExpenseNet": 5100000, "ebit": 26500000, "interestExpense": -4400000, "incomeBeforeTax": 31600000, "incomeTaxExpense": 8400000, "minorityInterest": {}, "netIncomeFromContinuingOps": 23200000, "discontinuedOperations": {}, "extraordinaryItems": {}, "effectOfAccountingCharges": {}, "otherItems": {}, "netIncome": 23200000, "netIncomeApplicableToCommonShares": 23200000}, {"maxAge": 1, "endDate": "2020-06-30", "totalRevenue": 686200000, "costOfRevenue": 598000000, "grossProfit": 88200000, "researchDevelopment": {}, "sellingGeneralAdministrative": {}, "nonRecurring": {}, "otherOperatingExpenses": 57200000, "totalOperatingExpenses": 672800000, "operatingIncome": 13400000, "totalOtherIncomeExpenseNet": 16100000, "ebit": 13400000, "interestExpense": -5400000, "incomeBeforeTax": 29500000, "incomeTaxExpense": 12800000, "minorityInterest": {}, "netIncomeFromContinuingOps": 16700000, "discontinuedOperations": {}, "extraordinaryItems": {}, "effectOfAccountingCharges": {}, "otherItems": {}, "netIncome": 16700000, "netIncomeApplicableToCommonShares": 16700000}, {"maxAge": 1, "endDate": "2020-03-31", "totalRevenue": 707000000, "costOfRevenue": 632000000, "grossProfit": 75000000, "researchDevelopment": {}, "sellingGeneralAdministrative": 16000000, "nonRecurring": {}, "otherOperatingExpenses": 49800000, "totalOperatingExpenses": 718600000, "operatingIncome": -11600000, "totalOtherIncomeExpenseNet": -397500000, "ebit": -11600000, "interestExpense": -5400000, "incomeBeforeTax": -409100000, "incomeTaxExpense": -500000, "minorityInterest": {}, "netIncomeFromContinuingOps": -408600000, "discontinuedOperations": {}, "extraordinaryItems": {}, "effectOfAccountingCharges": {}, "otherItems": {}, "netIncome": -408600000, "netIncomeApplicableToCommonShares": -408600000}], "maxAge": 86400}, "cashflowStatementHistoryQuarterly": {"cashflowStatements": [{"maxAge": 1, "endDate": "2020-12-31", "netIncome": 14500000, "changeToLiabilities": 0}, {"maxAge": 1, "endDate": "2020-09-30", "netIncome": 23200000, "changeToLiabilities": 0}, {"maxAge": 1, "endDate": "2020-06-30", "netIncome": 16700000, "changeToLiabilities": 0}, {"maxAge": 1, "endDate": "2020-03-31", "netIncome": -408600000, "changeToLiabilities": 0}], "maxAge": 86400}, "insiderHolders": {"holders": [{"maxAge": 1, "name": "Akbar (Shanaz)", "relation": "UNREPORTED", "url": "", "transactionDescription": "Sale", "latestTransDate": "2015-12-30", "positionDirect": 550, "positionDirectDate": "2015-12-30"}, {"maxAge": 1, "name": "Banco Efisa S.A", "relation": "Institution- Corporation", "url": "", "transactionDescription": "Sale", "latestTransDate": "2014-03-03", "positionDirect": 1229211, "positionDirectDate": "2014-03-03"}, {"maxAge": 1, "name": "Embtech Holdings Ltd", "relation": "Promoter", "url": "", "transactionDescription": "Acquisition", "latestTransDate": "2015-11-30", "positionDirect": 16431604, "positionDirectDate": "2015-11-30"}, {"maxAge": 1, "name": "First Asian Investments SA", "relation": "Promoter", "url": "", "transactionDescription": "Acquisition", "latestTransDate": "2013-12-31", "positionDirect": 1390569, "positionDirectDate": "2013-12-31"}, {"maxAge": 1, "name": "Lanewala (Yusuf)", "relation": "Non Executive Chairman", "url": "", "transactionDescription": "Sale", "latestTransDate": "2018-04-27", "positionDirect": 33673, "positionDirectDate": "2018-04-27"}, {"maxAge": 1, "name": "Ramesh (B V)", "relation": "Divisional Officer", "url": "", "transactionDescription": "Other", "latestTransDate": "2014-11-19", "positionDirect": 8400, "positionDirectDate": "2014-11-19"}, {"maxAge": 1, "name": "Sreedharan (Satheesh K)", "relation": "UNREPORTED", "url": "", "transactionDescription": "Sale", "latestTransDate": "2015-11-30", "positionDirect": 0, "positionDirectDate": "2015-11-30"}], "maxAge": 1}, "calendarEvents": {"maxAge": 1, "earnings": {"earningsDate": []}, "exDividendDate": "2019-08-06 05:30:00"}, "upgradeDowngradeHistory": {"history": [], "maxAge": 86400}, "price": {"maxAge": 1, "regularMarketChangePercent": -0.020952351, "regularMarketChange": -1.0999985, "regularMarketTime": "2021-04-30 15:29:55", "priceHint": 2, "regularMarketPrice": 51.4, "regularMarketDayHigh": 55.0, "regularMarketDayLow": 50.05, "regularMarketVolume": 28942, "averageDailyVolume10Day": 13187, "averageDailyVolume3Month": 17412, "regularMarketPreviousClose": 52.5, "regularMarketSource": "FREE_REALTIME", "regularMarketOpen": 55.0, "exchange": "NSI", "exchangeName": "NSE", "exchangeDataDelayedBy": 15, "marketState": "CLOSED", "quoteType": "EQUITY", "symbol": "MINDTECK.NS", "underlyingSymbol": null, "shortName": "MINDTECK(INDIA)", "longName": "Mindteck (India) Limited", "currency": "INR", "quoteSourceName": "Delayed Quote", "currencySymbol": "\u20b9", "fromCurrency": null, "lastMarket": null, "marketCap": 1325744768}, "balanceSheetHistory": {"balanceSheetStatements": [{"maxAge": 1, "endDate": "2020-03-31", "cash": 290600000, "netReceivables": 770200000, "otherCurrentAssets": 38100000, "totalCurrentAssets": 1137300000, "propertyPlantEquipment": 141600000, "goodWill": 281500000, "intangibleAssets": 78200000, "otherAssets": 206400000, "deferredLongTermAssetCharges": 31400000, "totalAssets": 1845000000, "accountsPayable": 128400000, "otherCurrentLiab": 26000000, "otherLiab": 95600000, "totalCurrentLiabilities": 373800000, "totalLiab": 548700000, "commonStock": 256200000, "retainedEarnings": -200500000, "treasuryStock": 225000000, "capitalSurplus": 1015600000, "otherStockholderEquity": 225000000, "totalStockholderEquity": 1296300000, "netTangibleAssets": 936600000}, {"maxAge": 1, "endDate": "2019-03-31", "cash": 101600000, "shortTermInvestments": 336300000, "netReceivables": 909500000, "otherCurrentAssets": 61600000, "totalCurrentAssets": 1224700000, "longTermInvestments": 8900000, "propertyPlantEquipment": 30100000, "goodWill": 875400000, "intangibleAssets": 95600000, "otherAssets": 166300000, "deferredLongTermAssetCharges": 20200000, "totalAssets": 2392100000, "accountsPayable": 147900000, "otherCurrentLiab": 28200000, "otherLiab": 101100000, "totalCurrentLiabilities": 336700000, "totalLiab": 437800000, "commonStock": 256200000, "retainedEarnings": 474600000, "treasuryStock": 207900000, "capitalSurplus": 1015600000, "otherStockholderEquity": 207900000, "totalStockholderEquity": 1954300000, "netTangibleAssets": 983300000}, {"maxAge": 1, "endDate": "2018-03-31", "cash": 277200000, "netReceivables": 780200000, "otherCurrentAssets": 73100000, "totalCurrentAssets": 1226800000, "propertyPlantEquipment": 28300000, "goodWill": 874600000, "intangibleAssets": 60700000, "otherAssets": 165000000, "deferredLongTermAssetCharges": 28700000, "totalAssets": 2355400000, "accountsPayable": 98800000, "otherCurrentLiab": 109200000, "otherLiab": 70600000, "totalCurrentLiabilities": 367200000, "totalLiab": 437800000, "commonStock": 256200000, "retainedEarnings": 470200000, "treasuryStock": 175600000, "capitalSurplus": 1015600000, "otherStockholderEquity": 175600000, "totalStockholderEquity": 1917600000, "netTangibleAssets": 982300000}, {"maxAge": 1, "endDate": "2017-03-31", "cash": 390584000, "netReceivables": 903537000, "otherCurrentAssets": 39103000, "totalCurrentAssets": 1351235000, "propertyPlantEquipment": 12140000, "goodWill": 872953000, "intangibleAssets": 10176000, "otherAssets": 157210000, "deferredLongTermAssetCharges": 41179000, "totalAssets": 2403714000, "accountsPayable": 146811000, "otherCurrentLiab": 85451000, "otherLiab": 24291000, "totalCurrentLiabilities": 414014000, "totalLiab": 438305000, "commonStock": 253839000, "retainedEarnings": 555986000, "treasuryStock": 150992000, "capitalSurplus": 1004592000, "otherStockholderEquity": 150992000, "totalStockholderEquity": 1965409000, "netTangibleAssets": 1082280000}], "maxAge": 86400}, "financialData": {"maxAge": 86400, "currentPrice": 51.4, "recommendationKey": "none", "totalCash": 796000000, "totalCashPerShare": 31.84, "ebitda": 92100000, "totalDebt": 288900000, "totalRevenue": 2848499968, "debtToEquity": 21.738, "revenuePerShare": 113.059, "grossProfits": 336000000, "revenueGrowth": 0.057, "grossMargins": 0.1321, "ebitdaMargins": 0.03233, "operatingMargins": 0.021559998, "profitMargins": -0.124350004, "financialCurrency": "INR"}}}