{"MINFY.BO": {"cashflowStatementHistory": {"cashflowStatements": [{"maxAge": 1, "endDate": "2020-03-31", "netIncome": -4844523, "depreciation": 869139, "changeToNetincome": 2835456, "changeToAccountReceivables": 4449515, "changeToLiabilities": -2166060, "changeToInventory": 712572, "changeToOperatingActivities": 1224529, "totalCashFromOperatingActivities": 3080628, "otherCashflowsFromInvestingActivities": 2914, "totalCashflowsFromInvestingActivities": 15287, "netBorrowings": 2685389, "otherCashflowsFromFinancingActivities": -5540134, "totalCashFromFinancingActivities": -2854745, "changeInCash": 241170}, {"maxAge": 1, "endDate": "2019-03-31", "netIncome": -6846084, "depreciation": 857184, "changeToNetincome": 2420376, "changeToAccountReceivables": -399958, "changeToLiabilities": 210857, "changeToInventory": 1693635, "changeToOperatingActivities": 2008951, "totalCashFromOperatingActivities": -55039, "capitalExpenditures": -1725936, "investments": 6089580, "otherCashflowsFromInvestingActivities": 1115599, "totalCashflowsFromInvestingActivities": 5479243, "netBorrowings": -2312199, "otherCashflowsFromFinancingActivities": -6680347, "totalCashFromFinancingActivities": -8992546, "changeInCash": -3568342}, {"maxAge": 1, "endDate": "2018-03-31", "netIncome": -3839979, "depreciation": 1482551, "changeToNetincome": 10071915, "changeToAccountReceivables": -35539970, "changeToLiabilities": 1366654, "changeToInventory": 15561665, "changeToOperatingActivities": 4057627, "totalCashFromOperatingActivities": -6821107, "capitalExpenditures": -2685877, "investments": -3562554, "otherCashflowsFromInvestingActivities": 1115599, "totalCashflowsFromInvestingActivities": -6248431, "netBorrowings": 6484954, "otherCashflowsFromFinancingActivities": -4896839, "totalCashFromFinancingActivities": 11488115, "changeInCash": -1581423, "issuanceOfStock": 9900000}, {"maxAge": 1, "endDate": "2017-03-31", "netIncome": -3724065, "depreciation": 677564, "changeToNetincome": 4915998, "changeToAccountReceivables": -2301500, "changeToLiabilities": 0, "changeToInventory": -10239755, "changeToOperatingActivities": 15055492, "totalCashFromOperatingActivities": 4383734, "capitalExpenditures": -1015526, "investments": 2969, "otherCashflowsFromInvestingActivities": 1177576, "totalCashflowsFromInvestingActivities": 165019, "netBorrowings": -5934257, "otherCashflowsFromFinancingActivities": -6025839, "totalCashFromFinancingActivities": -11960096, "changeInCash": -7411343, "issuanceOfStock": 9900000}], "maxAge": 86400}, "institutionOwnership": {"ownershipList": [], "maxAge": 1}, "balanceSheetHistoryQuarterly": {"balanceSheetStatements": [{"maxAge": 1, "endDate": "2020-06-30", "totalStockholderEquity": 50727172, "netTangibleAssets": 50727172}, {"maxAge": 1, "endDate": "2020-03-31", "cash": 591642, "shortTermInvestments": 1730706, "netReceivables": 30971016, "inventory": 18613437, "otherCurrentAssets": 7199236, "totalCurrentAssets": 59106037, "longTermInvestments": 17504000, "propertyPlantEquipment": 13258530, "otherAssets": 429900, "deferredLongTermAssetCharges": 429900, "totalAssets": 90298467, "accountsPayable": 2029579, "otherCurrentLiab": 1090340, "minorityInterest": 834650, "totalCurrentLiabilities": 39371295, "totalLiab": 39371295, "commonStock": 55090000, "treasuryStock": -4997478, "otherStockholderEquity": -4997478, "totalStockholderEquity": 50092522, "netTangibleAssets": 50092522}, {"maxAge": 1, "endDate": "2019-12-31", "totalStockholderEquity": 53018730, "netTangibleAssets": 53018730}, {"maxAge": 1, "endDate": "2019-09-30", "cash": 422226, "netReceivables": 33103215, "inventory": 19244109, "otherCurrentAssets": 13125877, "totalCurrentAssets": 65895427, "longTermInvestments": 17799000, "propertyPlantEquipment": 20782702, "otherAssets": -1, "totalAssets": 104477128, "accountsPayable": 2818221, "otherCurrentLiab": 21140859, "otherLiab": 214484, "minorityInterest": 500000, "totalCurrentLiabilities": 50743914, "totalLiab": 50958398, "commonStock": 55090000, "treasuryStock": -2071270, "otherStockholderEquity": -2071270, "totalStockholderEquity": 53018730, "netTangibleAssets": 53018730}], "maxAge": 86400}, "indexTrend": {"maxAge": 1, "symbol": "SP5", "peRatio": 19.7411, "pegRatio": 1.34172, "estimates": [{"period": "0q", "growth": 0.549}, {"period": "+1q", "growth": 0.431}, {"period": "0y", "growth": 0.305}, {"period": "+1y", "growth": 0.109}, {"period": "+5y", "growth": 0.120859005}, {"period": "-5y"}]}, "insiderTransactions": {"transactions": [{"maxAge": 1, "shares": 28699, "filerUrl": "", "transactionText": "", "filerName": "Jain (Ashok Kumar)", "filerRelation": "Promoter", "moneyText": "", "startDate": "2014-03-26", "ownership": "D"}, {"maxAge": 1, "shares": 20000, "filerUrl": "", "transactionText": "", "filerName": "Jain (Ashok Kumar)", "filerRelation": "Promoter", "moneyText": "", "startDate": "2014-03-25", "ownership": "D"}, {"maxAge": 1, "shares": 20230, "filerUrl": "", "transactionText": "", "filerName": "Jain (Ashok Kumar)", "filerRelation": "Promoter", "moneyText": "", "startDate": "2014-03-24", "ownership": "D"}], "maxAge": 1}, "quoteType": {"exchange": "BSE", "quoteType": "EQUITY", "symbol": "MINFY.BO", "underlyingSymbol": "MINFY.BO", "shortName": "Mahaveer Infoway Limited", "longName": "Mahaveer Infoway Limited", "firstTradeDateEpochUtc": "2010-09-30 09:15:00", "timeZoneFullName": "Asia/Kolkata", "timeZoneShortName": "IST", "uuid": "1ce3772e-e597-3d09-8eb5-d4d7860ad3e3", "gmtOffSetMilliseconds": 19800000, "maxAge": 1}, "incomeStatementHistory": {"incomeStatementHistory": [{"maxAge": 1, "endDate": "2020-03-31", "totalRevenue": 22021501, "costOfRevenue": 17553939, "grossProfit": 4467562, "researchDevelopment": {}, "sellingGeneralAdministrative": 1796441, "nonRecurring": {}, "otherOperatingExpenses": 4437787, "totalOperatingExpenses": 24657306, "operatingIncome": -2635805, "totalOtherIncomeExpenseNet": -2911678, "ebit": -2635805, "interestExpense": -2915649, "incomeBeforeTax": -5547483, "incomeTaxExpense": -702960, "minorityInterest": 834650, "netIncomeFromContinuingOps": -4844523, "discontinuedOperations": {}, "extraordinaryItems": {}, "effectOfAccountingCharges": {}, "otherItems": {}, "netIncome": -4844523, "netIncomeApplicableToCommonShares": -4844523}, {"maxAge": 1, "endDate": "2019-03-31", "totalRevenue": 19973028, "costOfRevenue": 22110941, "grossProfit": -2137913, "researchDevelopment": {}, "sellingGeneralAdministrative": 218471, "nonRecurring": {}, "otherOperatingExpenses": 1258478, "totalOperatingExpenses": 24445074, "operatingIncome": -4472046, "totalOtherIncomeExpenseNet": -2288601, "ebit": -4472046, "interestExpense": -3450537, "incomeBeforeTax": -6760647, "incomeTaxExpense": 85437, "minorityInterest": 834650, "netIncomeFromContinuingOps": -6846084, "discontinuedOperations": {}, "extraordinaryItems": {}, "effectOfAccountingCharges": {}, "otherItems": {}, "netIncome": -6846084, "netIncomeApplicableToCommonShares": -6846084}, {"maxAge": 1, "endDate": "2018-03-31", "totalRevenue": 148781125, "costOfRevenue": 115941991, "grossProfit": 32839134, "researchDevelopment": {}, "sellingGeneralAdministrative": 3610774, "nonRecurring": {}, "otherOperatingExpenses": 25739132, "totalOperatingExpenses": 146774448, "operatingIncome": 2006677, "totalOtherIncomeExpenseNet": -5057307, "ebit": 2006677, "interestExpense": -5296665, "incomeBeforeTax": -3050630, "incomeTaxExpense": 789349, "minorityInterest": 5223822, "netIncomeFromContinuingOps": -3839979, "discontinuedOperations": {}, "extraordinaryItems": {}, "effectOfAccountingCharges": {}, "otherItems": {}, "netIncome": -3839979, "netIncomeApplicableToCommonShares": -3839979}, {"maxAge": 1, "endDate": "2017-03-31", "totalRevenue": 178344837, "costOfRevenue": 137597511, "grossProfit": 40747326, "researchDevelopment": {}, "sellingGeneralAdministrative": 1428558, "nonRecurring": {}, "otherOperatingExpenses": 36294439, "totalOperatingExpenses": 175998072, "operatingIncome": 2346765, "totalOtherIncomeExpenseNet": -5701563, "ebit": 2346765, "interestExpense": -6745350, "incomeBeforeTax": -3354798, "incomeTaxExpense": 369267, "minorityInterest": 1142881, "netIncomeFromContinuingOps": -3724065, "discontinuedOperations": {}, "extraordinaryItems": {}, "effectOfAccountingCharges": {}, "otherItems": {}, "netIncome": -3724065, "netIncomeApplicableToCommonShares": -3724065}], "maxAge": 86400}, "fundOwnership": {"ownershipList": [], "maxAge": 1}, "summaryDetail": {"maxAge": 1, "priceHint": 4, "previousClose": 2.7, "open": 2.7, "dayLow": 2.7, "dayHigh": 2.7, "regularMarketPreviousClose": 2.7, "regularMarketOpen": 2.7, "regularMarketDayLow": 2.7, "regularMarketDayHigh": 2.7, "volume": 1, "regularMarketVolume": 1, "averageVolume": 681, "averageVolume10days": 1520, "averageDailyVolume10Day": 1520, "bid": 2.53, "ask": 2.7, "bidSize": 0, "askSize": 0, "marketCap": 14874300, "fiftyTwoWeekLow": 0.93, "fiftyTwoWeekHigh": 2.85, "fiftyDayAverage": 1.0772728, "twoHundredDayAverage": 1.4902941, "currency": "INR", "fromCurrency": null, "lastMarket": null, "algorithm": null, "tradeable": false}, "incomeStatementHistoryQuarterly": {"incomeStatementHistory": [{"maxAge": 1, "endDate": "2020-06-30", "totalRevenue": 196000, "costOfRevenue": 206000, "grossProfit": -10000, "researchDevelopment": {}, "sellingGeneralAdministrative": {}, "nonRecurring": {}, "otherOperatingExpenses": 17000, "totalOperatingExpenses": 348000, "operatingIncome": -152000, "totalOtherIncomeExpenseNet": -487000, "ebit": -152000, "interestExpense": -487000, "incomeBeforeTax": -639000, "incomeTaxExpense": 0, "minorityInterest": {}, "netIncomeFromContinuingOps": -639000, "discontinuedOperations": {}, "extraordinaryItems": {}, "effectOfAccountingCharges": {}, "otherItems": {}, "netIncome": -639000, "netIncomeApplicableToCommonShares": -639000}, {"maxAge": 1, "endDate": "2020-03-31", "totalRevenue": 791501, "costOfRevenue": 32939, "grossProfit": 758562, "researchDevelopment": {}, "sellingGeneralAdministrative": 1796441, "nonRecurring": {}, "otherOperatingExpenses": 2042787, "totalOperatingExpenses": 4324306, "operatingIncome": -3532805, "totalOtherIncomeExpenseNet": -751678, "ebit": -3532805, "interestExpense": -754649, "incomeBeforeTax": -4284483, "incomeTaxExpense": -702960, "minorityInterest": 834650, "netIncomeFromContinuingOps": -3581523, "discontinuedOperations": {}, "extraordinaryItems": {}, "effectOfAccountingCharges": {}, "otherItems": {}, "netIncome": -3581523, "netIncomeApplicableToCommonShares": -3581523}, {"maxAge": 1, "endDate": "2019-12-31", "totalRevenue": 15258000, "costOfRevenue": 12707000, "grossProfit": 2551000, "researchDevelopment": {}, "sellingGeneralAdministrative": 1796441, "nonRecurring": {}, "otherOperatingExpenses": 464000, "totalOperatingExpenses": 13273000, "operatingIncome": 1985000, "totalOtherIncomeExpenseNet": -694000, "ebit": 1985000, "interestExpense": -695000, "incomeBeforeTax": 1291000, "incomeTaxExpense": 0, "minorityInterest": 834650, "netIncomeFromContinuingOps": 1291000, "discontinuedOperations": {}, "extraordinaryItems": {}, "effectOfAccountingCharges": {}, "otherItems": {}, "netIncome": 1291000, "netIncomeApplicableToCommonShares": 1291000}, {"maxAge": 1, "endDate": "2019-09-30", "totalRevenue": 2477000, "costOfRevenue": 1441000, "grossProfit": 1036000, "researchDevelopment": {}, "sellingGeneralAdministrative": 1796441, "nonRecurring": {}, "otherOperatingExpenses": 1630000, "totalOperatingExpenses": 3173000, "operatingIncome": -696000, "totalOtherIncomeExpenseNet": -700000, "ebit": -696000, "interestExpense": -700000, "incomeBeforeTax": -1396000, "incomeTaxExpense": 0, "minorityInterest": 500000, "netIncomeFromContinuingOps": -1396000, "discontinuedOperations": {}, "extraordinaryItems": {}, "effectOfAccountingCharges": {}, "otherItems": {}, "netIncome": -1396000, "netIncomeApplicableToCommonShares": -1396000}], "maxAge": 86400}, "cashflowStatementHistoryQuarterly": {"cashflowStatements": [{"maxAge": 1, "endDate": "2020-06-30", "netIncome": -639000, "depreciation": 125000, "changeToNetincome": 486767, "changeToAccountReceivables": 1, "changeToLiabilities": -256378, "changeToOperatingActivities": 2037853, "totalCashFromOperatingActivities": 1754243, "capitalExpenditures": -840494, "totalCashflowsFromInvestingActivities": -840494, "otherCashflowsFromFinancingActivities": -487108, "totalCashFromFinancingActivities": -487108, "changeInCash": 426641}, {"maxAge": 1, "endDate": "2020-03-31", "netIncome": -3581523, "depreciation": 125000, "changeToNetincome": 486767, "changeToAccountReceivables": 1, "changeToLiabilities": 0, "changeToOperatingActivities": 2037853, "totalCashFromOperatingActivities": 1754243, "capitalExpenditures": -840494, "totalCashflowsFromInvestingActivities": -840494, "otherCashflowsFromFinancingActivities": -487108, "totalCashFromFinancingActivities": -487108, "changeInCash": 426641}, {"maxAge": 1, "endDate": "2019-12-31", "netIncome": 1291000, "depreciation": 125000, "changeToNetincome": 486767, "changeToAccountReceivables": 1, "changeToLiabilities": 0, "changeToOperatingActivities": 2037853, "totalCashFromOperatingActivities": 1754243, "capitalExpenditures": -840494, "totalCashflowsFromInvestingActivities": -840494, "otherCashflowsFromFinancingActivities": -487108, "totalCashFromFinancingActivities": -487108, "changeInCash": 426641}, {"maxAge": 1, "endDate": "2019-09-30", "netIncome": -1396000, "depreciation": 125000, "changeToNetincome": 486767, "changeToAccountReceivables": 1, "changeToLiabilities": 0, "changeToOperatingActivities": 2037853, "totalCashFromOperatingActivities": 1754243, "capitalExpenditures": -840494, "totalCashflowsFromInvestingActivities": -840494, "otherCashflowsFromFinancingActivities": -487108, "totalCashFromFinancingActivities": -487108, "changeInCash": 426641}], "maxAge": 86400}, "insiderHolders": {"holders": [{"maxAge": 1, "name": "Jain (Ashok Kumar)", "relation": "Promoter", "url": "", "transactionDescription": "Purchase", "latestTransDate": "2014-03-26", "positionDirect": 502718, "positionDirectDate": "2014-03-26"}], "maxAge": 1}, "calendarEvents": {"maxAge": 1, "earnings": {"earningsDate": []}}, "upgradeDowngradeHistory": {"history": [], "maxAge": 86400}, "price": {"maxAge": 1, "regularMarketChangePercent": 0.0, "regularMarketChange": 0.0, "regularMarketTime": "2021-04-29 14:02:19", "priceHint": 4, "regularMarketPrice": 2.7, "regularMarketDayHigh": 2.7, "regularMarketDayLow": 2.7, "regularMarketVolume": 1, "averageDailyVolume10Day": 1520, "averageDailyVolume3Month": 681, "regularMarketPreviousClose": 2.7, "regularMarketSource": "FREE_REALTIME", "regularMarketOpen": 2.7, "exchange": "BSE", "exchangeName": "BSE", "exchangeDataDelayedBy": 0, "marketState": "CLOSED", "quoteType": "EQUITY", "symbol": "MINFY.BO", "underlyingSymbol": null, "shortName": "Mahaveer Infoway Limited", "longName": "Mahaveer Infoway Limited", "currency": "INR", "quoteSourceName": "Delayed Quote", "currencySymbol": "\u20b9", "fromCurrency": null, "lastMarket": null, "marketCap": 14874300}, "balanceSheetHistory": {"balanceSheetStatements": [{"maxAge": 1, "endDate": "2020-03-31", "cash": 591642, "shortTermInvestments": 1730706, "netReceivables": 30971016, "inventory": 18613437, "otherCurrentAssets": 7199236, "totalCurrentAssets": 59106037, "longTermInvestments": 17504000, "propertyPlantEquipment": 13258530, "otherAssets": 429900, "deferredLongTermAssetCharges": 429900, "totalAssets": 90298467, "accountsPayable": 2029579, "otherCurrentLiab": 1090340, "minorityInterest": 834650, "totalCurrentLiabilities": 39371295, "totalLiab": 39371295, "commonStock": 55090000, "treasuryStock": -4997478, "otherStockholderEquity": -4997478, "totalStockholderEquity": 50092522, "netTangibleAssets": 50092522}, {"maxAge": 1, "endDate": "2019-03-31", "cash": 350469, "shortTermInvestments": 3679580, "netReceivables": 36117563, "inventory": 19326009, "otherCurrentAssets": 8463710, "totalCurrentAssets": 67937331, "longTermInvestments": 17504000, "propertyPlantEquipment": 13567801, "otherAssets": 354268, "deferredLongTermAssetCharges": 354268, "totalAssets": 99363400, "accountsPayable": 4195639, "otherCurrentLiab": 5830080, "minorityInterest": 834650, "totalCurrentLiabilities": 43591705, "totalLiab": 43591705, "commonStock": 55090000, "treasuryStock": -152955, "otherStockholderEquity": -152955, "totalStockholderEquity": 54937045, "netTangibleAssets": 54937045}, {"maxAge": 1, "endDate": "2018-03-31", "cash": 3918810, "shortTermInvestments": 10000, "netReceivables": 98178307, "inventory": 21019644, "otherCurrentAssets": 13308758, "totalCurrentAssets": 137145509, "longTermInvestments": 23888580, "propertyPlantEquipment": 15934935, "intangibleAssets": 98190, "totalAssets": 177067214, "accountsPayable": 23353791, "otherCurrentLiab": 7642718, "otherLiab": 73786, "minorityInterest": 5223822, "totalCurrentLiabilities": 106121310, "totalLiab": 106195096, "commonStock": 55090000, "retainedEarnings": 10558296, "treasuryStock": 10558296, "otherStockholderEquity": 10558296, "totalStockholderEquity": 65648296, "netTangibleAssets": 65550106}, {"maxAge": 1, "endDate": "2017-03-31", "cash": 5500231, "shortTermInvestments": 10000, "netReceivables": 82713572, "inventory": 39842894, "otherCurrentAssets": 7589472, "totalCurrentAssets": 135769863, "longTermInvestments": 20326025, "propertyPlantEquipment": 14829799, "otherAssets": 32524, "totalAssets": 170958211, "accountsPayable": 21987137, "otherCurrentLiab": 6452586, "otherLiab": 128842, "deferredLongTermLiab": 32525, "minorityInterest": 1142881, "totalCurrentLiabilities": 100334053, "totalLiab": 100462895, "commonStock": 55090000, "treasuryStock": 14262435, "otherStockholderEquity": 14262435, "totalStockholderEquity": 69352435, "netTangibleAssets": 69352435}], "maxAge": 86400}, "financialData": {"maxAge": 86400, "currentPrice": 2.7, "recommendationKey": "none", "grossProfits": 4467562, "financialCurrency": "INR"}}}