{"MINID.BO": {"cashflowStatementHistory": {"cashflowStatements": [{"maxAge": 1, "endDate": "2020-03-31", "netIncome": -9623000, "depreciation": 711598, "changeToNetincome": 1976288, "changeToAccountReceivables": 162333115, "changeToLiabilities": 0, "changeToInventory": 190354914, "changeToOperatingActivities": -299034709, "totalCashFromOperatingActivities": 46718206, "otherCashflowsFromInvestingActivities": 2444, "totalCashflowsFromInvestingActivities": 117444, "netBorrowings": -48117785, "otherCashflowsFromFinancingActivities": -1610554, "totalCashFromFinancingActivities": -49728339, "changeInCash": -2892689}, {"maxAge": 1, "endDate": "2019-03-31", "netIncome": -11603825, "depreciation": 1150075, "changeToNetincome": 11106685, "changeToAccountReceivables": 126034401, "changeToLiabilities": 0, "changeToInventory": 228243502, "changeToOperatingActivities": -279570420, "totalCashFromOperatingActivities": 75360418, "otherCashflowsFromInvestingActivities": 523796, "totalCashflowsFromInvestingActivities": 394296, "netBorrowings": -78456806, "otherCashflowsFromFinancingActivities": -17461496, "totalCashFromFinancingActivities": -95918302, "changeInCash": -20163588}, {"maxAge": 1, "endDate": "2018-03-31", "netIncome": 3032672, "depreciation": 1578514, "changeToNetincome": 16543723, "changeToAccountReceivables": -72382705, "changeToLiabilities": 0, "changeToInventory": -286059472, "changeToOperatingActivities": 388317966, "totalCashFromOperatingActivities": 51030698, "capitalExpenditures": -204670, "otherCashflowsFromInvestingActivities": 782444, "totalCashflowsFromInvestingActivities": 572821, "netBorrowings": -35570029, "otherCashflowsFromFinancingActivities": -18141725, "totalCashFromFinancingActivities": -53711754, "changeInCash": -2108235}, {"maxAge": 1, "endDate": "2017-03-31", "netIncome": 3105901, "depreciation": 1891218, "changeToNetincome": 17443058, "changeToAccountReceivables": -52697676, "changeToLiabilities": 0, "changeToInventory": 261131249, "changeToOperatingActivities": -285230362, "totalCashFromOperatingActivities": -54356612, "capitalExpenditures": -2573015, "otherCashflowsFromInvestingActivities": 2030375, "totalCashflowsFromInvestingActivities": -588948, "netBorrowings": 74268260, "otherCashflowsFromFinancingActivities": -18552085, "totalCashFromFinancingActivities": 55716175, "changeInCash": 770615}], "maxAge": 86400}, "institutionOwnership": {"maxAge": 1, "ownershipList": []}, "balanceSheetHistoryQuarterly": {"balanceSheetStatements": [{"maxAge": 1, "endDate": "2020-06-30", "totalStockholderEquity": 54497000, "netTangibleAssets": 54497000}, {"maxAge": 1, "endDate": "2020-03-31", "cash": 1989000, "shortTermInvestments": 145000, "netReceivables": 563346000, "inventory": 8111000, "otherCurrentAssets": 331000, "totalCurrentAssets": 573922000, "propertyPlantEquipment": 3289000, "otherAssets": 398000, "totalAssets": 577609000, "accountsPayable": 416529000, "otherCurrentLiab": 24174000, "otherLiab": 1188000, "totalCurrentLiabilities": 521924000, "totalLiab": 523112000, "commonStock": 34500000, "retainedEarnings": 19997000, "totalStockholderEquity": 54497000, "netTangibleAssets": 54497000}, {"maxAge": 1, "endDate": "2019-12-31", "totalStockholderEquity": 64317000, "netTangibleAssets": 64317000}, {"maxAge": 1, "endDate": "2019-09-30", "cash": 2231000, "netReceivables": 629872000, "inventory": 151588000, "otherCurrentAssets": 21185000, "totalCurrentAssets": 804876000, "propertyPlantEquipment": 3577000, "otherAssets": 568000, "totalAssets": 809021000, "accountsPayable": 625220000, "otherCurrentLiab": 39630000, "otherLiab": 699000, "totalCurrentLiabilities": 744005000, "totalLiab": 744704000, "commonStock": 34500000, "retainedEarnings": 29817000, "totalStockholderEquity": 64317000, "netTangibleAssets": 64317000}], "maxAge": 86400}, "indexTrend": {"maxAge": 1, "symbol": "SP5", "peRatio": 19.7411, "pegRatio": 1.34172, "estimates": [{"period": "0q", "growth": 0.549}, {"period": "+1q", "growth": 0.431}, {"period": "0y", "growth": 0.305}, {"period": "+1y", "growth": 0.109}, {"period": "+5y", "growth": 0.120859005}, {"period": "-5y"}]}, "quoteType": {"exchange": "BSE", "quoteType": "EQUITY", "symbol": "MINID.BO", "underlyingSymbol": "MINID.BO", "shortName": "MINI DIAMONDS (INDIA) LTD.", "longName": "Mini Diamonds (India) Limited", "firstTradeDateEpochUtc": "2007-05-30 09:15:00", "timeZoneFullName": "Asia/Kolkata", "timeZoneShortName": "IST", "uuid": "6ec12586-ab79-3453-b9e2-04f44c2cef9a", "messageBoardId": null, "gmtOffSetMilliseconds": 19800000, "maxAge": 1}, "incomeStatementHistory": {"incomeStatementHistory": [{"maxAge": 1, "endDate": "2020-03-31", "totalRevenue": 563854000, "costOfRevenue": 517256000, "grossProfit": 46598000, "researchDevelopment": {}, "sellingGeneralAdministrative": 2198000, "nonRecurring": {}, "otherOperatingExpenses": 51334000, "totalOperatingExpenses": 571499000, "operatingIncome": -7645000, "totalOtherIncomeExpenseNet": -1610000, "ebit": -7645000, "interestExpense": -1610000, "incomeBeforeTax": -9255000, "incomeTaxExpense": 368000, "minorityInterest": {}, "netIncomeFromContinuingOps": -9623000, "discontinuedOperations": {}, "extraordinaryItems": {}, "effectOfAccountingCharges": {}, "otherItems": {}, "netIncome": -9623000, "netIncomeApplicableToCommonShares": -9623000}, {"maxAge": 1, "endDate": "2019-03-31", "totalRevenue": 1113494647, "costOfRevenue": 1063041229, "grossProfit": 50453418, "researchDevelopment": {}, "sellingGeneralAdministrative": 4866270, "nonRecurring": {}, "otherOperatingExpenses": 41650499, "totalOperatingExpenses": 1110708073, "operatingIncome": 2786574, "totalOtherIncomeExpenseNet": -18846414, "ebit": 2786574, "interestExpense": -17461495, "incomeBeforeTax": -16059840, "incomeTaxExpense": -4456015, "minorityInterest": {}, "netIncomeFromContinuingOps": -11603825, "discontinuedOperations": {}, "extraordinaryItems": {}, "effectOfAccountingCharges": {}, "otherItems": {}, "netIncome": -11603825, "netIncomeApplicableToCommonShares": -11603825}, {"maxAge": 1, "endDate": "2018-03-31", "totalRevenue": 1222718588, "costOfRevenue": 1130689768, "grossProfit": 92028820, "researchDevelopment": {}, "sellingGeneralAdministrative": 5353685, "nonRecurring": {}, "otherOperatingExpenses": 61746950, "totalOperatingExpenses": 1199566507, "operatingIncome": 23152081, "totalOtherIncomeExpenseNet": -19754967, "ebit": 23152081, "interestExpense": -18141726, "incomeBeforeTax": 3397114, "incomeTaxExpense": 364442, "minorityInterest": {}, "netIncomeFromContinuingOps": 3032672, "discontinuedOperations": {}, "extraordinaryItems": {}, "effectOfAccountingCharges": {}, "otherItems": {}, "netIncome": 3032672, "netIncomeApplicableToCommonShares": 3032672}, {"maxAge": 1, "endDate": "2017-03-31", "totalRevenue": 1277725859, "costOfRevenue": 1178621164, "grossProfit": 99104695, "researchDevelopment": {}, "sellingGeneralAdministrative": 6417526, "nonRecurring": {}, "otherOperatingExpenses": 64309498, "totalOperatingExpenses": 1251245260, "operatingIncome": 26480599, "totalOtherIncomeExpenseNet": -21632375, "ebit": 26480599, "interestExpense": -18552085, "incomeBeforeTax": 4848224, "incomeTaxExpense": 1742323, "minorityInterest": {}, "netIncomeFromContinuingOps": 3105901, "discontinuedOperations": {}, "extraordinaryItems": {}, "effectOfAccountingCharges": {}, "otherItems": {}, "netIncome": 3105901, "netIncomeApplicableToCommonShares": 3105901}], "maxAge": 86400}, "fundOwnership": {"maxAge": 1, "ownershipList": []}, "summaryDetail": {"maxAge": 1, "priceHint": 2, "previousClose": 6.68, "open": 6.66, "dayLow": 6.66, "dayHigh": 6.68, "regularMarketPreviousClose": 6.68, "regularMarketOpen": 6.66, "regularMarketDayLow": 6.66, "regularMarketDayHigh": 6.68, "volume": 890, "regularMarketVolume": 890, "averageVolume": 987, "averageVolume10days": 2907, "averageDailyVolume10Day": 2907, "bid": 0.0, "ask": 6.8, "bidSize": 0, "askSize": 0, "marketCap": 23046000, "fiftyTwoWeekLow": 1.91, "fiftyTwoWeekHigh": 6.68, "fiftyDayAverage": 2.7591176, "twoHundredDayAverage": 2.4844854, "currency": "INR", "fromCurrency": null, "toCurrency": null, "lastMarket": null, "algorithm": null, "tradeable": false}, "incomeStatementHistoryQuarterly": {"incomeStatementHistory": [{"maxAge": 1, "endDate": "2020-06-30", "totalRevenue": 1599000, "costOfRevenue": 0, "grossProfit": 1599000, "researchDevelopment": {}, "sellingGeneralAdministrative": 416000, "nonRecurring": {}, "otherOperatingExpenses": 1743000, "totalOperatingExpenses": 2337000, "operatingIncome": -738000, "totalOtherIncomeExpenseNet": -56000, "ebit": -738000, "interestExpense": -57000, "incomeBeforeTax": -794000, "incomeTaxExpense": 0, "minorityInterest": {}, "netIncomeFromContinuingOps": -794000, "discontinuedOperations": {}, "extraordinaryItems": {}, "effectOfAccountingCharges": {}, "otherItems": {}, "netIncome": -794000, "netIncomeApplicableToCommonShares": -794000}, {"maxAge": 1, "endDate": "2020-03-31", "totalRevenue": 373815000, "costOfRevenue": 346922000, "grossProfit": 26893000, "researchDevelopment": {}, "sellingGeneralAdministrative": 1159000, "nonRecurring": {}, "otherOperatingExpenses": 37179000, "totalOperatingExpenses": 385375000, "operatingIncome": -11560000, "totalOtherIncomeExpenseNet": -128000, "ebit": -11560000, "interestExpense": -128000, "incomeBeforeTax": -11688000, "incomeTaxExpense": -243000, "minorityInterest": {}, "netIncomeFromContinuingOps": -11445000, "discontinuedOperations": {}, "extraordinaryItems": {}, "effectOfAccountingCharges": {}, "otherItems": {}, "netIncome": -11445000, "netIncomeApplicableToCommonShares": -11445000}, {"maxAge": 1, "endDate": "2019-12-31", "totalRevenue": 124566000, "costOfRevenue": 116825000, "grossProfit": 7741000, "researchDevelopment": {}, "sellingGeneralAdministrative": 335000, "nonRecurring": {}, "otherOperatingExpenses": 4662000, "totalOperatingExpenses": 121994000, "operatingIncome": 2572000, "totalOtherIncomeExpenseNet": -433000, "ebit": 2572000, "interestExpense": -433000, "incomeBeforeTax": 2139000, "incomeTaxExpense": 535000, "minorityInterest": {}, "netIncomeFromContinuingOps": 1604000, "discontinuedOperations": {}, "extraordinaryItems": {}, "effectOfAccountingCharges": {}, "otherItems": {}, "netIncome": 1604000, "netIncomeApplicableToCommonShares": 1604000}, {"maxAge": 1, "endDate": "2019-09-30", "totalRevenue": 11343000, "costOfRevenue": 4984000, "grossProfit": 6359000, "researchDevelopment": {}, "sellingGeneralAdministrative": 352000, "nonRecurring": {}, "otherOperatingExpenses": 4989000, "totalOperatingExpenses": 10484000, "operatingIncome": 859000, "totalOtherIncomeExpenseNet": -595000, "ebit": 859000, "interestExpense": -595000, "incomeBeforeTax": 264000, "incomeTaxExpense": 66000, "minorityInterest": {}, "netIncomeFromContinuingOps": 198000, "discontinuedOperations": {}, "extraordinaryItems": {}, "effectOfAccountingCharges": {}, "otherItems": {}, "netIncome": 198000, "netIncomeApplicableToCommonShares": 198000}], "maxAge": 86400}, "cashflowStatementHistoryQuarterly": {"cashflowStatements": [{"maxAge": 1, "endDate": "2020-06-30", "netIncome": -794000, "changeToLiabilities": 0}, {"maxAge": 1, "endDate": "2020-03-31", "netIncome": -11445000, "changeToLiabilities": 0}, {"maxAge": 1, "endDate": "2019-12-31", "netIncome": 1604000, "changeToLiabilities": 0}, {"maxAge": 1, "endDate": "2019-09-30", "netIncome": 198000, "changeToLiabilities": 0}], "maxAge": 86400}, "insiderHolders": {"holders": [], "maxAge": 1}, "calendarEvents": {"maxAge": 1, "earnings": {"earningsDate": []}}, "price": {"maxAge": 1, "regularMarketChangePercent": 0.0, "regularMarketChange": 0.0, "regularMarketTime": "2021-04-23 10:30:04", "priceHint": 2, "regularMarketPrice": 6.68, "regularMarketDayHigh": 6.68, "regularMarketDayLow": 6.66, "regularMarketVolume": 890, "averageDailyVolume10Day": 2907, "averageDailyVolume3Month": 987, "regularMarketPreviousClose": 6.68, "regularMarketSource": "FREE_REALTIME", "regularMarketOpen": 6.66, "exchange": "BSE", "exchangeName": "BSE", "exchangeDataDelayedBy": 0, "marketState": "CLOSED", "quoteType": "EQUITY", "symbol": "MINID.BO", "underlyingSymbol": null, "shortName": "MINI DIAMONDS (INDIA) LTD.", "longName": "Mini Diamonds (India) Limited", "currency": "INR", "quoteSourceName": "Delayed Quote", "currencySymbol": "\u20b9", "fromCurrency": null, "toCurrency": null, "lastMarket": null, "marketCap": 23046000}, "balanceSheetHistory": {"balanceSheetStatements": [{"maxAge": 1, "endDate": "2020-03-31", "cash": 1989000, "shortTermInvestments": 145000, "netReceivables": 563346000, "inventory": 8111000, "otherCurrentAssets": 331000, "totalCurrentAssets": 573922000, "propertyPlantEquipment": 3289000, "otherAssets": 398000, "totalAssets": 577609000, "accountsPayable": 416529000, "otherCurrentLiab": 24174000, "otherLiab": 1188000, "totalCurrentLiabilities": 521924000, "totalLiab": 523112000, "commonStock": 34500000, "retainedEarnings": 19997000, "totalStockholderEquity": 54497000, "netTangibleAssets": 54497000}, {"maxAge": 1, "endDate": "2019-03-31", "cash": 4879993, "shortTermInvestments": 29659, "netReceivables": 707557433, "inventory": 198466019, "otherCurrentAssets": 699434, "totalCurrentAssets": 911632538, "propertyPlantEquipment": 4000622, "otherAssets": 513380, "deferredLongTermAssetCharges": 699000, "totalAssets": 916146540, "accountsPayable": 682111284, "otherCurrentLiab": 40576543, "otherLiab": -1, "totalCurrentLiabilities": 852026804, "totalLiab": 852026803, "commonStock": 34500000, "retainedEarnings": 29619737, "treasuryStock": 29620000, "otherStockholderEquity": 29620000, "totalStockholderEquity": 64119737, "netTangibleAssets": 64119737}, {"maxAge": 1, "endDate": "2018-03-31", "cash": 2215343, "shortTermInvestments": 853261, "netReceivables": 835317415, "inventory": 426709521, "totalCurrentAssets": 1265095540, "propertyPlantEquipment": 27977311, "otherAssets": 383523, "totalAssets": 1293456374, "accountsPayable": 901963579, "otherCurrentLiab": 102841869, "otherLiab": 5131582, "totalCurrentLiabilities": 1212601231, "totalLiab": 1217732813, "commonStock": 34500000, "retainedEarnings": 41223561, "totalStockholderEquity": 75723561, "netTangibleAssets": 75723561}, {"maxAge": 1, "endDate": "2017-03-31", "cash": 4316437, "shortTermInvestments": 853855, "netReceivables": 761500104, "inventory": 140650049, "totalCurrentAssets": 907320445, "propertyPlantEquipment": 29351155, "otherAssets": 378570, "totalAssets": 937050170, "accountsPayable": 541421331, "otherCurrentLiab": 73624997, "otherLiab": 5947141, "totalCurrentLiabilities": 858412140, "totalLiab": 864359281, "commonStock": 34500000, "retainedEarnings": 38190889, "totalStockholderEquity": 72690889, "netTangibleAssets": 72690889}], "maxAge": 86400}, "financialData": {"maxAge": 86400, "currentPrice": 6.68, "recommendationKey": "none", "grossProfits": 46598000, "financialCurrency": "INR"}}}