{"MINOLTAF.BO": {"cashflowStatementHistory": {"cashflowStatements": [{"maxAge": 1, "endDate": "2020-03-31", "netIncome": 1917000, "changeToNetincome": 1156032, "changeToLiabilities": 629980, "changeToOperatingActivities": -2490704, "totalCashFromOperatingActivities": 1212308, "changeInCash": 1212309}, {"maxAge": 1, "endDate": "2019-03-31", "netIncome": 252, "changeToNetincome": 1865875, "changeToAccountReceivables": 200000, "changeToLiabilities": 20060, "changeToOperatingActivities": -6260270, "totalCashFromOperatingActivities": -4174084, "changeInCash": -4174083}, {"maxAge": 1, "endDate": "2018-03-31", "netIncome": 2143505, "changeToNetincome": -1116916, "changeToAccountReceivables": 200000, "changeToLiabilities": -2000, "changeToOperatingActivities": 897299, "totalCashFromOperatingActivities": 1921888, "investments": 2040000, "totalCashflowsFromInvestingActivities": 2040000, "changeInCash": 3961888}, {"maxAge": 1, "endDate": "2017-03-31", "netIncome": 372644, "changeToNetincome": 135294, "changeToAccountReceivables": 200000, "changeToLiabilities": -771460, "changeToOperatingActivities": -5896436, "totalCashFromOperatingActivities": -6159959, "investments": 7000000, "totalCashflowsFromInvestingActivities": 7000000, "changeInCash": 840041}], "maxAge": 86400}, "institutionOwnership": {"maxAge": 1, "ownershipList": []}, "balanceSheetHistoryQuarterly": {"balanceSheetStatements": [{"maxAge": 1, "endDate": "2020-06-30", "totalStockholderEquity": 105287947, "netTangibleAssets": 105287947}, {"maxAge": 1, "endDate": "2020-03-31", "cash": 1881165, "netReceivables": 59151265, "inventory": 6336055, "totalCurrentAssets": 67368485, "longTermInvestments": 46014376, "otherAssets": 2307633, "deferredLongTermAssetCharges": 2307633, "totalAssets": 115690494, "accountsPayable": 950826, "otherCurrentLiab": 253210, "longTermDebt": 5409115, "otherLiab": 3789396, "totalCurrentLiabilities": 1204036, "totalLiab": 10402547, "commonStock": 99995750, "treasuryStock": 5292197, "otherStockholderEquity": 5292197, "totalStockholderEquity": 105287947, "netTangibleAssets": 105287947}, {"maxAge": 1, "endDate": "2019-12-31", "totalStockholderEquity": 93050000, "netTangibleAssets": 93050000}, {"maxAge": 1, "endDate": "2019-09-30", "cash": 1425000, "netReceivables": 75950000, "inventory": 1268000, "totalCurrentAssets": 78643000, "longTermInvestments": 27796000, "totalAssets": 106439000, "accountsPayable": 3000000, "otherLiab": 9783000, "totalCurrentLiabilities": 3606000, "totalLiab": 13389000, "commonStock": 99996000, "treasuryStock": -6946000, "otherStockholderEquity": -6946000, "totalStockholderEquity": 93050000, "netTangibleAssets": 93050000}], "maxAge": 86400}, "indexTrend": {"maxAge": 1, "symbol": "SP5", "peRatio": 19.7411, "pegRatio": 1.34172, "estimates": [{"period": "0q", "growth": 0.549}, {"period": "+1q", "growth": 0.431}, {"period": "0y", "growth": 0.305}, {"period": "+1y", "growth": 0.109}, {"period": "+5y", "growth": 0.120859005}, {"period": "-5y"}]}, "insiderTransactions": {"transactions": [{"maxAge": 1, "shares": 46500, "filerUrl": "", "transactionText": "", "filerName": "Hanuman Exports & Resources Pvt. Ltd.", "filerRelation": "Promoter", "moneyText": "", "startDate": "2011-05-18", "ownership": "D"}, {"maxAge": 1, "shares": 2500, "filerUrl": "", "transactionText": "", "filerName": "Marshall Commodities Pvt Ltd", "filerRelation": "Promoter", "moneyText": "", "startDate": "2011-05-18", "ownership": "D"}, {"maxAge": 1, "shares": 45000, "filerUrl": "", "transactionText": "", "filerName": "Marshall Commodities Pvt Ltd", "filerRelation": "Promoter", "moneyText": "", "startDate": "2011-05-02", "ownership": "D"}], "maxAge": 1}, "quoteType": {"exchange": "BSE", "quoteType": "EQUITY", "symbol": "MINOLTAF.BO", "underlyingSymbol": "MINOLTAF.BO", "shortName": "MINOLTA FINANCE LTD.", "longName": "Minolta Finance Limited", "firstTradeDateEpochUtc": "2012-01-16 09:15:00", "timeZoneFullName": "Asia/Kolkata", "timeZoneShortName": "IST", "uuid": "893ec0d9-10ea-3a7e-9281-f827d0c4cd0d", "messageBoardId": null, "gmtOffSetMilliseconds": 19800000, "maxAge": 1}, "incomeStatementHistory": {"incomeStatementHistory": [{"maxAge": 1, "endDate": "2020-03-31", "totalRevenue": 6509000, "costOfRevenue": 0, "grossProfit": 6509000, "researchDevelopment": {}, "sellingGeneralAdministrative": 1283000, "nonRecurring": {}, "otherOperatingExpenses": 1242000, "totalOperatingExpenses": 2525000, "operatingIncome": 3984000, "totalOtherIncomeExpenseNet": -1558000, "ebit": 3984000, "interestExpense": -490000, "incomeBeforeTax": 2426000, "incomeTaxExpense": 509000, "minorityInterest": {}, "netIncomeFromContinuingOps": 1917000, "discontinuedOperations": {}, "extraordinaryItems": {}, "effectOfAccountingCharges": {}, "otherItems": {}, "netIncome": 1917000, "netIncomeApplicableToCommonShares": 1917000}, {"maxAge": 1, "endDate": "2019-03-31", "totalRevenue": 4553172, "costOfRevenue": 0, "grossProfit": 4553172, "researchDevelopment": {}, "sellingGeneralAdministrative": 975750, "nonRecurring": {}, "otherOperatingExpenses": 1710056, "totalOperatingExpenses": 2685806, "operatingIncome": 1867366, "totalOtherIncomeExpenseNet": -1491629, "ebit": 1867366, "interestExpense": -1000, "incomeBeforeTax": 376737, "incomeTaxExpense": 376485, "minorityInterest": {}, "netIncomeFromContinuingOps": 252, "discontinuedOperations": {}, "extraordinaryItems": {}, "effectOfAccountingCharges": {}, "otherItems": {}, "netIncome": 252, "netIncomeApplicableToCommonShares": 252}, {"maxAge": 1, "endDate": "2018-03-31", "totalRevenue": 3974798, "costOfRevenue": 0, "grossProfit": 3974798, "researchDevelopment": {}, "sellingGeneralAdministrative": 815810, "nonRecurring": {}, "otherOperatingExpenses": 682221, "totalOperatingExpenses": 1498031, "operatingIncome": 2476767, "totalOtherIncomeExpenseNet": 25678, "ebit": 2476767, "interestExpense": -1000, "incomeBeforeTax": 2502445, "incomeTaxExpense": 358940, "minorityInterest": {}, "netIncomeFromContinuingOps": 2143505, "discontinuedOperations": {}, "extraordinaryItems": {}, "effectOfAccountingCharges": {}, "otherItems": {}, "netIncome": 2143505, "netIncomeApplicableToCommonShares": 2143505}, {"maxAge": 1, "endDate": "2017-03-31", "totalRevenue": 4685819, "costOfRevenue": 0, "grossProfit": 4685819, "researchDevelopment": {}, "sellingGeneralAdministrative": 799754, "nonRecurring": {}, "otherOperatingExpenses": 1293139, "totalOperatingExpenses": 2092893, "operatingIncome": 2592926, "totalOtherIncomeExpenseNet": -2061564, "ebit": 2592926, "interestExpense": -1000, "incomeBeforeTax": 531362, "incomeTaxExpense": 158718, "minorityInterest": {}, "netIncomeFromContinuingOps": 372644, "discontinuedOperations": {}, "extraordinaryItems": {}, "effectOfAccountingCharges": {}, "otherItems": {}, "netIncome": 372644, "netIncomeApplicableToCommonShares": 372644}], "maxAge": 86400}, "fundOwnership": {"maxAge": 1, "ownershipList": []}, "summaryDetail": {"maxAge": 1, "priceHint": 4, "previousClose": 1.38, "open": 1.32, "dayLow": 1.32, "dayHigh": 1.32, "regularMarketPreviousClose": 1.38, "regularMarketOpen": 1.32, "regularMarketDayLow": 1.32, "regularMarketDayHigh": 1.32, "trailingPE": 7.292818, "volume": 200, "regularMarketVolume": 200, "averageVolume": 6065, "averageVolume10days": 4456, "averageDailyVolume10Day": 4456, "bid": 0.0, "ask": 1.32, "bidSize": 0, "askSize": 0, "marketCap": 13200001, "fiftyTwoWeekLow": 0.95, "fiftyTwoWeekHigh": 1.84, "fiftyDayAverage": 1.1351428, "twoHundredDayAverage": 1.4942336, "currency": "INR", "fromCurrency": null, "toCurrency": null, "lastMarket": null, "algorithm": null, "tradeable": false}, "incomeStatementHistoryQuarterly": {"incomeStatementHistory": [{"maxAge": 1, "endDate": "2020-06-30", "totalRevenue": 955000, "costOfRevenue": 0, "grossProfit": 955000, "researchDevelopment": {}, "sellingGeneralAdministrative": 330000, "nonRecurring": {}, "otherOperatingExpenses": 14000, "totalOperatingExpenses": 344000, "operatingIncome": 611000, "totalOtherIncomeExpenseNet": 0, "ebit": 611000, "interestExpense": {}, "incomeBeforeTax": 611000, "incomeTaxExpense": 0, "minorityInterest": {}, "netIncomeFromContinuingOps": 611000, "discontinuedOperations": {}, "extraordinaryItems": {}, "effectOfAccountingCharges": {}, "otherItems": {}, "netIncome": 611000, "netIncomeApplicableToCommonShares": 611000}, {"maxAge": 1, "endDate": "2020-03-31", "totalRevenue": 3310000, "costOfRevenue": 0, "grossProfit": 3310000, "researchDevelopment": {}, "sellingGeneralAdministrative": 390000, "nonRecurring": {}, "otherOperatingExpenses": 273000, "totalOperatingExpenses": 663000, "operatingIncome": 2647000, "totalOtherIncomeExpenseNet": -1558000, "ebit": 2647000, "interestExpense": -490000, "incomeBeforeTax": 1089000, "incomeTaxExpense": 509000, "minorityInterest": {}, "netIncomeFromContinuingOps": 580000, "discontinuedOperations": {}, "extraordinaryItems": {}, "effectOfAccountingCharges": {}, "otherItems": {}, "netIncome": 580000, "netIncomeApplicableToCommonShares": 580000}, {"maxAge": 1, "endDate": "2019-12-31", "totalRevenue": 1065000, "costOfRevenue": 0, "grossProfit": 1065000, "researchDevelopment": {}, "sellingGeneralAdministrative": 330000, "nonRecurring": {}, "otherOperatingExpenses": 217000, "totalOperatingExpenses": 547000, "operatingIncome": 518000, "totalOtherIncomeExpenseNet": 1000, "ebit": 518000, "interestExpense": -490000, "incomeBeforeTax": 519000, "incomeTaxExpense": 0, "minorityInterest": {}, "netIncomeFromContinuingOps": 519000, "discontinuedOperations": {}, "extraordinaryItems": {}, "effectOfAccountingCharges": {}, "otherItems": {}, "netIncome": 519000, "netIncomeApplicableToCommonShares": 519000}, {"maxAge": 1, "endDate": "2019-09-30", "totalRevenue": 1098000, "costOfRevenue": 0, "grossProfit": 1098000, "researchDevelopment": {}, "sellingGeneralAdministrative": 222000, "nonRecurring": {}, "otherOperatingExpenses": 751000, "totalOperatingExpenses": 973000, "operatingIncome": 125000, "totalOtherIncomeExpenseNet": -1000, "ebit": 125000, "interestExpense": -1000, "incomeBeforeTax": 124000, "incomeTaxExpense": 0, "minorityInterest": {}, "netIncomeFromContinuingOps": 124000, "discontinuedOperations": {}, "extraordinaryItems": {}, "effectOfAccountingCharges": {}, "otherItems": {}, "netIncome": 124000, "netIncomeApplicableToCommonShares": 124000}], "maxAge": 86400}, "cashflowStatementHistoryQuarterly": {"cashflowStatements": [{"maxAge": 1, "endDate": "2020-06-30", "netIncome": 611000, "changeToLiabilities": 0}, {"maxAge": 1, "endDate": "2020-03-31", "netIncome": 580000, "changeToLiabilities": 0}, {"maxAge": 1, "endDate": "2019-12-31", "netIncome": 519000, "changeToLiabilities": 0}, {"maxAge": 1, "endDate": "2019-09-30", "netIncome": 124000, "changeToLiabilities": 0}], "maxAge": 86400}, "insiderHolders": {"holders": [{"maxAge": 1, "name": "Hanuman Exports & Resources Pvt. Ltd.", "relation": "Promoter", "url": "", "transactionDescription": "Acquisition", "latestTransDate": "2011-05-18", "positionDirect": 115550, "positionDirectDate": "2011-05-18"}, {"maxAge": 1, "name": "Marshall Commodities Pvt Ltd", "relation": "Promoter", "url": "", "transactionDescription": "Acquisition", "latestTransDate": "2011-05-18", "positionDirect": 126875, "positionDirectDate": "2011-05-18"}], "maxAge": 1}, "calendarEvents": {"maxAge": 1, "earnings": {"earningsDate": []}}, "price": {"maxAge": 1, "regularMarketChangePercent": -0.04347822, "regularMarketChange": -0.059999943, "regularMarketTime": "2021-04-30 14:30:31", "priceHint": 4, "regularMarketPrice": 1.32, "regularMarketDayHigh": 1.32, "regularMarketDayLow": 1.32, "regularMarketVolume": 200, "averageDailyVolume10Day": 4456, "averageDailyVolume3Month": 6065, "regularMarketPreviousClose": 1.38, "regularMarketSource": "FREE_REALTIME", "regularMarketOpen": 1.32, "exchange": "BSE", "exchangeName": "BSE", "exchangeDataDelayedBy": 0, "marketState": "CLOSED", "quoteType": "EQUITY", "symbol": "MINOLTAF.BO", "underlyingSymbol": null, "shortName": "MINOLTA FINANCE LTD.", "longName": "Minolta Finance Limited", "currency": "INR", "quoteSourceName": "Delayed Quote", "currencySymbol": "\u20b9", "fromCurrency": null, "toCurrency": null, "lastMarket": null, "marketCap": 13200001}, "balanceSheetHistory": {"balanceSheetStatements": [{"maxAge": 1, "endDate": "2020-03-31", "cash": 1881165, "netReceivables": 59151265, "inventory": 6336055, "totalCurrentAssets": 67368485, "longTermInvestments": 46014376, "otherAssets": 2307633, "deferredLongTermAssetCharges": 2307633, "totalAssets": 115690494, "accountsPayable": 950826, "otherCurrentLiab": 253210, "longTermDebt": 5409115, "otherLiab": 3789396, "totalCurrentLiabilities": 1204036, "totalLiab": 10402547, "commonStock": 99995750, "treasuryStock": 5292197, "otherStockholderEquity": 5292197, "totalStockholderEquity": 105287947, "netTangibleAssets": 105287947}, {"maxAge": 1, "endDate": "2019-03-31", "cash": 1570689, "netReceivables": 66900761, "inventory": 1268000, "otherCurrentAssets": 799408, "totalCurrentAssets": 70539148, "longTermInvestments": 27796120, "totalAssets": 98335268, "accountsPayable": 20060, "otherCurrentLiab": 376485, "otherLiab": 5406421, "totalCurrentLiabilities": 697331, "totalLiab": 6103752, "commonStock": 99995750, "retainedEarnings": -7769233, "treasuryStock": 5000, "otherStockholderEquity": 5000, "totalStockholderEquity": 92231517, "netTangibleAssets": 92231517}, {"maxAge": 1, "endDate": "2018-03-31", "cash": 5744772, "netReceivables": 62153712, "totalCurrentAssets": 69166774, "longTermInvestments": 27796120, "totalAssets": 96962894, "otherCurrentLiab": 409104, "otherLiab": 3917031, "totalCurrentLiabilities": 814600, "totalLiab": 4731631, "commonStock": 99995750, "retainedEarnings": -7769485, "treasuryStock": 5000, "otherStockholderEquity": 5000, "totalStockholderEquity": 92231265, "netTangibleAssets": 92231265}, {"maxAge": 1, "endDate": "2017-03-31", "cash": 1782883, "netReceivables": 62957407, "otherCurrentAssets": 1102804, "totalCurrentAssets": 67111384, "longTermInvestments": 28336120, "totalAssets": 95447504, "accountsPayable": 2000, "otherCurrentLiab": 158718, "otherLiab": 5003962, "totalCurrentLiabilities": 327714, "totalLiab": 5331676, "commonStock": 99995750, "retainedEarnings": -9884921, "treasuryStock": 5000, "otherStockholderEquity": 5000, "totalStockholderEquity": 90115829, "netTangibleAssets": 90115829}], "maxAge": 86400}, "financialData": {"maxAge": 86400, "currentPrice": 1.32, "recommendationKey": "none", "grossProfits": 6509000, "financialCurrency": "INR"}}}