{"MIRCELECTR.NS": {"assetProfile": {"address1": "Onida House", "address2": "G1, MIDC Mahakali Caves Road Andheri East", "city": "Mumbai", "zip": "400093", "country": "India", "phone": "91 22 6697 5777", "fax": "91 22 2820 2002", "website": "http://www.onida.com", "industry": "Furnishings, Fixtures & Appliances", "sector": "Consumer Cyclical", "longBusinessSummary": "MIRC Electronics Limited manufactures and markets electronics and consumer durables in India. It offers LED and LCD televisions, air conditioners, washing machines, microwave ovens, DVD home theatre systems, mobile phones, projector systems, infrared thermometers, refrigerators, and LED lights under the Onida and IGO brands. The company also exports its products. MIRC Electronics Limited was founded in 1981 and is based in Mumbai, India.", "fullTimeEmployees": 535, "companyOfficers": [{"maxAge": 1, "name": "Mr. Gulu Lalchand Mirchandani", "age": 77, "title": "Co-Founder, Chairman & MD", "yearBorn": 1943, "fiscalYear": 2020, "totalPay": 12202800, "exercisedValue": 0, "unexercisedValue": 0}, {"maxAge": 1, "name": "Mr. G.  Sundar C.A., I.C.W.A.", "title": "Chief Exec. Officer", "fiscalYear": 2020, "totalPay": 23348508, "exercisedValue": 0, "unexercisedValue": 0}, {"maxAge": 1, "name": "Mr. Vijay Jaikrishin Mansukhani", "age": 71, "title": "Founder, MD & Director", "yearBorn": 1949, "fiscalYear": 2020, "totalPay": 12202800, "exercisedValue": 0, "unexercisedValue": 0}, {"maxAge": 1, "name": "Mr. Lokesh  Sikka", "age": 36, "title": "Chief Human Resource Officer, VP of HR and Admin. & Additional Whole Time Director", "yearBorn": 1984, "fiscalYear": 2020, "totalPay": 445013, "exercisedValue": 0, "unexercisedValue": 0}, {"maxAge": 1, "name": "Mr. Lalit Mohan Chendvankar", "title": "Head of Corp. Affairs & Legal, Compliance Officer and Company Sec.", "fiscalYear": 2020, "totalPay": 3284328, "exercisedValue": 0, "unexercisedValue": 0}, {"maxAge": 1, "name": "Mr. Kaval G. Mirchandani", "age": 45, "title": "Whole Time Director", "yearBorn": 1975, "fiscalYear": 2020, "totalPay": 3315372, "exercisedValue": 0, "unexercisedValue": 0}, {"maxAge": 1, "name": "Mr. Sanjay Kumar Jhawar", "title": "Chief Financial Officer", "exercisedValue": 0, "unexercisedValue": 0}, {"maxAge": 1, "name": "Mr. Pratyush  Chinmoy", "title": "Assistant Gen. Mang. of Marketing", "exercisedValue": 0, "unexercisedValue": 0}, {"maxAge": 1, "name": "Mr. Subrat  Nayak", "title": "VP of Strategy", "fiscalYear": 2019, "exercisedValue": 0, "unexercisedValue": 0}, {"maxAge": 1, "name": "Mr. Shatrughan  Singh", "title": "Deputy Company Sec.", "exercisedValue": 0, "unexercisedValue": 0}], "compensationAsOfEpochDate": "2020-12-31 05:30:00", "maxAge": 86400}, "recommendationTrend": {"trend": [{"period": "0m", "strongBuy": 0, "buy": 0, "hold": 0, "sell": 0, "strongSell": 0}, {"period": "-1m", "strongBuy": 0, "buy": 0, "hold": 0, "sell": 0, "strongSell": 0}, {"period": "-2m", "strongBuy": 0, "buy": 0, "hold": 0, "sell": 0, "strongSell": 0}, {"period": "-3m", "strongBuy": 0, "buy": 0, "hold": 0, "sell": 0, "strongSell": 0}], "maxAge": 86400}, "cashflowStatementHistory": {"cashflowStatements": [{"maxAge": 1, "endDate": "2020-03-31", "netIncome": -114697000, "depreciation": 65581000, "changeToNetincome": 136432000, "changeToAccountReceivables": 392749000, "changeToLiabilities": 664611000, "changeToInventory": -1141338000, "changeToOperatingActivities": -46009000, "totalCashFromOperatingActivities": -42117000, "capitalExpenditures": -12336000, "investments": -466000, "otherCashflowsFromInvestingActivities": 12391000, "totalCashflowsFromInvestingActivities": 22000, "netBorrowings": 96671000, "otherCashflowsFromFinancingActivities": -116909000, "totalCashFromFinancingActivities": -20238000, "changeInCash": -62333000}, {"maxAge": 1, "endDate": "2019-03-31", "netIncome": -44022000, "depreciation": 82569000, "changeToNetincome": 88801000, "changeToAccountReceivables": 116560000, "changeToLiabilities": -337765000, "changeToInventory": 84082000, "changeToOperatingActivities": -141755000, "totalCashFromOperatingActivities": -151412000, "capitalExpenditures": -38978000, "investments": -9317000, "otherCashflowsFromInvestingActivities": 10100000, "totalCashflowsFromInvestingActivities": 18803000, "netBorrowings": 175311000, "otherCashflowsFromFinancingActivities": -150987000, "totalCashFromFinancingActivities": 24324000, "changeInCash": -108285000}, {"maxAge": 1, "endDate": "2018-03-31", "netIncome": 234925000, "depreciation": 94524000, "changeToNetincome": 157439000, "changeToAccountReceivables": -136857000, "changeToLiabilities": 424904000, "changeToInventory": -190127000, "changeToOperatingActivities": -112504000, "totalCashFromOperatingActivities": 472437000, "capitalExpenditures": -29259000, "investments": -9317000, "otherCashflowsFromInvestingActivities": -3309000, "totalCashflowsFromInvestingActivities": -16768000, "netBorrowings": -1176355000, "otherCashflowsFromFinancingActivities": -145034000, "totalCashFromFinancingActivities": -425700000, "changeInCash": 29969000, "issuanceOfStock": 895689000}, {"maxAge": 1, "endDate": "2017-03-31", "netIncome": -192421000, "depreciation": 104386000, "changeToNetincome": 425985000, "changeToAccountReceivables": -27319000, "changeToLiabilities": -304072000, "changeToInventory": 357819000, "changeToOperatingActivities": 135785000, "totalCashFromOperatingActivities": 500337000, "capitalExpenditures": -4193000, "investments": -264800000, "otherCashflowsFromInvestingActivities": -8569000, "totalCashflowsFromInvestingActivities": -152071000, "netBorrowings": -319238000, "otherCashflowsFromFinancingActivities": -208579000, "totalCashFromFinancingActivities": -371460000, "changeInCash": -23193000, "issuanceOfStock": 156357000}], "maxAge": 86400}, "indexTrend": {"maxAge": 1, "symbol": "SP5", "peRatio": 19.7411, "pegRatio": 1.34172, "estimates": [{"period": "0q", "growth": 0.549}, {"period": "+1q", "growth": 0.431}, {"period": "0y", "growth": 0.305}, {"period": "+1y", "growth": 0.109}, {"period": "+5y", "growth": 0.120865}, {"period": "-5y"}]}, "defaultKeyStatistics": {"maxAge": 1, "priceHint": 2, "enterpriseValue": 3723924992, "profitMargins": -0.0089300005, "floatShares": 78567819, "sharesOutstanding": 230952992, "heldPercentInsiders": 0.60338, "heldPercentInstitutions": 0.01397, "beta": 1.242119, "category": null, "bookValue": 9.148, "priceToBook": 1.5358549, "fundFamily": null, "legalType": null, "lastFiscalYearEnd": "2020-03-31 05:30:00", "nextFiscalYearEnd": "2022-03-31 05:30:00", "mostRecentQuarter": "2020-12-31 05:30:00", "earningsQuarterlyGrowth": 4.319, "netIncomeToCommon": -62797000, "trailingEps": -0.309, "lastSplitFactor": "2:1", "lastSplitDate": "2003-08-13 05:30:00", "enterpriseToRevenue": 0.53, "enterpriseToEbitda": 54.188}, "industryTrend": {"maxAge": 1, "symbol": null, "estimates": []}, "quoteType": {"exchange": "NSI", "quoteType": "EQUITY", "symbol": "MIRCELECTR.NS", "underlyingSymbol": "MIRCELECTR.NS", "shortName": "MIRC ELECTRONICS", "longName": "MIRC Electronics Limited", "firstTradeDateEpochUtc": "2002-07-01 09:15:00", "timeZoneFullName": "Asia/Kolkata", "timeZoneShortName": "IST", "uuid": "e5c8ba47-9b66-3475-a0aa-a29176c3bca0", "gmtOffSetMilliseconds": 19800000, "maxAge": 1}, "incomeStatementHistory": {"incomeStatementHistory": [{"maxAge": 1, "endDate": "2020-03-31", "totalRevenue": 6043137000, "costOfRevenue": 4604529000, "grossProfit": 1438608000, "researchDevelopment": {}, "sellingGeneralAdministrative": 736094000, "nonRecurring": {}, "otherOperatingExpenses": 612859000, "totalOperatingExpenses": 6018955000, "operatingIncome": 24182000, "totalOtherIncomeExpenseNet": -138879000, "ebit": 24182000, "interestExpense": -106992000, "incomeBeforeTax": -114697000, "incomeTaxExpense": 0, "minorityInterest": {}, "netIncomeFromContinuingOps": -114697000, "discontinuedOperations": {}, "extraordinaryItems": {}, "effectOfAccountingCharges": {}, "otherItems": {}, "netIncome": -114697000, "netIncomeApplicableToCommonShares": -114697000}, {"maxAge": 1, "endDate": "2019-03-31", "totalRevenue": 6444550000, "costOfRevenue": 4764119000, "grossProfit": 1680431000, "researchDevelopment": {}, "sellingGeneralAdministrative": 866745000, "nonRecurring": {}, "otherOperatingExpenses": 648377000, "totalOperatingExpenses": 6361235000, "operatingIncome": 83315000, "totalOtherIncomeExpenseNet": -127337000, "ebit": 83315000, "interestExpense": -119370000, "incomeBeforeTax": -44022000, "incomeTaxExpense": 0, "minorityInterest": {}, "netIncomeFromContinuingOps": -44022000, "discontinuedOperations": {}, "extraordinaryItems": {}, "effectOfAccountingCharges": {}, "otherItems": {}, "netIncome": -44022000, "netIncomeApplicableToCommonShares": -44022000}, {"maxAge": 1, "endDate": "2018-03-31", "totalRevenue": 7281176000, "costOfRevenue": 5248580000, "grossProfit": 2032596000, "researchDevelopment": {}, "sellingGeneralAdministrative": 844675000, "nonRecurring": {}, "otherOperatingExpenses": 709031000, "totalOperatingExpenses": 6896238000, "operatingIncome": 384938000, "totalOtherIncomeExpenseNet": -150013000, "ebit": 384938000, "interestExpense": -114918000, "incomeBeforeTax": 234925000, "incomeTaxExpense": 0, "minorityInterest": {}, "netIncomeFromContinuingOps": 234925000, "discontinuedOperations": {}, "extraordinaryItems": {}, "effectOfAccountingCharges": {}, "otherItems": {}, "netIncome": 234925000, "netIncomeApplicableToCommonShares": 234925000}, {"maxAge": 1, "endDate": "2017-03-31", "totalRevenue": 7287830000, "costOfRevenue": 5368611000, "grossProfit": 1919219000, "researchDevelopment": {}, "sellingGeneralAdministrative": 898973000, "nonRecurring": {}, "otherOperatingExpenses": 674824000, "totalOperatingExpenses": 7046263000, "operatingIncome": 241567000, "totalOtherIncomeExpenseNet": -433988000, "ebit": 241567000, "interestExpense": -158313000, "incomeBeforeTax": -192421000, "incomeTaxExpense": 0, "minorityInterest": {}, "netIncomeFromContinuingOps": -192421000, "discontinuedOperations": {}, "extraordinaryItems": {}, "effectOfAccountingCharges": {}, "otherItems": {}, "netIncome": -192421000, "netIncomeApplicableToCommonShares": -192421000}], "maxAge": 86400}, "fundOwnership": {"ownershipList": [], "maxAge": 1}, "summaryDetail": {"maxAge": 1, "priceHint": 2, "previousClose": 13.4, "open": 13.15, "dayLow": 12.75, "dayHigh": 14.05, "regularMarketPreviousClose": 13.4, "regularMarketOpen": 13.15, "regularMarketDayLow": 12.75, "regularMarketDayHigh": 14.05, "exDividendDate": "2011-06-09 05:30:00", "payoutRatio": 0.0, "beta": 1.242119, "volume": 406457, "regularMarketVolume": 406457, "averageVolume": 632894, "averageVolume10days": 174029, "averageDailyVolume10Day": 174029, "bid": 0.0, "ask": 0.0, "bidSize": 0, "askSize": 0, "marketCap": 3254570240, "fiftyTwoWeekLow": 4.1, "fiftyTwoWeekHigh": 15.45, "priceToSalesTrailing12Months": 0.462827, "fiftyDayAverage": 14.111765, "twoHundredDayAverage": 11.002837, "currency": "INR", "fromCurrency": null, "lastMarket": null, "algorithm": null, "tradeable": false}, "insiderHolders": {"holders": [{"maxAge": 1, "name": "Bennett Coleman & Company Ltd", "relation": "Promoter", "url": "", "transactionDescription": "Sale", "latestTransDate": "2021-03-12", "positionDirect": 10690376, "positionDirectDate": "2021-03-12"}, {"maxAge": 1, "name": "Gulita Securities Ltd", "relation": "Promoter", "url": "", "transactionDescription": "Other", "latestTransDate": "2015-03-25", "positionDirect": 27227372, "positionDirectDate": "2015-03-25"}, {"maxAge": 1, "name": "IIFL Trustee Services Ltd", "relation": "Promoter", "url": "", "transactionDescription": "Sale", "latestTransDate": "2017-03-28", "positionDirect": 14175167, "positionDirectDate": "2017-03-28"}, {"maxAge": 1, "name": "Mansukhani (Vijay J)", "relation": "Managing Director", "url": "", "transactionDescription": "Acquisition", "latestTransDate": "2019-12-27", "positionDirect": 26335774, "positionDirectDate": "2019-12-27"}, {"maxAge": 1, "name": "Mirchandani (Gita Gulu)", "relation": "Promoter", "url": "", "transactionDescription": "Other", "latestTransDate": "2015-01-06", "positionDirect": 7879650, "positionDirectDate": "2015-01-06"}, {"maxAge": 1, "name": "Mirchandani (Gulu L)", "relation": "Executive Chairman", "url": "", "transactionDescription": "Acquisition", "latestTransDate": "2019-12-27", "positionDirect": 47095753, "positionDirectDate": "2019-12-27"}, {"maxAge": 1, "name": "Mirchandani (Kaval Gulu)", "relation": "UNREPORTED", "url": "", "transactionDescription": "Other", "latestTransDate": "2017-03-24", "positionDirect": 49300, "positionDirectDate": "2017-03-24"}, {"maxAge": 1, "name": "Mirchandani (Sasha Gulu)", "relation": "UNREPORTED", "url": "", "transactionDescription": "Other", "latestTransDate": "2017-03-24", "positionDirect": 6093, "positionDirectDate": "2017-03-24"}, {"maxAge": 1, "name": "Sundar (G)", "relation": "Chief Executive Officer", "url": "", "transactionDescription": "Acquisition", "latestTransDate": "2011-03-03", "positionDirect": 240758, "positionDirectDate": "2011-03-03"}, {"maxAge": 1, "name": "Tamarind Family Pvt Ltd", "relation": "Institution- Corporation", "url": "", "transactionDescription": "Acquisition", "latestTransDate": "2011-09-07", "positionDirect": 25688109, "positionDirectDate": "2011-09-07"}], "maxAge": 1}, "calendarEvents": {"maxAge": 1, "earnings": {"earningsDate": []}, "exDividendDate": "2011-06-09 05:30:00"}, "upgradeDowngradeHistory": {"history": [], "maxAge": 86400}, "price": {"maxAge": 1, "regularMarketChangePercent": 0.048507508, "regularMarketChange": 0.6500006, "regularMarketTime": "2021-04-30 15:26:39", "priceHint": 2, "regularMarketPrice": 14.05, "regularMarketDayHigh": 14.05, "regularMarketDayLow": 12.75, "regularMarketVolume": 406457, "averageDailyVolume10Day": 174029, "averageDailyVolume3Month": 632894, "regularMarketPreviousClose": 13.4, "regularMarketSource": "FREE_REALTIME", "regularMarketOpen": 13.15, "exchange": "NSI", "exchangeName": "NSE", "exchangeDataDelayedBy": 15, "marketState": "CLOSED", "quoteType": "EQUITY", "symbol": "MIRCELECTR.NS", "underlyingSymbol": null, "shortName": "MIRC ELECTRONICS", "longName": "MIRC Electronics Limited", "currency": "INR", "quoteSourceName": "Delayed Quote", "currencySymbol": "\u20b9", "fromCurrency": null, "lastMarket": null, "marketCap": 3254570240}, "balanceSheetHistory": {"balanceSheetStatements": [{"maxAge": 1, "endDate": "2020-03-31", "cash": 8967000, "netReceivables": 819538000, "inventory": 3290513000, "otherCurrentAssets": 149877000, "totalCurrentAssets": 4289978000, "longTermInvestments": 43252000, "propertyPlantEquipment": 955531000, "intangibleAssets": 2914000, "otherAssets": 482969000, "totalAssets": 5774644000, "accountsPayable": 2480620000, "shortLongTermDebt": 45417000, "otherCurrentLiab": 83539000, "longTermDebt": 131830000, "otherLiab": 55498000, "deferredLongTermLiab": 3706000, "totalCurrentLiabilities": 3368130000, "totalLiab": 3555458000, "commonStock": 230953000, "retainedEarnings": 423050000, "treasuryStock": 390319000, "capitalSurplus": 1174864000, "otherStockholderEquity": 390319000, "totalStockholderEquity": 2219186000, "netTangibleAssets": 2216272000}, {"maxAge": 1, "endDate": "2019-03-31", "cash": 71300000, "netReceivables": 1231308000, "inventory": 2149175000, "otherCurrentAssets": 145197000, "totalCurrentAssets": 3615449000, "longTermInvestments": 38873000, "propertyPlantEquipment": 1010064000, "intangibleAssets": 3468000, "otherAssets": 460445000, "totalAssets": 5128299000, "accountsPayable": 1790808000, "shortLongTermDebt": 42222000, "otherCurrentLiab": 60203000, "longTermDebt": 175696000, "otherLiab": 58882000, "deferredLongTermLiab": 14388000, "totalCurrentLiabilities": 2558050000, "totalLiab": 2792628000, "commonStock": 230953000, "retainedEarnings": 537747000, "treasuryStock": 392107000, "capitalSurplus": 1174864000, "otherStockholderEquity": 392107000, "totalStockholderEquity": 2335671000, "netTangibleAssets": 2332203000}, {"maxAge": 1, "endDate": "2018-03-31", "cash": 179585000, "netReceivables": 1361800000, "inventory": 2247432000, "otherCurrentAssets": 170052000, "totalCurrentAssets": 3973512000, "longTermInvestments": 26110000, "propertyPlantEquipment": 1064111000, "intangibleAssets": 3087000, "otherAssets": 358737000, "totalAssets": 5425557000, "accountsPayable": 2161911000, "shortLongTermDebt": 22222000, "otherCurrentLiab": 80875000, "longTermDebt": 28750000, "otherLiab": 56695000, "deferredLongTermLiab": 6836000, "totalCurrentLiabilities": 2966092000, "totalLiab": 3051537000, "commonStock": 230953000, "retainedEarnings": 581769000, "treasuryStock": 386434000, "capitalSurplus": 1174864000, "otherStockholderEquity": 386434000, "totalStockholderEquity": 2374020000, "netTangibleAssets": 2370933000}, {"maxAge": 1, "endDate": "2017-03-31", "cash": 149616000, "netReceivables": 1300236000, "inventory": 2057305000, "otherCurrentAssets": 164827000, "totalCurrentAssets": 3689123000, "longTermInvestments": 22143000, "propertyPlantEquipment": 1136228000, "intangibleAssets": 3219000, "otherAssets": 322669000, "totalAssets": 5173382000, "accountsPayable": 1728523000, "shortLongTermDebt": 22222000, "otherCurrentLiab": 82124000, "longTermDebt": 53703000, "otherLiab": 41855000, "deferredLongTermLiab": 20864000, "totalCurrentLiabilities": 3835341000, "totalLiab": 3930899000, "commonStock": 211753000, "retainedEarnings": 346844000, "treasuryStock": 210398000, "capitalSurplus": 473488000, "otherStockholderEquity": 210398000, "totalStockholderEquity": 1242483000, "netTangibleAssets": 1239264000}], "maxAge": 86400}, "earningsTrend": {"trend": [{"maxAge": 1, "period": "0q", "endDate": null, "growth": {}, "earningsEstimate": {"avg": 0.0, "low": 0.0, "high": 0.0, "yearAgoEps": {}, "numberOfAnalysts": 0, "growth": {}}, "revenueEstimate": {"avg": 0, "low": 0, "high": 0, "numberOfAnalysts": 0, "yearAgoRevenue": {}, "growth": {}}, "epsTrend": {"current": 0.0, "7daysAgo": 0.0, "30daysAgo": 0.0, "60daysAgo": 0.0, "90daysAgo": 0.0}, "epsRevisions": {"upLast7days": 0, "upLast30days": 0, "downLast30days": 0, "downLast90days": {}}}, {"maxAge": 1, "period": "+1q", "endDate": null, "growth": {}, "earningsEstimate": {"avg": 0.0, "low": 0.0, "high": 0.0, "yearAgoEps": {}, "numberOfAnalysts": 0, "growth": {}}, "revenueEstimate": {"avg": 0, "low": 0, "high": 0, "numberOfAnalysts": 0, "yearAgoRevenue": {}, "growth": {}}, "epsTrend": {"current": 0.0, "7daysAgo": 0.0, "30daysAgo": 0.0, "60daysAgo": 0.0, "90daysAgo": 0.0}, "epsRevisions": {"upLast7days": 0, "upLast30days": 0, "downLast30days": 0, "downLast90days": {}}}, {"maxAge": 1, "period": "0y", "endDate": null, "growth": {}, "earningsEstimate": {"avg": 0.0, "low": 0.0, "high": 0.0, "yearAgoEps": {}, "numberOfAnalysts": 0, "growth": {}}, "revenueEstimate": {"avg": 0, "low": 0, "high": 0, "numberOfAnalysts": 0, "yearAgoRevenue": {}, "growth": {}}, "epsTrend": {"current": 0.0, "7daysAgo": 0.0, "30daysAgo": 0.0, "60daysAgo": 0.0, "90daysAgo": 0.0}, "epsRevisions": {"upLast7days": 0, "upLast30days": 0, "downLast30days": 0, "downLast90days": {}}}, {"maxAge": 1, "period": "+1y", "endDate": null, "growth": {}, "earningsEstimate": {"avg": 0.0, "low": 0.0, "high": 0.0, "yearAgoEps": {}, "numberOfAnalysts": 0, "growth": {}}, "revenueEstimate": {"avg": 0, "low": 0, "high": 0, "numberOfAnalysts": 0, "yearAgoRevenue": {}, "growth": {}}, "epsTrend": {"current": 0.0, "7daysAgo": 0.0, "30daysAgo": 0.0, "60daysAgo": 0.0, "90daysAgo": 0.0}, "epsRevisions": {"upLast7days": 0, "upLast30days": 0, "downLast30days": 0, "downLast90days": {}}}, {"maxAge": 1, "period": "+5y", "endDate": null, "growth": {}, "earningsEstimate": {"avg": {}, "low": {}, "high": {}, "yearAgoEps": {}, "numberOfAnalysts": {}, "growth": {}}, "revenueEstimate": {"avg": {}, "low": {}, "high": {}, "numberOfAnalysts": {}, "yearAgoRevenue": {}, "growth": {}}, "epsTrend": {"current": {}, "7daysAgo": {}, "30daysAgo": {}, "60daysAgo": {}, "90daysAgo": {}}, "epsRevisions": {"upLast7days": {}, "upLast30days": {}, "downLast30days": {}, "downLast90days": {}}}, {"maxAge": 1, "period": "-5y", "endDate": null, "growth": -0.53046, "earningsEstimate": {"avg": {}, "low": {}, "high": {}, "yearAgoEps": {}, "numberOfAnalysts": {}, "growth": {}}, "revenueEstimate": {"avg": {}, "low": {}, "high": {}, "numberOfAnalysts": {}, "yearAgoRevenue": {}, "growth": {}}, "epsTrend": {"current": {}, "7daysAgo": {}, "30daysAgo": {}, "60daysAgo": {}, "90daysAgo": {}}, "epsRevisions": {"upLast7days": {}, "upLast30days": {}, "downLast30days": {}, "downLast90days": {}}}], "maxAge": 1}, "institutionOwnership": {"ownershipList": [], "maxAge": 1}, "majorHoldersBreakdown": {"maxAge": 1, "insidersPercentHeld": 0.60338, "institutionsPercentHeld": 0.01397, "institutionsFloatPercentHeld": 0.03522, "institutionsCount": 1}, "balanceSheetHistoryQuarterly": {"balanceSheetStatements": [{"maxAge": 1, "endDate": "2020-12-31", "totalStockholderEquity": 2112100000, "netTangibleAssets": 2109400000}, {"maxAge": 1, "endDate": "2020-09-30", "cash": 151000000, "shortTermInvestments": 136000000, "netReceivables": 547300000, "inventory": 2805100000, "otherCurrentAssets": 196700000, "totalCurrentAssets": 3836100000, "longTermInvestments": 45800000, "propertyPlantEquipment": 959200000, "intangibleAssets": 2700000, "otherAssets": 323500000, "totalAssets": 5167300000, "accountsPayable": 1657600000, "otherCurrentLiab": 365500000, "longTermDebt": 120400000, "otherLiab": 94800000, "totalCurrentLiabilities": 2840000000, "totalLiab": 3055200000, "commonStock": 231000000, "treasuryStock": 1881100000, "otherStockholderEquity": 1881100000, "totalStockholderEquity": 2112100000, "netTangibleAssets": 2109400000}, {"maxAge": 1, "endDate": "2020-06-30", "totalStockholderEquity": 2219186000, "netTangibleAssets": 2216272000}, {"maxAge": 1, "endDate": "2020-03-31", "cash": 8967000, "netReceivables": 819538000, "inventory": 3290513000, "otherCurrentAssets": 149877000, "totalCurrentAssets": 4289978000, "longTermInvestments": 43252000, "propertyPlantEquipment": 955531000, "intangibleAssets": 2914000, "otherAssets": 482969000, "totalAssets": 5774644000, "accountsPayable": 2480620000, "shortLongTermDebt": 45417000, "otherCurrentLiab": 83539000, "longTermDebt": 131830000, "otherLiab": 55498000, "deferredLongTermLiab": 3706000, "totalCurrentLiabilities": 3368130000, "totalLiab": 3555458000, "commonStock": 230953000, "retainedEarnings": 423050000, "treasuryStock": 390319000, "capitalSurplus": 1174864000, "otherStockholderEquity": 390319000, "totalStockholderEquity": 2219186000, "netTangibleAssets": 2216272000}], "maxAge": 86400}, "earningsHistory": {"history": [{"maxAge": 1, "epsActual": {}, "epsEstimate": {}, "epsDifference": {}, "surprisePercent": {}, "quarter": {}, "period": "-4q"}, {"maxAge": 1, "epsActual": {}, "epsEstimate": {}, "epsDifference": {}, "surprisePercent": {}, "quarter": {}, "period": "-3q"}, {"maxAge": 1, "epsActual": {}, "epsEstimate": {}, "epsDifference": {}, "surprisePercent": {}, "quarter": {}, "period": "-2q"}, {"maxAge": 1, "epsActual": {}, "epsEstimate": {}, "epsDifference": {}, "surprisePercent": {}, "quarter": {}, "period": "-1q"}], "maxAge": 86400}, "summaryProfile": {"address1": "Onida House", "address2": "G1, MIDC Mahakali Caves Road Andheri East", "city": "Mumbai", "zip": "400093", "country": "India", "phone": "91 22 6697 5777", "fax": "91 22 2820 2002", "website": "http://www.onida.com", "industry": "Furnishings, Fixtures & Appliances", "sector": "Consumer Cyclical", "longBusinessSummary": "MIRC Electronics Limited manufactures and markets electronics and consumer durables in India. It offers LED and LCD televisions, air conditioners, washing machines, microwave ovens, DVD home theatre systems, mobile phones, projector systems, infrared thermometers, refrigerators, and LED lights under the Onida and IGO brands. The company also exports its products. MIRC Electronics Limited was founded in 1981 and is based in Mumbai, India.", "fullTimeEmployees": 535, "companyOfficers": [], "maxAge": 86400}, "netSharePurchaseActivity": {"maxAge": 1, "period": "6m", "buyInfoCount": 0, "buyInfoShares": 0, "sellInfoCount": 0, "netInfoCount": 0, "netInfoShares": 0, "netPercentInsiderShares": 0.0, "totalInsiderShares": 138400304}, "insiderTransactions": {"transactions": [{"maxAge": 1, "shares": 4828041, "filerUrl": "", "transactionText": "", "filerName": "Bennett Coleman & Company Ltd", "filerRelation": "Promoter", "moneyText": "", "startDate": "2021-03-12", "ownership": "D"}, {"maxAge": 1, "shares": 350000, "filerUrl": "", "transactionText": "", "filerName": "Mansukhani (Vijay J)", "filerRelation": "Managing Director", "moneyText": "", "startDate": "2019-12-27", "ownership": "D"}, {"maxAge": 1, "shares": 700000, "filerUrl": "", "transactionText": "", "filerName": "Mirchandani (Gulu L)", "filerRelation": "Executive Chairman", "moneyText": "", "startDate": "2019-12-27", "ownership": "D"}, {"maxAge": 1, "shares": 25985750, "filerUrl": "", "transactionText": "", "filerName": "Mansukhani (Vijay J)", "filerRelation": "Managing Director", "moneyText": "", "startDate": "2017-03-28", "ownership": "D"}, {"maxAge": 1, "shares": 25985750, "filerUrl": "", "transactionText": "", "filerName": "IIFL Trustee Services Ltd", "filerRelation": "Promoter", "moneyText": "", "startDate": "2017-03-28", "ownership": "D"}, {"maxAge": 1, "shares": 12210599, "filerUrl": "", "transactionText": "", "filerName": "Mirchandani (Kaval Gulu)", "filerRelation": "UNREPORTED", "moneyText": "", "startDate": "2017-03-24", "ownership": "D"}, {"maxAge": 1, "shares": 24411988, "filerUrl": "", "transactionText": "", "filerName": "Mirchandani (Gulu L)", "filerRelation": "Executive Chairman", "moneyText": "", "startDate": "2017-03-24", "ownership": "D"}, {"maxAge": 1, "shares": 12201389, "filerUrl": "", "transactionText": "", "filerName": "Mirchandani (Sasha Gulu)", "filerRelation": "UNREPORTED", "moneyText": "", "startDate": "2017-03-24", "ownership": "D"}, {"maxAge": 1, "shares": 271268, "filerUrl": "", "transactionText": "", "filerName": "Mirchandani (Sasha Gulu)", "filerRelation": "UNREPORTED", "moneyText": "", "startDate": "2015-03-25", "ownership": "D"}, {"maxAge": 1, "shares": 256930, "filerUrl": "", "transactionText": "", "filerName": "Mirchandani (Kaval Gulu)", "filerRelation": "UNREPORTED", "moneyText": "", "startDate": "2015-03-25", "ownership": "D"}, {"maxAge": 1, "shares": 9940000, "filerUrl": "", "transactionText": "", "filerName": "Gulita Securities Ltd", "filerRelation": "Promoter", "moneyText": "", "startDate": "2015-03-25", "ownership": "D"}, {"maxAge": 1, "shares": 15785348, "filerUrl": "", "transactionText": "", "filerName": "Gulita Securities Ltd", "filerRelation": "Promoter", "moneyText": "", "startDate": "2015-01-28", "ownership": "D"}, {"maxAge": 1, "shares": 5222407, "filerUrl": "", "transactionText": "", "filerName": "Mirchandani (Gulu L)", "filerRelation": "Executive Chairman", "moneyText": "", "startDate": "2015-01-28", "ownership": "D"}, {"maxAge": 1, "shares": 1331576, "filerUrl": "", "transactionText": "", "filerName": "Mirchandani (Gita Gulu)", "filerRelation": "Promoter", "moneyText": "", "startDate": "2015-01-06", "ownership": "D"}, {"maxAge": 1, "shares": 4800000, "filerUrl": "", "transactionText": "", "filerName": "IIFL Trustee Services Ltd", "filerRelation": "Promoter", "moneyText": "", "startDate": "2015-01-06", "ownership": "D"}, {"maxAge": 1, "shares": 4200000, "filerUrl": "", "transactionText": "", "filerName": "Mirchandani (Gita Gulu)", "filerRelation": "Promoter", "moneyText": "", "startDate": "2013-06-20", "ownership": "D"}, {"maxAge": 1, "shares": 4200000, "filerUrl": "", "transactionText": "", "filerName": "Mirchandani (Gulu L)", "filerRelation": "Executive Chairman", "moneyText": "", "startDate": "2013-06-20", "ownership": "D"}, {"maxAge": 1, "shares": 9028020, "filerUrl": "", "transactionText": "", "filerName": "Tamarind Family Pvt Ltd", "filerRelation": "Institution- Corporation", "moneyText": "", "startDate": "2011-09-07", "ownership": "D"}, {"maxAge": 1, "shares": 9028020, "filerUrl": "", "transactionText": "", "filerName": "Mansukhani (Vijay J)", "filerRelation": "Managing Director", "moneyText": "", "startDate": "2011-09-07", "ownership": "D"}, {"maxAge": 1, "shares": 9000, "filerUrl": "", "transactionText": "", "filerName": "Sundar (G)", "filerRelation": "Chief Executive Officer", "moneyText": "", "startDate": "2011-03-03", "ownership": "D"}, {"maxAge": 1, "shares": 22406, "filerUrl": "", "transactionText": "", "filerName": "Sundar (G)", "filerRelation": "Chief Executive Officer", "moneyText": "", "startDate": "2011-02-18", "ownership": "D"}, {"maxAge": 1, "shares": 8338177, "filerUrl": "", "transactionText": "", "filerName": "IIFL Wealth Management Ltd", "filerRelation": "Institution- Corporation", "moneyText": "", "startDate": "2011-02-01", "ownership": "D"}, {"maxAge": 1, "shares": 8338177, "filerUrl": "", "transactionText": "", "filerName": "Mansukhani (Marissa V)", "filerRelation": "UNREPORTED", "moneyText": "", "startDate": "2011-02-01", "ownership": "D"}, {"maxAge": 1, "shares": 8321912, "filerUrl": "", "transactionText": "", "filerName": "Mansukhani (Akshay V)", "filerRelation": "UNREPORTED", "moneyText": "", "startDate": "2010-12-27", "ownership": "D"}, {"maxAge": 1, "shares": 8321912, "filerUrl": "", "transactionText": "", "filerName": "Mansukhani (Marissa V)", "filerRelation": "UNREPORTED", "moneyText": "", "startDate": "2010-12-27", "ownership": "D"}, {"maxAge": 1, "shares": 209210, "filerUrl": "", "transactionText": "", "filerName": "Sundar (G)", "filerRelation": "Chief Executive Officer", "moneyText": "", "startDate": "2010-12-01", "ownership": "D"}, {"maxAge": 1, "shares": 0, "filerUrl": "", "transactionText": "", "filerName": "Mirchandani (Gita Gulu)", "filerRelation": "Promoter", "moneyText": "", "startDate": "2009-12-15", "ownership": "I"}, {"maxAge": 1, "shares": 5000000, "filerUrl": "", "transactionText": "", "filerName": "Mirchandani (Gulu L)", "filerRelation": "Executive Chairman", "moneyText": "", "startDate": "2009-12-15", "ownership": "D"}, {"maxAge": 1, "shares": 5000000, "filerUrl": "", "transactionText": "", "filerName": "Mirchandani (Gita Gulu)", "filerRelation": "Promoter", "moneyText": "", "startDate": "2009-12-14", "ownership": "D"}, {"maxAge": 1, "shares": 12472800, "filerUrl": "", "transactionText": "", "filerName": "Mirchandani (Sasha Gulu)", "filerRelation": "UNREPORTED", "moneyText": "", "startDate": "2009-12-02", "ownership": "D"}, {"maxAge": 1, "shares": 12472800, "filerUrl": "", "transactionText": "", "filerName": "Mirchandani (Kaval Gulu)", "filerRelation": "Director (Executive)", "moneyText": "", "startDate": "2009-12-02", "ownership": "D"}, {"maxAge": 1, "shares": 24945600, "filerUrl": "", "transactionText": "", "filerName": "Mirchandani (Gulu L)", "filerRelation": "Executive Chairman", "moneyText": "", "startDate": "2009-12-02", "ownership": "D"}], "maxAge": 1}, "sectorTrend": {"maxAge": 1, "symbol": null, "estimates": []}, "incomeStatementHistoryQuarterly": {"incomeStatementHistory": [{"maxAge": 1, "endDate": "2020-12-31", "totalRevenue": 3014200000, "costOfRevenue": 2630200000, "grossProfit": 384000000, "researchDevelopment": {}, "sellingGeneralAdministrative": 144700000, "nonRecurring": {}, "otherOperatingExpenses": 153600000, "totalOperatingExpenses": 2948400000, "operatingIncome": 65800000, "totalOtherIncomeExpenseNet": 44300000, "ebit": 65800000, "interestExpense": -45700000, "incomeBeforeTax": 110100000, "incomeTaxExpense": 0, "minorityInterest": {}, "netIncomeFromContinuingOps": 110100000, "discontinuedOperations": {}, "extraordinaryItems": {}, "effectOfAccountingCharges": {}, "otherItems": {}, "netIncome": 110100000, "netIncomeApplicableToCommonShares": 110100000}, {"maxAge": 1, "endDate": "2020-09-30", "totalRevenue": 1410500000, "costOfRevenue": 1117500000, "grossProfit": 293000000, "researchDevelopment": {}, "sellingGeneralAdministrative": 112500000, "nonRecurring": {}, "otherOperatingExpenses": 131300000, "totalOperatingExpenses": 1379700000, "operatingIncome": 30800000, "totalOtherIncomeExpenseNet": -29600000, "ebit": 30800000, "interestExpense": -35900000, "incomeBeforeTax": 1200000, "incomeTaxExpense": 0, "minorityInterest": {}, "netIncomeFromContinuingOps": 1200000, "discontinuedOperations": {}, "extraordinaryItems": {}, "effectOfAccountingCharges": {}, "otherItems": {}, "netIncome": 1200000, "netIncomeApplicableToCommonShares": 1200000}, {"maxAge": 1, "endDate": "2020-06-30", "totalRevenue": 945400000, "costOfRevenue": 785800000, "grossProfit": 159600000, "researchDevelopment": {}, "sellingGeneralAdministrative": 113500000, "nonRecurring": {}, "otherOperatingExpenses": 114400000, "totalOperatingExpenses": 1029300000, "operatingIncome": -83900000, "totalOtherIncomeExpenseNet": -23500000, "ebit": -83900000, "interestExpense": -28900000, "incomeBeforeTax": -107400000, "incomeTaxExpense": 0, "minorityInterest": {}, "netIncomeFromContinuingOps": -107400000, "discontinuedOperations": {}, "extraordinaryItems": {}, "effectOfAccountingCharges": {}, "otherItems": {}, "netIncome": -107400000, "netIncomeApplicableToCommonShares": -107400000}, {"maxAge": 1, "endDate": "2020-03-31", "totalRevenue": 1661837000, "costOfRevenue": 1329529000, "grossProfit": 332308000, "researchDevelopment": {}, "sellingGeneralAdministrative": 270294000, "nonRecurring": {}, "otherOperatingExpenses": 43759000, "totalOperatingExpenses": 1658655000, "operatingIncome": 3182000, "totalOtherIncomeExpenseNet": -69879000, "ebit": 3182000, "interestExpense": -22892000, "incomeBeforeTax": -66697000, "incomeTaxExpense": 0, "minorityInterest": {}, "netIncomeFromContinuingOps": -66697000, "discontinuedOperations": {}, "extraordinaryItems": {}, "effectOfAccountingCharges": {}, "otherItems": {}, "netIncome": -66697000, "netIncomeApplicableToCommonShares": -66697000}], "maxAge": 86400}, "cashflowStatementHistoryQuarterly": {"cashflowStatements": [{"maxAge": 1, "endDate": "2020-12-31", "netIncome": 110100000, "changeToLiabilities": 0}, {"maxAge": 1, "endDate": "2020-09-30", "netIncome": 1200000, "changeToLiabilities": 0}, {"maxAge": 1, "endDate": "2020-06-30", "netIncome": -107400000, "changeToLiabilities": 0}, {"maxAge": 1, "endDate": "2020-03-31", "netIncome": -66697000, "changeToLiabilities": 0}], "maxAge": 86400}, "earnings": {"maxAge": 86400, "earningsChart": {"quarterly": [], "earningsDate": []}, "financialsChart": {"yearly": [{"date": 2017, "revenue": 7287830000, "earnings": -192421000}, {"date": 2018, "revenue": 7281176000, "earnings": 234925000}, {"date": 2019, "revenue": 6444550000, "earnings": -44022000}, {"date": 2020, "revenue": 6043137000, "earnings": -114697000}], "quarterly": [{"date": "1Q2020", "revenue": 1661837000, "earnings": -66697000}, {"date": "2Q2020", "revenue": 945400000, "earnings": -107400000}, {"date": "3Q2020", "revenue": 1410500000, "earnings": 1200000}, {"date": "4Q2020", "revenue": 3014200000, "earnings": 110100000}]}, "financialCurrency": "INR"}, "financialData": {"maxAge": 86400, "currentPrice": 14.05, "recommendationKey": "none", "totalCash": 287000000, "totalCashPerShare": 1.251, "ebitda": 68722000, "totalDebt": 937299968, "totalRevenue": 7031937024, "debtToEquity": 44.378, "revenuePerShare": 34.173, "grossProfits": 1438608000, "earningsGrowth": 4.333, "revenueGrowth": 1.06, "grossMargins": 0.16623, "ebitdaMargins": 0.00977, "operatingMargins": 0.00226, "profitMargins": -0.0089300005, "financialCurrency": "INR"}}}