{"MISHTANN.BO": {"cashflowStatementHistory": {"cashflowStatements": [{"maxAge": 1, "endDate": "2020-03-31", "netIncome": 338757, "depreciation": 13685511, "changeToNetincome": 449103, "changeToAccountReceivables": -426166688, "changeToLiabilities": 44101595, "changeToInventory": 138036177, "changeToOperatingActivities": 257592951, "totalCashFromOperatingActivities": 28037406, "netBorrowings": -28505676, "totalCashFromFinancingActivities": -28505676, "changeInCash": -468270}, {"maxAge": 1, "endDate": "2019-03-31", "netIncome": 118020636, "depreciation": 16561783, "changeToNetincome": 29294023, "changeToAccountReceivables": -257317256, "changeToLiabilities": -13599027, "changeToInventory": -55441248, "changeToOperatingActivities": 70079401, "totalCashFromOperatingActivities": -92401688, "capitalExpenditures": -8644, "investments": -22392, "totalCashflowsFromInvestingActivities": -31036, "netBorrowings": -96990902, "totalCashFromFinancingActivities": 92818098, "changeInCash": 385374, "issuanceOfStock": 189809000}, {"maxAge": 1, "endDate": "2018-03-31", "netIncome": 57874853, "depreciation": 18223806, "changeToNetincome": 17467575, "changeToAccountReceivables": -307381834, "changeToLiabilities": 23727518, "changeToInventory": 13248532, "changeToOperatingActivities": -18706581, "totalCashFromOperatingActivities": -195546131, "capitalExpenditures": -176732, "investments": -22392, "totalCashflowsFromInvestingActivities": -176732, "netBorrowings": -5688604, "otherCashflowsFromFinancingActivities": -16472962, "totalCashFromFinancingActivities": 187868434, "changeInCash": -7854429, "issuanceOfStock": 210030000}, {"maxAge": 1, "endDate": "2017-03-31", "netIncome": 11672775, "depreciation": 18562173, "changeToNetincome": 12800017, "changeToAccountReceivables": 180558885, "changeToLiabilities": -69868056, "changeToInventory": -220103014, "changeToOperatingActivities": 12231216, "totalCashFromOperatingActivities": -52316158, "capitalExpenditures": -7640364, "investments": 57838, "totalCashflowsFromInvestingActivities": -7582526, "netBorrowings": 65192840, "otherCashflowsFromFinancingActivities": -16472962, "totalCashFromFinancingActivities": 65192840, "changeInCash": 5294156, "issuanceOfStock": 210030000}], "maxAge": 86400}, "institutionOwnership": {"ownershipList": [], "maxAge": 1}, "balanceSheetHistoryQuarterly": {"balanceSheetStatements": [{"maxAge": 1, "endDate": "2020-06-30"}, {"maxAge": 1, "endDate": "2020-03-31", "cash": 267144, "netReceivables": 993473807, "inventory": 258005259, "totalCurrentAssets": 1251746210, "longTermInvestments": 22392, "propertyPlantEquipment": 70682588, "otherAssets": 19437740, "deferredLongTermAssetCharges": 1179667, "totalAssets": 1341888930, "accountsPayable": 32743345, "shortLongTermDebt": 35406858, "otherCurrentLiab": 107251794, "longTermDebt": 5472255, "totalCurrentLiabilities": 644233379, "totalLiab": 649705634, "commonStock": 500000000, "retainedEarnings": 192183296, "totalStockholderEquity": 692183296, "netTangibleAssets": 692183296}, {"maxAge": 1, "endDate": "2019-12-31", "totalStockholderEquity": 752292000, "netTangibleAssets": 752292000}, {"maxAge": 1, "endDate": "2019-09-30", "cash": 131000, "netReceivables": 936050000, "inventory": 78828000, "otherCurrentAssets": 109205000, "totalCurrentAssets": 1124214000, "longTermInvestments": 22000, "propertyPlantEquipment": 77525000, "otherAssets": 17920000, "deferredLongTermAssetCharges": 1180000, "totalAssets": 1219681000, "accountsPayable": 63491000, "shortLongTermDebt": 861000, "otherCurrentLiab": 88529000, "longTermDebt": 56552000, "totalCurrentLiabilities": 410837000, "totalLiab": 467389000, "commonStock": 500000000, "retainedEarnings": 252292000, "totalStockholderEquity": 752292000, "netTangibleAssets": 752292000}], "maxAge": 86400}, "indexTrend": {"maxAge": 1, "symbol": "SP5", "peRatio": 19.7411, "pegRatio": 1.34172, "estimates": [{"period": "0q", "growth": 0.549}, {"period": "+1q", "growth": 0.431}, {"period": "0y", "growth": 0.305}, {"period": "+1y", "growth": 0.109}, {"period": "+5y", "growth": 0.120859005}, {"period": "-5y"}]}, "insiderTransactions": {"transactions": [{"maxAge": 1, "shares": 2833400, "filerUrl": "", "transactionText": "", "filerName": "Patel (Hiteshkumar Gaurishankar)", "filerRelation": "Director", "moneyText": "", "startDate": "2018-03-15", "ownership": "D"}, {"maxAge": 1, "shares": 2148700, "filerUrl": "", "transactionText": "", "filerName": "Patel (Jatinbhai)", "filerRelation": "Director", "moneyText": "", "startDate": "2018-03-15", "ownership": "D"}, {"maxAge": 1, "shares": 765700, "filerUrl": "", "transactionText": "", "filerName": "Patel (Manjulaben)", "filerRelation": "UNREPORTED", "moneyText": "", "startDate": "2018-03-15", "ownership": "D"}, {"maxAge": 1, "shares": 1190100, "filerUrl": "", "transactionText": "", "filerName": "Patel (Navinbhai)", "filerRelation": "Director", "moneyText": "", "startDate": "2018-03-15", "ownership": "D"}, {"maxAge": 1, "shares": 2866900, "filerUrl": "", "transactionText": "", "filerName": "Patel (Ravibhai)", "filerRelation": "Director", "moneyText": "", "startDate": "2018-03-15", "ownership": "D"}], "maxAge": 1}, "quoteType": {"exchange": "BSE", "quoteType": "EQUITY", "symbol": "MISHTANN.BO", "underlyingSymbol": "MISHTANN.BO", "shortName": "Mishtann Foods Limited", "longName": "Mishtann Foods Limited", "firstTradeDateEpochUtc": "2016-10-17 09:15:00", "timeZoneFullName": "Asia/Kolkata", "timeZoneShortName": "IST", "uuid": "575bec4f-463b-3bf5-b992-343f81611383", "gmtOffSetMilliseconds": 19800000, "maxAge": 1}, "incomeStatementHistory": {"incomeStatementHistory": [{"maxAge": 1, "endDate": "2020-03-31", "totalRevenue": 4820282338, "costOfRevenue": 4713432379, "grossProfit": 106849959, "researchDevelopment": {}, "sellingGeneralAdministrative": 26877075, "nonRecurring": {}, "otherOperatingExpenses": 21224549, "totalOperatingExpenses": 4777045833, "operatingIncome": 43236505, "totalOtherIncomeExpenseNet": -42897748, "ebit": 43236505, "interestExpense": -42060196, "incomeBeforeTax": 338757, "incomeTaxExpense": 0, "minorityInterest": {}, "netIncomeFromContinuingOps": 338757, "discontinuedOperations": {}, "extraordinaryItems": {}, "effectOfAccountingCharges": {}, "otherItems": {}, "netIncome": 338757, "netIncomeApplicableToCommonShares": 338757}, {"maxAge": 1, "endDate": "2019-03-31", "totalRevenue": 4817194276, "costOfRevenue": 4540853366, "grossProfit": 276340910, "researchDevelopment": {}, "sellingGeneralAdministrative": 17499815, "nonRecurring": {}, "otherOperatingExpenses": 32080898, "totalOperatingExpenses": 4608822180, "operatingIncome": 208372096, "totalOtherIncomeExpenseNet": -39043339, "ebit": 208372096, "interestExpense": -37229275, "incomeBeforeTax": 169328757, "incomeTaxExpense": 51308121, "minorityInterest": {}, "netIncomeFromContinuingOps": 118020636, "discontinuedOperations": {}, "extraordinaryItems": {}, "effectOfAccountingCharges": {}, "otherItems": {}, "netIncome": 118020636, "netIncomeApplicableToCommonShares": 118020636}, {"maxAge": 1, "endDate": "2018-03-31", "totalRevenue": 4905109778, "costOfRevenue": 4747437118, "grossProfit": 157672660, "researchDevelopment": {}, "sellingGeneralAdministrative": 17566155, "nonRecurring": {}, "otherOperatingExpenses": 3787149, "totalOperatingExpenses": 4788840546, "operatingIncome": 116269232, "totalOtherIncomeExpenseNet": -31246586, "ebit": 116269232, "interestExpense": -31514010, "incomeBeforeTax": 85022646, "incomeTaxExpense": 27147793, "minorityInterest": {}, "netIncomeFromContinuingOps": 57874853, "discontinuedOperations": {}, "extraordinaryItems": {}, "effectOfAccountingCharges": {}, "otherItems": {}, "netIncome": 57874853, "netIncomeApplicableToCommonShares": 57874853}, {"maxAge": 1, "endDate": "2017-03-31", "totalRevenue": 2577153194, "costOfRevenue": 2485604011, "grossProfit": 91549183, "researchDevelopment": {}, "sellingGeneralAdministrative": 17467053, "nonRecurring": {}, "otherOperatingExpenses": -595314, "totalOperatingExpenses": 2522867769, "operatingIncome": 54285425, "totalOtherIncomeExpenseNet": -31803547, "ebit": 54285425, "interestExpense": -26112467, "incomeBeforeTax": 22481878, "incomeTaxExpense": 10809103, "minorityInterest": {}, "netIncomeFromContinuingOps": 11672775, "discontinuedOperations": {}, "extraordinaryItems": {}, "effectOfAccountingCharges": {}, "otherItems": {}, "netIncome": 11672775, "netIncomeApplicableToCommonShares": 11672775}], "maxAge": 86400}, "fundOwnership": {"ownershipList": [], "maxAge": 1}, "summaryDetail": {"maxAge": 1, "priceHint": 4, "previousClose": 4.67, "open": 4.6, "dayLow": 4.6, "dayHigh": 5.0, "regularMarketPreviousClose": 4.67, "regularMarketOpen": 4.6, "regularMarketDayLow": 4.6, "regularMarketDayHigh": 5.0, "trailingPE": 4840.0, "volume": 36863, "regularMarketVolume": 36863, "averageVolume": 64188, "averageVolume10days": 28968, "averageDailyVolume10Day": 28968, "bid": 4.73, "ask": 4.85, "bidSize": 0, "askSize": 0, "marketCap": 2420000000, "fiftyTwoWeekLow": 4.6, "fiftyTwoWeekHigh": 14.36, "fiftyDayAverage": 6.2448483, "twoHundredDayAverage": 7.4221325, "trailingAnnualDividendRate": 0.002, "trailingAnnualDividendYield": 0.00042826554, "currency": "INR", "fromCurrency": null, "lastMarket": null, "algorithm": null, "tradeable": false}, "incomeStatementHistoryQuarterly": {"incomeStatementHistory": [{"maxAge": 1, "endDate": "2020-06-30", "totalRevenue": 269803000, "costOfRevenue": 260335000, "grossProfit": 9468000, "researchDevelopment": {}, "sellingGeneralAdministrative": 1891000, "nonRecurring": {}, "otherOperatingExpenses": 2773000, "totalOperatingExpenses": 267819000, "operatingIncome": 1984000, "totalOtherIncomeExpenseNet": -992000, "ebit": 1984000, "interestExpense": -1233000, "incomeBeforeTax": 992000, "incomeTaxExpense": 0, "minorityInterest": {}, "netIncomeFromContinuingOps": 992000, "discontinuedOperations": {}, "extraordinaryItems": {}, "effectOfAccountingCharges": {}, "otherItems": {}, "netIncome": 992000, "netIncomeApplicableToCommonShares": 992000}, {"maxAge": 1, "endDate": "2020-03-31", "totalRevenue": 1277659338, "costOfRevenue": 1388928379, "grossProfit": -111269041, "researchDevelopment": {}, "sellingGeneralAdministrative": 21102075, "nonRecurring": {}, "otherOperatingExpenses": -11833451, "totalOperatingExpenses": 1402055833, "operatingIncome": -124396495, "totalOtherIncomeExpenseNet": -9127748, "ebit": -124396495, "interestExpense": -7841196, "incomeBeforeTax": -133524243, "incomeTaxExpense": -44183000, "minorityInterest": {}, "netIncomeFromContinuingOps": -89341243, "discontinuedOperations": {}, "extraordinaryItems": {}, "effectOfAccountingCharges": {}, "otherItems": {}, "netIncome": -89341243, "netIncomeApplicableToCommonShares": -89341243}, {"maxAge": 1, "endDate": "2019-12-31", "totalRevenue": 1126614000, "costOfRevenue": 1057647000, "grossProfit": 68967000, "researchDevelopment": {}, "sellingGeneralAdministrative": 2464000, "nonRecurring": {}, "otherOperatingExpenses": 7890000, "totalOperatingExpenses": 1071898000, "operatingIncome": 54716000, "totalOtherIncomeExpenseNet": -11133000, "ebit": 54716000, "interestExpense": -11245000, "incomeBeforeTax": 43583000, "incomeTaxExpense": 14351000, "minorityInterest": {}, "netIncomeFromContinuingOps": 29232000, "discontinuedOperations": {}, "extraordinaryItems": {}, "effectOfAccountingCharges": {}, "otherItems": {}, "netIncome": 29232000, "netIncomeApplicableToCommonShares": 29232000}, {"maxAge": 1, "endDate": "2019-09-30", "totalRevenue": 1156927000, "costOfRevenue": 1085369000, "grossProfit": 71558000, "researchDevelopment": {}, "sellingGeneralAdministrative": 2211000, "nonRecurring": {}, "otherOperatingExpenses": 10767000, "totalOperatingExpenses": 1102244000, "operatingIncome": 54683000, "totalOtherIncomeExpenseNet": -11351000, "ebit": 54683000, "interestExpense": -11460000, "incomeBeforeTax": 43332000, "incomeTaxExpense": 14329000, "minorityInterest": {}, "netIncomeFromContinuingOps": 29003000, "discontinuedOperations": {}, "extraordinaryItems": {}, "effectOfAccountingCharges": {}, "otherItems": {}, "netIncome": 29003000, "netIncomeApplicableToCommonShares": 29003000}], "maxAge": 86400}, "cashflowStatementHistoryQuarterly": {"cashflowStatements": [{"maxAge": 1, "endDate": "2020-06-30", "netIncome": 992000, "changeToLiabilities": 0}, {"maxAge": 1, "endDate": "2020-03-31", "netIncome": -89341243, "changeToLiabilities": 0}, {"maxAge": 1, "endDate": "2019-12-31", "netIncome": 29232000, "changeToLiabilities": 0}, {"maxAge": 1, "endDate": "2019-09-30", "netIncome": 29003000, "changeToLiabilities": 0}], "maxAge": 86400}, "insiderHolders": {"holders": [{"maxAge": 1, "name": "Patel (Hiteshkumar Gaurishankar)", "relation": "Director", "url": "", "transactionDescription": "Other", "latestTransDate": "2018-03-15", "positionDirect": 3600000, "positionDirectDate": "2018-03-15"}, {"maxAge": 1, "name": "Patel (Jatinbhai)", "relation": "Director", "url": "", "transactionDescription": "Other", "latestTransDate": "2018-03-15", "positionDirect": 2600000, "positionDirectDate": "2018-03-15"}, {"maxAge": 1, "name": "Patel (Manjulaben)", "relation": "UNREPORTED", "url": "", "transactionDescription": "Other", "latestTransDate": "2018-03-15", "positionDirect": 1164400, "positionDirectDate": "2018-03-15"}, {"maxAge": 1, "name": "Patel (Navinbhai)", "relation": "Director", "url": "", "transactionDescription": "Other", "latestTransDate": "2018-03-15", "positionDirect": 1762000, "positionDirectDate": "2018-03-15"}, {"maxAge": 1, "name": "Patel (Ravibhai)", "relation": "Director", "url": "", "transactionDescription": "Other", "latestTransDate": "2018-03-15", "positionDirect": 3600000, "positionDirectDate": "2018-03-15"}], "maxAge": 1}, "calendarEvents": {"maxAge": 1, "earnings": {"earningsDate": []}}, "upgradeDowngradeHistory": {"history": [], "maxAge": 86400}, "price": {"maxAge": 1, "regularMarketChangePercent": 0.036402587, "regularMarketChange": 0.17000008, "regularMarketTime": "2021-04-30 15:29:34", "priceHint": 4, "regularMarketPrice": 4.84, "regularMarketDayHigh": 5.0, "regularMarketDayLow": 4.6, "regularMarketVolume": 36863, "averageDailyVolume10Day": 28968, "averageDailyVolume3Month": 64188, "regularMarketPreviousClose": 4.67, "regularMarketSource": "FREE_REALTIME", "regularMarketOpen": 4.6, "exchange": "BSE", "exchangeName": "BSE", "exchangeDataDelayedBy": 0, "marketState": "CLOSED", "quoteType": "EQUITY", "symbol": "MISHTANN.BO", "underlyingSymbol": null, "shortName": "Mishtann Foods Limited", "longName": "Mishtann Foods Limited", "currency": "INR", "quoteSourceName": "Delayed Quote", "currencySymbol": "\u20b9", "fromCurrency": null, "lastMarket": null, "marketCap": 2420000000}, "balanceSheetHistory": {"balanceSheetStatements": [{"maxAge": 1, "endDate": "2020-03-31", "cash": 267144, "netReceivables": 993473807, "inventory": 258005259, "totalCurrentAssets": 1251746210, "longTermInvestments": 22392, "propertyPlantEquipment": 70682588, "otherAssets": 19437740, "deferredLongTermAssetCharges": 1179667, "totalAssets": 1341888930, "accountsPayable": 32743345, "shortLongTermDebt": 35406858, "otherCurrentLiab": 107251794, "longTermDebt": 5472255, "totalCurrentLiabilities": 644233379, "totalLiab": 649705634, "commonStock": 500000000, "retainedEarnings": 192183296, "totalStockholderEquity": 692183296, "netTangibleAssets": 692183296}, {"maxAge": 1, "endDate": "2019-03-31", "cash": 735414, "netReceivables": 649257156, "inventory": 396041436, "totalCurrentAssets": 1046034006, "longTermInvestments": 22392, "propertyPlantEquipment": 84368099, "otherAssets": 18467979, "deferredLongTermAssetCharges": 1179667, "totalAssets": 1148892476, "accountsPayable": 940988, "shortLongTermDebt": 36770271, "otherCurrentLiab": 59709841, "longTermDebt": 33977931, "otherLiab": -1, "deferredLongTermLiab": 897053, "totalCurrentLiabilities": 423070007, "totalLiab": 457047937, "commonStock": 500000000, "retainedEarnings": 191844539, "totalStockholderEquity": 691844539, "netTangibleAssets": 691844539}, {"maxAge": 1, "endDate": "2018-03-31", "cash": 779502, "netReceivables": 315392109, "inventory": 351567624, "totalCurrentAssets": 667739235, "propertyPlantEquipment": 112627896, "otherAssets": 28248603, "deferredLongTermAssetCharges": 540195, "totalAssets": 808615734, "accountsPayable": 28905317, "shortLongTermDebt": 14760000, "otherCurrentLiab": 54827950, "longTermDebt": 154707410, "deferredLongTermLiab": 1794104, "totalCurrentLiabilities": 269433921, "totalLiab": 424141331, "commonStock": 310191000, "retainedEarnings": 74183403, "treasuryStock": 100000, "otherStockholderEquity": 100000, "totalStockholderEquity": 384474403, "netTangibleAssets": 384474403}, {"maxAge": 1, "endDate": "2017-03-31", "cash": 8633931, "netReceivables": 8262593, "inventory": 364816156, "totalCurrentAssets": 381712680, "propertyPlantEquipment": 130674971, "otherAssets": 13061763, "totalAssets": 525449414, "accountsPayable": 5718547, "shortLongTermDebt": 14760000, "otherCurrentLiab": 17246455, "longTermDebt": 160396014, "otherLiab": 143399, "deferredLongTermLiab": 2691157, "totalCurrentLiabilities": 248340450, "totalLiab": 408879863, "commonStock": 100161000, "retainedEarnings": 16308551, "treasuryStock": 100000, "otherStockholderEquity": 100000, "totalStockholderEquity": 116569551, "netTangibleAssets": 116569551}], "maxAge": 86400}, "financialData": {"maxAge": 86400, "currentPrice": 4.84, "recommendationKey": "none", "grossProfits": 106849959, "financialCurrency": "INR"}}}