{"MITSU.BO": {"cashflowStatementHistory": {"cashflowStatements": [{"maxAge": 1, "endDate": "2020-03-31", "netIncome": 39751000, "depreciation": 39966000, "changeToNetincome": 67614000, "changeToAccountReceivables": -53122000, "changeToLiabilities": -40408000, "changeToInventory": -18125000, "changeToOperatingActivities": 93876000, "totalCashFromOperatingActivities": 129666000, "capitalExpenditures": -71092000, "investments": -8912000, "otherCashflowsFromInvestingActivities": 2001000, "totalCashflowsFromInvestingActivities": -76850000, "dividendsPaid": -2012000, "netBorrowings": 9142000, "otherCashflowsFromFinancingActivities": -60217000, "totalCashFromFinancingActivities": -53087000, "changeInCash": -271000}, {"maxAge": 1, "endDate": "2019-03-31", "netIncome": 35903000, "depreciation": 24418000, "changeToNetincome": 37281000, "changeToAccountReceivables": -30167000, "changeToLiabilities": 58283000, "changeToInventory": -3450000, "changeToOperatingActivities": 56963000, "totalCashFromOperatingActivities": 179333000, "capitalExpenditures": -303892000, "investments": 250000, "otherCashflowsFromInvestingActivities": 1534000, "totalCashflowsFromInvestingActivities": -299987000, "dividendsPaid": -2012000, "netBorrowings": 132450000, "otherCashflowsFromFinancingActivities": -37216000, "totalCashFromFinancingActivities": 110952000, "changeInCash": -9702000, "issuanceOfStock": 17730000}, {"maxAge": 1, "endDate": "2018-03-31", "netIncome": 34723000, "depreciation": 18059000, "changeToNetincome": 32603000, "changeToAccountReceivables": -32781000, "changeToLiabilities": -779000, "changeToInventory": -16432000, "changeToOperatingActivities": 22529000, "totalCashFromOperatingActivities": 58007000, "capitalExpenditures": -73415000, "investments": 5800000, "otherCashflowsFromInvestingActivities": 1689000, "totalCashflowsFromInvestingActivities": -65612000, "dividendsPaid": -1762000, "netBorrowings": 12667000, "otherCashflowsFromFinancingActivities": -52592000, "totalCashFromFinancingActivities": 16921000, "changeInCash": 9316000, "issuanceOfStock": 58608000}, {"maxAge": 1, "endDate": "2017-03-31", "netIncome": 24367000, "depreciation": 19557000, "changeToNetincome": 36575000, "changeToAccountReceivables": -4772000, "changeToLiabilities": -7456000, "changeToInventory": -17272000, "changeToOperatingActivities": -8268000, "totalCashFromOperatingActivities": 42885000, "capitalExpenditures": -47509000, "investments": -918000, "otherCashflowsFromInvestingActivities": 3848000, "totalCashflowsFromInvestingActivities": -37651000, "dividendsPaid": -120000, "netBorrowings": -2291000, "otherCashflowsFromFinancingActivities": -37452000, "totalCashFromFinancingActivities": -55363000, "changeInCash": -50128000, "issuanceOfStock": 58608000}], "maxAge": 86400}, "institutionOwnership": {"ownershipList": [], "maxAge": 1}, "balanceSheetHistoryQuarterly": {"balanceSheetStatements": [{"maxAge": 1, "endDate": "2020-06-30", "totalStockholderEquity": 301762000, "netTangibleAssets": 296711000}, {"maxAge": 1, "endDate": "2020-03-31", "cash": 2155000, "netReceivables": 292036000, "inventory": 124722000, "otherCurrentAssets": 26676000, "totalCurrentAssets": 448477000, "longTermInvestments": 8805000, "propertyPlantEquipment": 591789000, "intangibleAssets": 5051000, "otherAssets": 21597000, "totalAssets": 1075719000, "accountsPayable": 36654000, "shortLongTermDebt": 64131000, "otherCurrentLiab": 10811000, "longTermDebt": 284540000, "otherLiab": 48756000, "totalCurrentLiabilities": 440662000, "totalLiab": 773958000, "commonStock": 120726000, "retainedEarnings": 179199000, "treasuryStock": 322000, "capitalSurplus": 1514000, "otherStockholderEquity": 322000, "totalStockholderEquity": 301761000, "netTangibleAssets": 296710000}, {"maxAge": 1, "endDate": "2019-12-31", "cash": 2155000, "netReceivables": 292036000, "inventory": 124722000, "otherCurrentAssets": 26676000, "totalCurrentAssets": 448477000, "longTermInvestments": 8805000, "propertyPlantEquipment": 591789000, "intangibleAssets": 5051000, "otherAssets": 21597000, "totalAssets": 1075719000, "accountsPayable": 36654000, "shortLongTermDebt": 64131000, "otherCurrentLiab": 10811000, "longTermDebt": 284540000, "otherLiab": 48756000, "totalCurrentLiabilities": 440662000, "totalLiab": 773958000, "commonStock": 120726000, "retainedEarnings": 179199000, "treasuryStock": 322000, "capitalSurplus": 1514000, "otherStockholderEquity": 322000, "totalStockholderEquity": 301761000, "netTangibleAssets": 296710000}, {"maxAge": 1, "endDate": "2019-06-30"}], "maxAge": 86400}, "indexTrend": {"maxAge": 1, "symbol": "SP5", "peRatio": 19.7411, "pegRatio": 1.34172, "estimates": [{"period": "0q", "growth": 0.549}, {"period": "+1q", "growth": 0.431}, {"period": "0y", "growth": 0.305}, {"period": "+1y", "growth": 0.109}, {"period": "+5y", "growth": 0.120859005}, {"period": "-5y"}]}, "insiderTransactions": {"transactions": [{"maxAge": 1, "shares": 134266, "filerUrl": "", "transactionText": "", "filerName": "Dedhia (Jalpa Manish)", "filerRelation": "Director", "moneyText": "", "startDate": "2020-01-07", "ownership": "D"}, {"maxAge": 1, "shares": 134266, "filerUrl": "", "transactionText": "", "filerName": "Dedhia (Manish Mavji)", "filerRelation": "Director", "moneyText": "", "startDate": "2020-01-07", "ownership": "D"}], "maxAge": 1}, "quoteType": {"exchange": "BSE", "quoteType": "EQUITY", "symbol": "MITSU.BO", "underlyingSymbol": "MITSU.BO", "shortName": "Mitsu Chem Plast Limited", "longName": "Mitsu Chem Plast Limited", "firstTradeDateEpochUtc": "2016-09-09 09:15:00", "timeZoneFullName": "Asia/Kolkata", "timeZoneShortName": "IST", "uuid": "0a56f193-b9db-37d6-8322-044861e3181a", "gmtOffSetMilliseconds": 19800000, "maxAge": 1}, "incomeStatementHistory": {"incomeStatementHistory": [{"maxAge": 1, "endDate": "2020-03-31", "totalRevenue": 1385483000, "costOfRevenue": 791430000, "grossProfit": 594053000, "researchDevelopment": {}, "sellingGeneralAdministrative": 132861500, "nonRecurring": {}, "otherOperatingExpenses": 300469500, "totalOperatingExpenses": 1264842000, "operatingIncome": 120641000, "totalOtherIncomeExpenseNet": -62463000, "ebit": 120641000, "interestExpense": -60164000, "incomeBeforeTax": 58178000, "incomeTaxExpense": 18427000, "minorityInterest": {}, "netIncomeFromContinuingOps": 39751000, "discontinuedOperations": {}, "extraordinaryItems": {}, "effectOfAccountingCharges": {}, "otherItems": {}, "netIncome": 39751000, "netIncomeApplicableToCommonShares": 39751000}, {"maxAge": 1, "endDate": "2019-03-31", "totalRevenue": 1247604000, "costOfRevenue": 811684000, "grossProfit": 435920000, "researchDevelopment": {}, "sellingGeneralAdministrative": 112073000, "nonRecurring": {}, "otherOperatingExpenses": 216763000, "totalOperatingExpenses": 1165039000, "operatingIncome": 82565000, "totalOtherIncomeExpenseNet": -39365000, "ebit": 82565000, "interestExpense": -37476000, "incomeBeforeTax": 43200000, "incomeTaxExpense": 7297000, "minorityInterest": {}, "netIncomeFromContinuingOps": 35903000, "discontinuedOperations": {}, "extraordinaryItems": {}, "effectOfAccountingCharges": {}, "otherItems": {}, "netIncome": 35903000, "netIncomeApplicableToCommonShares": 35903000}, {"maxAge": 1, "endDate": "2018-03-31", "totalRevenue": 1122681000, "costOfRevenue": 727401000, "grossProfit": 395280000, "researchDevelopment": {}, "sellingGeneralAdministrative": 105429000, "nonRecurring": {}, "otherOperatingExpenses": 193695000, "totalOperatingExpenses": 1044669000, "operatingIncome": 78012000, "totalOtherIncomeExpenseNet": -34525000, "ebit": 78012000, "interestExpense": -34866000, "incomeBeforeTax": 43487000, "incomeTaxExpense": 8764000, "minorityInterest": {}, "netIncomeFromContinuingOps": 34723000, "discontinuedOperations": {}, "extraordinaryItems": {}, "effectOfAccountingCharges": {}, "otherItems": {}, "netIncome": 34723000, "netIncomeApplicableToCommonShares": 34723000}, {"maxAge": 1, "endDate": "2017-03-31", "totalRevenue": 941601000, "costOfRevenue": 620195000, "grossProfit": 321406000, "researchDevelopment": {}, "sellingGeneralAdministrative": 82463000, "nonRecurring": {}, "otherOperatingExpenses": 153084000, "totalOperatingExpenses": 875453000, "operatingIncome": 66148000, "totalOtherIncomeExpenseNet": -33635000, "ebit": 66148000, "interestExpense": -37400000, "incomeBeforeTax": 32513000, "incomeTaxExpense": 8146000, "minorityInterest": {}, "netIncomeFromContinuingOps": 24367000, "discontinuedOperations": {}, "extraordinaryItems": {}, "effectOfAccountingCharges": {}, "otherItems": {}, "netIncome": 24367000, "netIncomeApplicableToCommonShares": 24223000}], "maxAge": 86400}, "fundOwnership": {"ownershipList": [], "maxAge": 1}, "summaryDetail": {"maxAge": 1, "priceHint": 2, "previousClose": 191.2, "open": 200.75, "dayLow": 181.65, "dayHigh": 200.75, "regularMarketPreviousClose": 191.2, "regularMarketOpen": 200.75, "regularMarketDayLow": 181.65, "regularMarketDayHigh": 200.75, "trailingPE": 47.481075, "volume": 77648, "regularMarketVolume": 77648, "averageVolume": 4255, "averageVolume10days": 1491, "averageDailyVolume10Day": 1491, "bid": 200.75, "ask": 0.0, "bidSize": 0, "askSize": 0, "marketCap": 807858176, "fiftyTwoWeekLow": 60.05, "fiftyTwoWeekHigh": 200.75, "fiftyDayAverage": 114.28485, "twoHundredDayAverage": 106.55, "trailingAnnualDividendRate": 0.2, "trailingAnnualDividendYield": 0.0010460252, "currency": "INR", "fromCurrency": null, "lastMarket": null, "algorithm": null, "tradeable": false}, "incomeStatementHistoryQuarterly": {"incomeStatementHistory": [{"maxAge": 1, "endDate": "2020-06-30", "totalRevenue": 325624000, "costOfRevenue": 183243000, "grossProfit": 142381000, "researchDevelopment": {}, "sellingGeneralAdministrative": 29902000, "nonRecurring": {}, "otherOperatingExpenses": 63139000, "totalOperatingExpenses": 287011000, "operatingIncome": 38613000, "totalOtherIncomeExpenseNet": -13042000, "ebit": 38613000, "interestExpense": -15797000, "incomeBeforeTax": 25571000, "incomeTaxExpense": 7503000, "minorityInterest": {}, "netIncomeFromContinuingOps": 18068000, "discontinuedOperations": {}, "extraordinaryItems": {}, "effectOfAccountingCharges": {}, "otherItems": {}, "netIncome": 18068000, "netIncomeApplicableToCommonShares": 18068000}, {"maxAge": 1, "endDate": "2020-03-31", "totalRevenue": 362978500, "costOfRevenue": 207973500, "grossProfit": 155005000, "researchDevelopment": {}, "sellingGeneralAdministrative": 33913250, "nonRecurring": {}, "otherOperatingExpenses": 78680250, "totalOperatingExpenses": 331215000, "operatingIncome": 31763500, "totalOtherIncomeExpenseNet": -17013000, "ebit": 31763500, "interestExpense": -15204500, "incomeBeforeTax": 14750500, "incomeTaxExpense": 4743500, "minorityInterest": {}, "netIncomeFromContinuingOps": 10007000, "discontinuedOperations": {}, "extraordinaryItems": {}, "effectOfAccountingCharges": {}, "otherItems": {}, "netIncome": 10007000, "netIncomeApplicableToCommonShares": 10007000}, {"maxAge": 1, "endDate": "2019-12-31", "totalRevenue": 362978500, "costOfRevenue": 207973500, "grossProfit": 155005000, "researchDevelopment": {}, "sellingGeneralAdministrative": 33913250, "nonRecurring": {}, "otherOperatingExpenses": 78680250, "totalOperatingExpenses": 331215000, "operatingIncome": 31763500, "totalOtherIncomeExpenseNet": -17013000, "ebit": 31763500, "interestExpense": -15204500, "incomeBeforeTax": 14750500, "incomeTaxExpense": 4743500, "minorityInterest": {}, "netIncomeFromContinuingOps": 10007000, "discontinuedOperations": {}, "extraordinaryItems": {}, "effectOfAccountingCharges": {}, "otherItems": {}, "netIncome": 10007000, "netIncomeApplicableToCommonShares": 10007000}, {"maxAge": 1, "endDate": "2019-06-30", "totalRevenue": 326944000, "costOfRevenue": 195168000, "grossProfit": 131776000, "researchDevelopment": {}, "sellingGeneralAdministrative": 32166000, "nonRecurring": {}, "otherOperatingExpenses": 69093000, "totalOperatingExpenses": 305703000, "operatingIncome": 21241000, "totalOtherIncomeExpenseNet": -14095000, "ebit": 21241000, "interestExpense": -14613000, "incomeBeforeTax": 7146000, "incomeTaxExpense": 386000, "minorityInterest": {}, "netIncomeFromContinuingOps": 6760000, "discontinuedOperations": {}, "extraordinaryItems": {}, "effectOfAccountingCharges": {}, "otherItems": {}, "netIncome": 6760000, "netIncomeApplicableToCommonShares": 6760000}], "maxAge": 86400}, "cashflowStatementHistoryQuarterly": {"cashflowStatements": [{"maxAge": 1, "endDate": "2020-06-30", "netIncome": 18068000, "changeToLiabilities": 0}, {"maxAge": 1, "endDate": "2020-03-31", "netIncome": 10007000, "depreciation": 10590500, "changeToNetincome": 16660500, "changeToAccountReceivables": -20568500, "changeToLiabilities": -38600000, "changeToInventory": 11945500, "changeToOperatingActivities": 19100500, "totalCashFromOperatingActivities": 9192500, "capitalExpenditures": -7185000, "investments": -1996500, "otherCashflowsFromInvestingActivities": 932500, "totalCashflowsFromInvestingActivities": -7672500, "netBorrowings": 12183500, "otherCashflowsFromFinancingActivities": -15643500, "totalCashFromFinancingActivities": -3460000, "changeInCash": -1939500}, {"maxAge": 1, "endDate": "2019-12-31", "netIncome": 10007000, "depreciation": 10590500, "changeToNetincome": 16660500, "changeToAccountReceivables": -20568500, "changeToLiabilities": -38600000, "changeToInventory": 11945500, "changeToOperatingActivities": 19100500, "totalCashFromOperatingActivities": 9192500, "capitalExpenditures": -7185000, "investments": -1996500, "otherCashflowsFromInvestingActivities": 932500, "totalCashflowsFromInvestingActivities": -7672500, "netBorrowings": 12183500, "otherCashflowsFromFinancingActivities": -15643500, "totalCashFromFinancingActivities": -3460000, "changeInCash": -1939500}, {"maxAge": 1, "endDate": "2019-06-30", "netIncome": 6760000, "depreciation": 10590500, "changeToNetincome": 16660500, "changeToAccountReceivables": -20568500, "changeToLiabilities": 0, "changeToInventory": 11945500, "changeToOperatingActivities": 19100500, "totalCashFromOperatingActivities": 9192500, "capitalExpenditures": -7185000, "investments": -1996500, "otherCashflowsFromInvestingActivities": 932500, "totalCashflowsFromInvestingActivities": -7672500, "netBorrowings": 12183500, "otherCashflowsFromFinancingActivities": -15643500, "totalCashFromFinancingActivities": -3460000, "changeInCash": -1939500}], "maxAge": 86400}, "insiderHolders": {"holders": [{"maxAge": 1, "name": "Dedhia (Jalpa Manish)", "relation": "Director", "url": "", "transactionDescription": "Gift", "latestTransDate": "2020-01-07", "positionDirect": 8400, "positionDirectDate": "2020-01-07"}, {"maxAge": 1, "name": "Dedhia (Manish Mavji)", "relation": "Director", "url": "", "transactionDescription": "Gift", "latestTransDate": "2020-01-07", "positionDirect": 525240, "positionDirectDate": "2020-01-07"}], "maxAge": 1}, "calendarEvents": {"maxAge": 1, "earnings": {"earningsDate": ["2020-08-07 05:30:S"]}}, "upgradeDowngradeHistory": {"history": [], "maxAge": 86400}, "price": {"maxAge": 1, "regularMarketChangePercent": 0.049947716, "regularMarketChange": 9.550003, "regularMarketTime": "2021-04-30 14:19:43", "priceHint": 2, "regularMarketPrice": 200.75, "regularMarketDayHigh": 200.75, "regularMarketDayLow": 181.65, "regularMarketVolume": 77648, "averageDailyVolume10Day": 1491, "averageDailyVolume3Month": 4255, "regularMarketPreviousClose": 191.2, "regularMarketSource": "FREE_REALTIME", "regularMarketOpen": 200.75, "exchange": "BSE", "exchangeName": "BSE", "exchangeDataDelayedBy": 0, "marketState": "CLOSED", "quoteType": "EQUITY", "symbol": "MITSU.BO", "underlyingSymbol": null, "shortName": "Mitsu Chem Plast Limited", "longName": "Mitsu Chem Plast Limited", "currency": "INR", "quoteSourceName": "Delayed Quote", "currencySymbol": "\u20b9", "fromCurrency": null, "lastMarket": null, "marketCap": 807858176}, "balanceSheetHistory": {"balanceSheetStatements": [{"maxAge": 1, "endDate": "2020-03-31", "cash": 2155000, "netReceivables": 292036000, "inventory": 124722000, "otherCurrentAssets": 26676000, "totalCurrentAssets": 448477000, "longTermInvestments": 8805000, "propertyPlantEquipment": 591789000, "intangibleAssets": 5051000, "otherAssets": 21597000, "totalAssets": 1075719000, "accountsPayable": 36654000, "shortLongTermDebt": 64131000, "otherCurrentLiab": 10811000, "longTermDebt": 284540000, "otherLiab": 48756000, "totalCurrentLiabilities": 440662000, "totalLiab": 773958000, "commonStock": 120726000, "retainedEarnings": 179199000, "treasuryStock": 322000, "capitalSurplus": 1514000, "otherStockholderEquity": 322000, "totalStockholderEquity": 301761000, "netTangibleAssets": 296710000}, {"maxAge": 1, "endDate": "2019-03-31", "cash": 5139000, "netReceivables": 237654000, "inventory": 106597000, "otherCurrentAssets": 45195000, "totalCurrentAssets": 397219000, "longTermInvestments": 3586000, "propertyPlantEquipment": 564686000, "intangibleAssets": 2920000, "otherAssets": 18423000, "totalAssets": 986834000, "accountsPayable": 80544000, "shortLongTermDebt": 44023000, "otherCurrentLiab": 10967000, "longTermDebt": 275399000, "otherLiab": 46700000, "totalCurrentLiabilities": 399234000, "totalLiab": 721333000, "commonStock": 40242000, "retainedEarnings": 141874000, "treasuryStock": 416000, "capitalSurplus": 82969000, "otherStockholderEquity": 416000, "totalStockholderEquity": 265501000, "netTangibleAssets": 262581000}, {"maxAge": 1, "endDate": "2018-03-31", "cash": 30689000, "netReceivables": 218622000, "inventory": 103147000, "otherCurrentAssets": 12855000, "totalCurrentAssets": 368019000, "longTermInvestments": 1179000, "propertyPlantEquipment": 291636000, "intangibleAssets": 1144000, "otherAssets": 30429000, "totalAssets": 692407000, "accountsPayable": 26548000, "shortLongTermDebt": 20413000, "otherCurrentLiab": 8392000, "longTermDebt": 143082000, "otherLiab": 58867000, "totalCurrentLiabilities": 267242000, "totalLiab": 469191000, "commonStock": 38802000, "retainedEarnings": 116472000, "treasuryStock": 7203000, "capitalSurplus": 60739000, "otherStockholderEquity": 7203000, "totalStockholderEquity": 223216000, "netTangibleAssets": 222072000}, {"maxAge": 1, "endDate": "2017-03-31", "cash": 27509000, "netReceivables": 185156000, "inventory": 86714000, "otherCurrentAssets": 13693000, "totalCurrentAssets": 314933000, "longTermInvestments": 844000, "propertyPlantEquipment": 236425000, "intangibleAssets": 1129000, "otherAssets": 7838000, "totalAssets": 561169000, "accountsPayable": 29544000, "shortLongTermDebt": 22902000, "otherCurrentLiab": 12384000, "longTermDebt": 130415000, "otherLiab": 23682000, "totalCurrentLiabilities": 280288000, "totalLiab": 434385000, "commonStock": 35250000, "retainedEarnings": 83871000, "treasuryStock": 1263000, "capitalSurplus": 6400000, "otherStockholderEquity": 1263000, "totalStockholderEquity": 126784000, "netTangibleAssets": 125655000}], "maxAge": 86400}, "financialData": {"maxAge": 86400, "currentPrice": 200.75, "recommendationKey": "none", "grossProfits": 594053000, "financialCurrency": "INR"}}}