{"MITSHI.BO": {"cashflowStatementHistory": {"cashflowStatements": [{"maxAge": 1, "endDate": "2020-03-31", "netIncome": 5951826, "depreciation": 190462, "changeToNetincome": -1797928, "changeToAccountReceivables": 2765821, "changeToLiabilities": -6839256, "changeToInventory": -11169127, "changeToOperatingActivities": -1915762, "totalCashFromOperatingActivities": -12217433, "capitalExpenditures": -1880858, "investments": 11920000, "otherCashflowsFromInvestingActivities": 466218, "totalCashflowsFromInvestingActivities": 10505360, "netBorrowings": 3239426, "totalCashFromFinancingActivities": 3239426, "changeInCash": 1527353}, {"maxAge": 1, "endDate": "2019-03-31", "netIncome": 9118651, "depreciation": 295166, "changeToNetincome": 1088301, "changeToAccountReceivables": -16347063, "changeToLiabilities": 3128840, "changeToInventory": -2001980, "changeToOperatingActivities": -1165593, "totalCashFromOperatingActivities": -5483630, "capitalExpenditures": -4174025, "investments": -12180000, "otherCashflowsFromInvestingActivities": 823366, "totalCashflowsFromInvestingActivities": -28260029, "netBorrowings": -1946579, "totalCashFromFinancingActivities": 23053421, "changeInCash": -10690238, "issuanceOfStock": 25000000}, {"maxAge": 1, "endDate": "2018-03-31", "netIncome": 4177143, "depreciation": 329394, "changeToNetincome": -416192, "changeToAccountReceivables": -3630432, "changeToLiabilities": -1362338, "changeToInventory": -2001980, "changeToOperatingActivities": -1187974, "totalCashFromOperatingActivities": -2087145, "capitalExpenditures": -305459, "investments": -12180000, "otherCashflowsFromInvestingActivities": 416192, "totalCashflowsFromInvestingActivities": 110733, "netBorrowings": -3447802, "totalCashFromFinancingActivities": 14552198, "changeInCash": 12575786, "issuanceOfStock": 18000000}, {"maxAge": 1, "endDate": "2017-03-31", "netIncome": -2679344, "depreciation": 288960, "changeToNetincome": -416192, "changeToAccountReceivables": -760900, "changeToLiabilities": -3781190, "changeToInventory": -2001980, "changeToOperatingActivities": -62000, "totalCashFromOperatingActivities": -6994474, "capitalExpenditures": -37000, "investments": -12180000, "otherCashflowsFromInvestingActivities": 416192, "totalCashflowsFromInvestingActivities": -37000, "netBorrowings": 5600500, "totalCashFromFinancingActivities": 5600500, "changeInCash": -1430974, "issuanceOfStock": 18000000}], "maxAge": 86400}, "institutionOwnership": {"ownershipList": [], "maxAge": 1}, "balanceSheetHistoryQuarterly": {"balanceSheetStatements": [{"maxAge": 1, "endDate": "2020-06-30", "totalStockholderEquity": 18645590, "netTangibleAssets": 15966241}, {"maxAge": 1, "endDate": "2020-03-31", "cash": 3618721, "shortTermInvestments": 260000, "netReceivables": 19551425, "inventory": 13171107, "otherCurrentAssets": 452157, "totalCurrentAssets": 37053410, "longTermInvestments": 24100, "propertyPlantEquipment": 467986, "intangibleAssets": 2679349, "otherAssets": 2764153, "totalAssets": 42988998, "accountsPayable": 4723521, "otherCurrentLiab": 18302, "longTermDebt": 8146107, "otherLiab": 40879, "minorityInterest": 10580849, "totalCurrentLiabilities": 5575573, "totalLiab": 13762559, "commonStock": 88000000, "retainedEarnings": -116787608, "treasuryStock": 41433198, "capitalSurplus": 6000000, "otherStockholderEquity": 41433198, "totalStockholderEquity": 18645590, "netTangibleAssets": 15966241}, {"maxAge": 1, "endDate": "2019-12-31", "totalStockholderEquity": 20264000, "netTangibleAssets": 19015000}, {"maxAge": 1, "endDate": "2019-09-30", "cash": 13614000, "netReceivables": 34272000, "inventory": 510000, "otherCurrentAssets": 1124000, "totalCurrentAssets": 49520000, "longTermInvestments": 24000, "propertyPlantEquipment": 545000, "intangibleAssets": 1249000, "otherAssets": 1050000, "deferredLongTermAssetCharges": 30000, "totalAssets": 52388000, "accountsPayable": 4015000, "otherCurrentLiab": 2454000, "longTermDebt": 8296000, "otherLiab": 7208000, "minorityInterest": 9748000, "totalCurrentLiabilities": 6872000, "totalLiab": 22376000, "commonStock": 88000000, "treasuryStock": -67736000, "otherStockholderEquity": -67736000, "totalStockholderEquity": 20264000, "netTangibleAssets": 19015000}], "maxAge": 86400}, "indexTrend": {"maxAge": 1, "symbol": "SP5", "peRatio": 19.7411, "pegRatio": 1.34172, "estimates": [{"period": "0q", "growth": 0.549}, {"period": "+1q", "growth": 0.431}, {"period": "0y", "growth": 0.305}, {"period": "+1y", "growth": 0.109}, {"period": "+5y", "growth": 0.120859005}, {"period": "-5y"}]}, "quoteType": {"exchange": "BSE", "quoteType": "EQUITY", "symbol": "MITSHI.BO", "underlyingSymbol": "MITSHI.BO", "shortName": "Mitshi India Limited", "longName": "Mitshi India Limited", "firstTradeDateEpochUtc": "1998-12-30 09:15:00", "timeZoneFullName": "Asia/Kolkata", "timeZoneShortName": "IST", "uuid": "7fbff75a-8a82-3717-aa35-f86db13b5a38", "gmtOffSetMilliseconds": 19800000, "maxAge": 1}, "incomeStatementHistory": {"incomeStatementHistory": [{"maxAge": 1, "endDate": "2020-03-31", "totalRevenue": 97409848, "costOfRevenue": 81220192, "grossProfit": 16189656, "researchDevelopment": {}, "sellingGeneralAdministrative": 3721809, "nonRecurring": {}, "otherOperatingExpenses": 3990760, "totalOperatingExpenses": 89719754, "operatingIncome": 7690094, "totalOtherIncomeExpenseNet": 466218, "ebit": 7690094, "interestExpense": {}, "incomeBeforeTax": 8156312, "incomeTaxExpense": 2128726, "minorityInterest": 10580849, "netIncomeFromContinuingOps": 6027586, "discontinuedOperations": {}, "extraordinaryItems": {}, "effectOfAccountingCharges": {}, "otherItems": {}, "netIncome": 5951826, "netIncomeApplicableToCommonShares": 5951826}, {"maxAge": 1, "endDate": "2019-03-31", "totalRevenue": 56976015, "costOfRevenue": 37610831, "grossProfit": 19365184, "researchDevelopment": {}, "sellingGeneralAdministrative": 2479176, "nonRecurring": {}, "otherOperatingExpenses": 5077998, "totalOperatingExpenses": 45863219, "operatingIncome": 11112796, "totalOtherIncomeExpenseNet": 818151, "ebit": 11112796, "interestExpense": {}, "incomeBeforeTax": 11930947, "incomeTaxExpense": 2628007, "minorityInterest": 10505089, "netIncomeFromContinuingOps": 9302940, "discontinuedOperations": {}, "extraordinaryItems": {}, "effectOfAccountingCharges": {}, "otherItems": {}, "netIncome": 9118651, "netIncomeApplicableToCommonShares": 9118651}, {"maxAge": 1, "endDate": "2018-03-31", "totalRevenue": 29276063, "costOfRevenue": 23145389, "grossProfit": 6130674, "researchDevelopment": {}, "sellingGeneralAdministrative": 688798, "nonRecurring": {}, "otherOperatingExpenses": 1346072, "totalOperatingExpenses": 25512907, "operatingIncome": 3763156, "totalOtherIncomeExpenseNet": 413987, "ebit": 3763156, "interestExpense": -2205, "incomeBeforeTax": 4177143, "incomeTaxExpense": 0, "minorityInterest": 10505089, "netIncomeFromContinuingOps": 4177143, "discontinuedOperations": {}, "extraordinaryItems": {}, "effectOfAccountingCharges": {}, "otherItems": {}, "netIncome": 4177143, "netIncomeApplicableToCommonShares": 4177143}, {"maxAge": 1, "endDate": "2017-03-31", "totalRevenue": 2362614, "costOfRevenue": 3243699, "grossProfit": -881085, "researchDevelopment": {}, "sellingGeneralAdministrative": 146463, "nonRecurring": {}, "otherOperatingExpenses": 1362670, "totalOperatingExpenses": 5041792, "operatingIncome": -2679178, "totalOtherIncomeExpenseNet": -166, "ebit": -2679178, "interestExpense": -166, "incomeBeforeTax": -2679344, "incomeTaxExpense": 0, "minorityInterest": 10505089, "netIncomeFromContinuingOps": -2679344, "discontinuedOperations": {}, "extraordinaryItems": {}, "effectOfAccountingCharges": {}, "otherItems": {}, "netIncome": -2679344, "netIncomeApplicableToCommonShares": -2679344}], "maxAge": 86400}, "fundOwnership": {"ownershipList": [], "maxAge": 1}, "summaryDetail": {"maxAge": 1, "priceHint": 2, "previousClose": 12.99, "open": 13.09, "dayLow": 12.22, "dayHigh": 13.09, "regularMarketPreviousClose": 12.99, "regularMarketOpen": 13.09, "regularMarketDayLow": 12.22, "regularMarketDayHigh": 13.09, "trailingPE": 83.77483, "volume": 2542, "regularMarketVolume": 2542, "averageVolume": 26784, "averageVolume10days": 6240, "averageDailyVolume10Day": 6240, "bid": 12.62, "ask": 12.8, "bidSize": 0, "askSize": 0, "marketCap": 111320000, "fiftyTwoWeekLow": 12.22, "fiftyTwoWeekHigh": 72.3, "fiftyDayAverage": 20.589394, "twoHundredDayAverage": 24.259926, "currency": "INR", "fromCurrency": null, "lastMarket": null, "algorithm": null, "tradeable": false}, "incomeStatementHistoryQuarterly": {"incomeStatementHistory": [{"maxAge": 1, "endDate": "2020-06-30", "totalRevenue": 7537000, "costOfRevenue": 7532000, "grossProfit": 5000, "researchDevelopment": {}, "sellingGeneralAdministrative": {}, "nonRecurring": {}, "otherOperatingExpenses": 237000, "totalOperatingExpenses": 7931000, "operatingIncome": -394000, "totalOtherIncomeExpenseNet": -141000, "ebit": -394000, "interestExpense": {}, "incomeBeforeTax": -535000, "incomeTaxExpense": 0, "minorityInterest": {}, "netIncomeFromContinuingOps": -535000, "discontinuedOperations": {}, "extraordinaryItems": {}, "effectOfAccountingCharges": {}, "otherItems": {}, "netIncome": -535000, "netIncomeApplicableToCommonShares": -535000}, {"maxAge": 1, "endDate": "2020-03-31", "totalRevenue": 21221848, "costOfRevenue": 25524192, "grossProfit": -4302344, "researchDevelopment": {}, "sellingGeneralAdministrative": 3721809, "nonRecurring": {}, "otherOperatingExpenses": -1086240, "totalOperatingExpenses": 28472754, "operatingIncome": -7250906, "totalOtherIncomeExpenseNet": -455782, "ebit": -7250906, "interestExpense": {}, "incomeBeforeTax": -7706688, "incomeTaxExpense": -2171274, "minorityInterest": 10580849, "netIncomeFromContinuingOps": -5535414, "discontinuedOperations": {}, "extraordinaryItems": {}, "effectOfAccountingCharges": {}, "otherItems": {}, "netIncome": -6107174, "netIncomeApplicableToCommonShares": -6107174}, {"maxAge": 1, "endDate": "2019-12-31", "totalRevenue": 30719000, "costOfRevenue": 23239000, "grossProfit": 7480000, "researchDevelopment": {}, "sellingGeneralAdministrative": 3721809, "nonRecurring": {}, "otherOperatingExpenses": 1637000, "totalOperatingExpenses": 25034000, "operatingIncome": 5685000, "totalOtherIncomeExpenseNet": 365000, "ebit": 5685000, "interestExpense": {}, "incomeBeforeTax": 6050000, "incomeTaxExpense": 1300000, "minorityInterest": 10580849, "netIncomeFromContinuingOps": 4750000, "discontinuedOperations": {}, "extraordinaryItems": {}, "effectOfAccountingCharges": {}, "otherItems": {}, "netIncome": 4489000, "netIncomeApplicableToCommonShares": 4489000}, {"maxAge": 1, "endDate": "2019-09-30", "totalRevenue": 21284000, "costOfRevenue": 15407000, "grossProfit": 5877000, "researchDevelopment": {}, "sellingGeneralAdministrative": 3721809, "nonRecurring": {}, "otherOperatingExpenses": 1718000, "totalOperatingExpenses": 17286000, "operatingIncome": 3998000, "totalOtherIncomeExpenseNet": 372000, "ebit": 3998000, "interestExpense": {}, "incomeBeforeTax": 4370000, "incomeTaxExpense": 1475000, "minorityInterest": 9748000, "netIncomeFromContinuingOps": 2895000, "discontinuedOperations": {}, "extraordinaryItems": {}, "effectOfAccountingCharges": {}, "otherItems": {}, "netIncome": 3482000, "netIncomeApplicableToCommonShares": 3482000}], "maxAge": 86400}, "cashflowStatementHistoryQuarterly": {"cashflowStatements": [{"maxAge": 1, "endDate": "2020-06-30", "netIncome": -535000, "changeToLiabilities": 0}, {"maxAge": 1, "endDate": "2020-03-31", "netIncome": -6107174, "changeToLiabilities": 0}, {"maxAge": 1, "endDate": "2019-12-31", "netIncome": 4489000, "changeToLiabilities": 0}, {"maxAge": 1, "endDate": "2019-09-30", "netIncome": 3482000, "changeToLiabilities": 0}], "maxAge": 86400}, "insiderHolders": {"holders": [], "maxAge": 1}, "calendarEvents": {"maxAge": 1, "earnings": {"earningsDate": ["2020-09-15 05:30:S"]}}, "upgradeDowngradeHistory": {"history": [], "maxAge": 86400}, "price": {"maxAge": 1, "regularMarketChangePercent": -0.026173992, "regularMarketChange": -0.34000015, "regularMarketTime": "2021-04-30 15:20:33", "priceHint": 2, "regularMarketPrice": 12.65, "regularMarketDayHigh": 13.09, "regularMarketDayLow": 12.22, "regularMarketVolume": 2542, "averageDailyVolume10Day": 6240, "averageDailyVolume3Month": 26784, "regularMarketPreviousClose": 12.99, "regularMarketSource": "FREE_REALTIME", "regularMarketOpen": 13.09, "exchange": "BSE", "exchangeName": "BSE", "exchangeDataDelayedBy": 0, "marketState": "CLOSED", "quoteType": "EQUITY", "symbol": "MITSHI.BO", "underlyingSymbol": null, "shortName": "Mitshi India Limited", "longName": "Mitshi India Limited", "currency": "INR", "quoteSourceName": "Delayed Quote", "currencySymbol": "\u20b9", "fromCurrency": null, "lastMarket": null, "marketCap": 111320000}, "balanceSheetHistory": {"balanceSheetStatements": [{"maxAge": 1, "endDate": "2020-03-31", "cash": 3618721, "shortTermInvestments": 260000, "netReceivables": 19551425, "inventory": 13171107, "otherCurrentAssets": 452157, "totalCurrentAssets": 37053410, "longTermInvestments": 24100, "propertyPlantEquipment": 467986, "intangibleAssets": 2679349, "otherAssets": 2764153, "totalAssets": 42988998, "accountsPayable": 4723521, "otherCurrentLiab": 18302, "longTermDebt": 8146107, "otherLiab": 40879, "minorityInterest": 10580849, "totalCurrentLiabilities": 5575573, "totalLiab": 13762559, "commonStock": 88000000, "retainedEarnings": -116787608, "treasuryStock": 41433198, "capitalSurplus": 6000000, "otherStockholderEquity": 41433198, "totalStockholderEquity": 18645590, "netTangibleAssets": 15966241}, {"maxAge": 1, "endDate": "2019-03-31", "cash": 2091368, "shortTermInvestments": 12180000, "netReceivables": 22796991, "inventory": 2001980, "otherCurrentAssets": 25160, "totalCurrentAssets": 39095499, "longTermInvestments": 24100, "propertyPlantEquipment": 564638, "intangibleAssets": 1488832, "otherAssets": 1099222, "deferredLongTermAssetCharges": 29557, "totalAssets": 42272291, "accountsPayable": 3254677, "otherCurrentLiab": 1767666, "longTermDebt": 4906681, "otherLiab": 8248974, "minorityInterest": 10505089, "totalCurrentLiabilities": 5917783, "totalLiab": 19073438, "commonStock": 88000000, "retainedEarnings": -122739434, "treasuryStock": 41433198, "capitalSurplus": 6000000, "otherStockholderEquity": 41433198, "totalStockholderEquity": 12693764, "netTangibleAssets": 11204932}, {"maxAge": 1, "endDate": "2018-03-31", "cash": 12781606, "netReceivables": 5219011, "otherCurrentAssets": 121974, "totalCurrentAssets": 18122591, "longTermInvestments": 24100, "propertyPlantEquipment": 491683, "intangibleAssets": 38021, "otherAssets": 1019665, "totalAssets": 19696060, "accountsPayable": 690087, "otherCurrentLiab": 250000, "longTermDebt": 6853260, "otherLiab": 8296410, "totalCurrentLiabilities": 971277, "totalLiab": 16120947, "commonStock": 88000000, "retainedEarnings": -131858085, "treasuryStock": 41433198, "capitalSurplus": 6000000, "otherStockholderEquity": 41433198, "totalStockholderEquity": 3575113, "netTangibleAssets": 3537092}, {"maxAge": 1, "endDate": "2017-03-31", "cash": 205820, "netReceivables": 1314223, "otherCurrentAssets": 150000, "totalCurrentAssets": 1670043, "longTermInvestments": 24100, "propertyPlantEquipment": 519893, "intangibleAssets": 37000, "otherAssets": 78021, "totalAssets": 2329057, "accountsPayable": 902029, "otherCurrentLiab": 200000, "longTermDebt": 10301062, "otherLiab": 9527133, "totalCurrentLiabilities": 1102892, "totalLiab": 20931087, "commonStock": 76000000, "retainedEarnings": -136035228, "treasuryStock": 41433198, "otherStockholderEquity": 41433198, "totalStockholderEquity": -18602030, "netTangibleAssets": -18639030}], "maxAge": 86400}, "financialData": {"maxAge": 86400, "currentPrice": 12.65, "recommendationKey": "none", "grossProfits": 16189656, "financialCurrency": "INR"}}}