{"MITTAL.NS": {"assetProfile": {"address1": "Unit No. 8/9, Ravikiran", "address2": "Ground Floor Near Monginis, New Link Road Andheri (West)", "city": "Mumbai", "zip": "400053", "country": "India", "phone": "91 22 2674 1792", "fax": "91 22 2674 1787", "website": "http://www.mittallifestyle.in", "industry": "Textile Manufacturing", "sector": "Consumer Cyclical", "longBusinessSummary": "Mittal Life Style Limited supplies bottom weight fabrics and denims in India. It offers fashion fabrics, cotton canvas denims, dupion bottom fabrics, polyester fabrics, cotton fabrics, knit fabrics, etc. to textile industry. The company was founded in 2005 and is based in Mumbai, India.", "fullTimeEmployees": 14, "companyOfficers": [{"maxAge": 1, "name": "Mr. Brijeshkumar Jagdishkumar Mittal", "age": 60, "title": "Exec. Chairman & MD", "yearBorn": 1960, "fiscalYear": 2020, "totalPay": 1200000, "exercisedValue": 0, "unexercisedValue": 0}, {"maxAge": 1, "name": "Mr. Pratik Brijeshkumar Mittal", "age": 31, "title": "CFO & Exec. Director", "yearBorn": 1989, "fiscalYear": 2020, "totalPay": 1200000, "exercisedValue": 0, "unexercisedValue": 0}, {"maxAge": 1, "name": "Ms. Jalpa Shivshankar Purohit", "title": "Company Sec. & Compliance Officer", "fiscalYear": 2020, "totalPay": 230000, "exercisedValue": 0, "unexercisedValue": 0}], "compensationAsOfEpochDate": "2020-12-31 05:30:00", "maxAge": 86400}, "cashflowStatementHistory": {"cashflowStatements": [{"maxAge": 1, "endDate": "2020-03-31", "netIncome": 15247643, "depreciation": 1010397, "changeToNetincome": 4626086, "changeToAccountReceivables": -58682733, "changeToLiabilities": 57826946, "changeToInventory": -28618877, "changeToOperatingActivities": -1043294, "totalCashFromOperatingActivities": -9529580, "capitalExpenditures": -272201, "totalCashflowsFromInvestingActivities": -272201, "netBorrowings": 10886015, "otherCashflowsFromFinancingActivities": -4957950, "totalCashFromFinancingActivities": 5928065, "changeInCash": -3873716}, {"maxAge": 1, "endDate": "2019-03-31", "netIncome": 15135761, "depreciation": 1428113, "changeToNetincome": 5956628, "changeToAccountReceivables": -39021852, "changeToLiabilities": 6801086, "changeToInventory": 18414813, "changeToOperatingActivities": 1579853, "totalCashFromOperatingActivities": 10312541, "capitalExpenditures": -229307, "totalCashflowsFromInvestingActivities": -229307, "dividendsPaid": -4249574, "netBorrowings": -37601112, "otherCashflowsFromFinancingActivities": -7882308, "totalCashFromFinancingActivities": -49732994, "changeInCash": -39649759}, {"maxAge": 1, "endDate": "2018-03-31", "netIncome": 13308645, "depreciation": 1991963, "changeToNetincome": 7433245, "changeToAccountReceivables": -31026850, "changeToLiabilities": 204149, "changeToInventory": -2787138, "changeToOperatingActivities": 1579853, "totalCashFromOperatingActivities": -10585762, "capitalExpenditures": -127345, "totalCashflowsFromInvestingActivities": -127345, "dividendsPaid": -4249574, "netBorrowings": 20040854, "otherCashflowsFromFinancingActivities": -9563351, "totalCashFromFinancingActivities": 54577503, "changeInCash": 43864396, "issuanceOfStock": 44100000}, {"maxAge": 1, "endDate": "2017-03-31", "netIncome": 4784208, "depreciation": 1040244, "changeToNetincome": 10449813, "changeToAccountReceivables": -21926618, "changeToLiabilities": 19121787, "changeToInventory": -17347283, "changeToOperatingActivities": 1579853, "totalCashFromOperatingActivities": -3837540, "capitalExpenditures": -4023792, "totalCashflowsFromInvestingActivities": -4023792, "dividendsPaid": -4249574, "netBorrowings": 20145830, "otherCashflowsFromFinancingActivities": -10471686, "totalCashFromFinancingActivities": 9674144, "changeInCash": 1812812, "issuanceOfStock": 44100000}], "maxAge": 86400}, "institutionOwnership": {"ownershipList": [], "maxAge": 1}, "majorHoldersBreakdown": {"maxAge": 1}, "balanceSheetHistoryQuarterly": {"balanceSheetStatements": [{"maxAge": 1, "endDate": "2020-12-31", "totalStockholderEquity": 134411668, "netTangibleAssets": 134411668}, {"maxAge": 1, "endDate": "2020-09-30", "cash": 1483, "shortTermInvestments": 3015000, "netReceivables": 238361237, "inventory": 41469928, "otherCurrentAssets": 6223681, "totalCurrentAssets": 289071329, "propertyPlantEquipment": 2011310, "otherAssets": -1, "totalAssets": 291082638, "accountsPayable": 37021170, "otherCurrentLiab": 5808437, "longTermDebt": 1, "totalCurrentLiabilities": 156670969, "totalLiab": 156670970, "commonStock": 117500000, "treasuryStock": 16911668, "otherStockholderEquity": 16911668, "totalStockholderEquity": 134411668, "netTangibleAssets": 134411668}, {"maxAge": 1, "endDate": "2020-06-30", "totalStockholderEquity": 134099901, "netTangibleAssets": 134099901}, {"maxAge": 1, "endDate": "2019-12-31"}], "maxAge": 86400}, "indexTrend": {"maxAge": 1, "symbol": "SP5", "peRatio": 19.7411, "pegRatio": 1.34172, "estimates": [{"period": "0q", "growth": 0.549}, {"period": "+1q", "growth": 0.431}, {"period": "0y", "growth": 0.305}, {"period": "+1y", "growth": 0.109}, {"period": "+5y", "growth": 0.120865}, {"period": "-5y"}]}, "defaultKeyStatistics": {"maxAge": 1, "priceHint": 2, "enterpriseValue": 227842080, "profitMargins": 0.01615, "floatShares": 6618016, "sharesOutstanding": 11750000, "beta": 0.62356, "category": null, "bookValue": 11.456, "priceToBook": 0.88599855, "fundFamily": null, "legalType": null, "lastFiscalYearEnd": "2020-03-31 05:30:00", "nextFiscalYearEnd": "2022-03-31 05:30:00", "mostRecentQuarter": "2020-12-31 05:30:00", "earningsQuarterlyGrowth": -0.778, "netIncomeToCommon": 8895643, "trailingEps": 0.77, "lastSplitFactor": "5:3", "lastSplitDate": "2019-06-20 05:30:00", "enterpriseToRevenue": 0.414, "enterpriseToEbitda": 11.834}, "summaryProfile": {"address1": "Unit No. 8/9, Ravikiran", "address2": "Ground Floor Near Monginis, New Link Road Andheri (West)", "city": "Mumbai", "zip": "400053", "country": "India", "phone": "91 22 2674 1792", "fax": "91 22 2674 1787", "website": "http://www.mittallifestyle.in", "industry": "Textile Manufacturing", "sector": "Consumer Cyclical", "longBusinessSummary": "Mittal Life Style Limited supplies bottom weight fabrics and denims in India. It offers fashion fabrics, cotton canvas denims, dupion bottom fabrics, polyester fabrics, cotton fabrics, knit fabrics, etc. to textile industry. The company was founded in 2005 and is based in Mumbai, India.", "fullTimeEmployees": 14, "companyOfficers": [], "maxAge": 86400}, "netSharePurchaseActivity": {"maxAge": 1, "period": "6m", "buyInfoCount": 0, "buyInfoShares": 0, "sellInfoCount": 0, "netInfoCount": 0, "netInfoShares": 0, "totalInsiderShares": 0}, "quoteType": {"exchange": "NSI", "quoteType": "EQUITY", "symbol": "MITTAL.NS", "underlyingSymbol": "MITTAL.NS", "shortName": "MITTAL LIFE STYLE", "longName": "Mittal Life Style Limited", "firstTradeDateEpochUtc": "2018-04-16 09:15:00", "timeZoneFullName": "Asia/Kolkata", "timeZoneShortName": "IST", "uuid": "b0318ee1-3e14-3f2c-b86a-b1bf8c32acda", "gmtOffSetMilliseconds": 19800000, "maxAge": 1}, "incomeStatementHistory": {"incomeStatementHistory": [{"maxAge": 1, "endDate": "2020-03-31", "totalRevenue": 983283723, "costOfRevenue": 944734064, "grossProfit": 38549659, "researchDevelopment": {}, "sellingGeneralAdministrative": 7008410, "nonRecurring": {}, "otherOperatingExpenses": 4504391, "totalOperatingExpenses": 957361514, "operatingIncome": 25922209, "totalOtherIncomeExpenseNet": -4767950, "ebit": 25922209, "interestExpense": -3927803, "incomeBeforeTax": 21154259, "incomeTaxExpense": 5906616, "minorityInterest": {}, "netIncomeFromContinuingOps": 15247643, "discontinuedOperations": {}, "extraordinaryItems": {}, "effectOfAccountingCharges": {}, "otherItems": {}, "netIncome": 15247643, "netIncomeApplicableToCommonShares": 15247643}, {"maxAge": 1, "endDate": "2019-03-31", "totalRevenue": 897404794, "costOfRevenue": 868549109, "grossProfit": 28855685, "researchDevelopment": {}, "sellingGeneralAdministrative": 5451171, "nonRecurring": {}, "otherOperatingExpenses": -5222232, "totalOperatingExpenses": 870206161, "operatingIncome": 27198633, "totalOtherIncomeExpenseNet": -6423308, "ebit": 27198633, "interestExpense": -5968762, "incomeBeforeTax": 20775325, "incomeTaxExpense": 5639564, "minorityInterest": {}, "netIncomeFromContinuingOps": 15135761, "discontinuedOperations": {}, "extraordinaryItems": {}, "effectOfAccountingCharges": {}, "otherItems": {}, "netIncome": 15135761, "netIncomeApplicableToCommonShares": 15135761}, {"maxAge": 1, "endDate": "2018-03-31", "totalRevenue": 801321803, "costOfRevenue": 767884964, "grossProfit": 33436839, "researchDevelopment": {}, "sellingGeneralAdministrative": 4293411, "nonRecurring": {}, "otherOperatingExpenses": -3033690, "totalOperatingExpenses": 771426872, "operatingIncome": 29894931, "totalOtherIncomeExpenseNet": -7576811, "ebit": 29894931, "interestExpense": -6916251, "incomeBeforeTax": 22318120, "incomeTaxExpense": 9009475, "minorityInterest": {}, "netIncomeFromContinuingOps": 13308645, "discontinuedOperations": {}, "extraordinaryItems": {}, "effectOfAccountingCharges": {}, "otherItems": {}, "netIncome": 13308645, "netIncomeApplicableToCommonShares": 13308645}, {"maxAge": 1, "endDate": "2017-03-31", "totalRevenue": 785677560, "costOfRevenue": 774956199, "grossProfit": 10721361, "researchDevelopment": {}, "sellingGeneralAdministrative": 1524937, "nonRecurring": {}, "otherOperatingExpenses": -7140023, "totalOperatingExpenses": 770421666, "operatingIncome": 15255894, "totalOtherIncomeExpenseNet": -10471686, "ebit": 15255894, "interestExpense": -9714901, "incomeBeforeTax": 4784208, "incomeTaxExpense": 0, "minorityInterest": {}, "netIncomeFromContinuingOps": 4784208, "discontinuedOperations": {}, "extraordinaryItems": {}, "effectOfAccountingCharges": {}, "otherItems": {}, "netIncome": 4784208, "netIncomeApplicableToCommonShares": 4784208}], "maxAge": 86400}, "fundOwnership": {"ownershipList": [], "maxAge": 1}, "summaryDetail": {"maxAge": 1, "priceHint": 2, "previousClose": 10.35, "open": 10.5, "dayLow": 10.1, "dayHigh": 10.5, "regularMarketPreviousClose": 10.35, "regularMarketOpen": 10.5, "regularMarketDayLow": 10.1, "regularMarketDayHigh": 10.5, "exDividendDate": "2018-12-10 05:30:00", "payoutRatio": 0.0, "beta": 0.62356, "trailingPE": 13.181818, "volume": 40487, "regularMarketVolume": 40487, "averageVolume": 93529, "averageVolume10days": 51647, "averageDailyVolume10Day": 51647, "bid": 0.0, "ask": 0.0, "marketCap": 119262496, "fiftyTwoWeekLow": 9.7, "fiftyTwoWeekHigh": 160.75, "priceToSalesTrailing12Months": 0.21659292, "fiftyDayAverage": 10.901515, "twoHundredDayAverage": 13.775357, "currency": "INR", "fromCurrency": null, "lastMarket": null, "algorithm": null, "tradeable": false}, "incomeStatementHistoryQuarterly": {"incomeStatementHistory": [{"maxAge": 1, "endDate": "2020-12-31", "totalRevenue": 174212000, "costOfRevenue": 173988000, "grossProfit": 224000, "researchDevelopment": {}, "sellingGeneralAdministrative": 1082000, "nonRecurring": {}, "otherOperatingExpenses": -2925000, "totalOperatingExpenses": 172299000, "operatingIncome": 1913000, "totalOtherIncomeExpenseNet": -906000, "ebit": 1913000, "interestExpense": -906000, "incomeBeforeTax": 1007000, "incomeTaxExpense": 308000, "minorityInterest": {}, "netIncomeFromContinuingOps": 699000, "discontinuedOperations": {}, "extraordinaryItems": {}, "effectOfAccountingCharges": {}, "otherItems": {}, "netIncome": 699000, "netIncomeApplicableToCommonShares": 699000}, {"maxAge": 1, "endDate": "2020-09-30", "totalRevenue": 69933000, "costOfRevenue": 66030000, "grossProfit": 3903000, "researchDevelopment": {}, "sellingGeneralAdministrative": 753000, "nonRecurring": {}, "otherOperatingExpenses": 496000, "totalOperatingExpenses": 67491000, "operatingIncome": 2442000, "totalOtherIncomeExpenseNet": -1993000, "ebit": 2442000, "interestExpense": -1993000, "incomeBeforeTax": 449000, "incomeTaxExpense": 97000, "minorityInterest": {}, "netIncomeFromContinuingOps": 352000, "discontinuedOperations": {}, "extraordinaryItems": {}, "effectOfAccountingCharges": {}, "otherItems": {}, "netIncome": 352000, "netIncomeApplicableToCommonShares": 352000}, {"maxAge": 1, "endDate": "2020-06-30", "totalRevenue": 45646000, "costOfRevenue": 43021000, "grossProfit": 2625000, "researchDevelopment": {}, "sellingGeneralAdministrative": 387000, "nonRecurring": {}, "otherOperatingExpenses": 943000, "totalOperatingExpenses": 44531000, "operatingIncome": 1115000, "totalOtherIncomeExpenseNet": -670000, "ebit": 1115000, "interestExpense": -670000, "incomeBeforeTax": 445000, "incomeTaxExpense": 125000, "minorityInterest": {}, "netIncomeFromContinuingOps": 320000, "discontinuedOperations": {}, "extraordinaryItems": {}, "effectOfAccountingCharges": {}, "otherItems": {}, "netIncome": 320000, "netIncomeApplicableToCommonShares": 320000}, {"maxAge": 1, "endDate": "2019-12-31", "totalRevenue": 253302000, "costOfRevenue": 243233000, "grossProfit": 10069000, "researchDevelopment": {}, "sellingGeneralAdministrative": 3106000, "nonRecurring": {}, "otherOperatingExpenses": 1718000, "totalOperatingExpenses": 248356000, "operatingIncome": 4946000, "totalOtherIncomeExpenseNet": -707000, "ebit": 4946000, "interestExpense": -706000, "incomeBeforeTax": 4239000, "incomeTaxExpense": 1087000, "minorityInterest": {}, "netIncomeFromContinuingOps": 3152000, "discontinuedOperations": {}, "extraordinaryItems": {}, "effectOfAccountingCharges": {}, "otherItems": {}, "netIncome": 3152000, "netIncomeApplicableToCommonShares": 3152000}], "maxAge": 86400}, "cashflowStatementHistoryQuarterly": {"cashflowStatements": [{"maxAge": 1, "endDate": "2020-12-31", "netIncome": 699000, "changeToLiabilities": 0}, {"maxAge": 1, "endDate": "2020-09-30", "netIncome": 352000, "changeToLiabilities": 0}, {"maxAge": 1, "endDate": "2020-06-30", "netIncome": 320000, "changeToLiabilities": 0}, {"maxAge": 1, "endDate": "2019-12-31", "netIncome": 3152000, "changeToLiabilities": 0}], "maxAge": 86400}, "insiderHolders": {"holders": [], "maxAge": 1}, "calendarEvents": {"maxAge": 1, "earnings": {"earningsDate": []}, "exDividendDate": "2018-12-10 05:30:00"}, "upgradeDowngradeHistory": {"history": [], "maxAge": 86400}, "price": {"maxAge": 1, "regularMarketChangePercent": -0.019323744, "regularMarketChange": -0.20000076, "regularMarketTime": "2021-04-30 15:29:27", "priceHint": 2, "regularMarketPrice": 10.15, "regularMarketDayHigh": 10.5, "regularMarketDayLow": 10.1, "regularMarketVolume": 40487, "averageDailyVolume10Day": 51647, "averageDailyVolume3Month": 93529, "regularMarketPreviousClose": 10.35, "regularMarketSource": "FREE_REALTIME", "regularMarketOpen": 10.5, "exchange": "NSI", "exchangeName": "NSE", "exchangeDataDelayedBy": 15, "marketState": "CLOSED", "quoteType": "EQUITY", "symbol": "MITTAL.NS", "underlyingSymbol": null, "shortName": "MITTAL LIFE STYLE", "longName": "Mittal Life Style Limited", "currency": "INR", "quoteSourceName": "Delayed Quote", "currencySymbol": "\u20b9", "fromCurrency": null, "lastMarket": null, "marketCap": 119262496}, "balanceSheetHistory": {"balanceSheetStatements": [{"maxAge": 1, "endDate": "2020-03-31", "cash": 2218627, "netReceivables": 254347988, "inventory": 50128983, "otherCurrentAssets": 5643762, "totalCurrentAssets": 312404480, "propertyPlantEquipment": 2175476, "otherAssets": 599189, "deferredLongTermAssetCharges": 599189, "totalAssets": 315179145, "accountsPayable": 107369791, "otherCurrentLiab": 5383401, "longTermDebt": 1, "totalCurrentLiabilities": 181079243, "totalLiab": 181079244, "commonStock": 117500000, "retainedEarnings": 16599901, "totalStockholderEquity": 134099901, "netTangibleAssets": 134099901}, {"maxAge": 1, "endDate": "2019-03-31", "cash": 6092343, "netReceivables": 195647075, "inventory": 21510106, "otherCurrentAssets": 13735351, "totalCurrentAssets": 237091119, "propertyPlantEquipment": 2913671, "otherAssets": 504001, "deferredLongTermAssetCharges": 504001, "totalAssets": 240508791, "accountsPayable": 49542845, "otherCurrentLiab": 13573860, "longTermDebt": 37588093, "totalCurrentLiabilities": 84070010, "totalLiab": 121658103, "commonStock": 70500000, "retainedEarnings": 29137228, "capitalSurplus": 19213460, "totalStockholderEquity": 118850688, "netTangibleAssets": 118850688}, {"maxAge": 1, "endDate": "2018-03-31", "cash": 45742102, "netReceivables": 156625223, "inventory": 39924919, "otherCurrentAssets": 8194490, "totalCurrentAssets": 250486734, "propertyPlantEquipment": 4112478, "otherAssets": 343565, "deferredLongTermAssetCharges": 343565, "totalAssets": 254942777, "accountsPayable": 42741759, "otherCurrentLiab": 7700000, "longTermDebt": 48760543, "totalCurrentLiabilities": 96317733, "totalLiab": 145078276, "commonStock": 70500000, "retainedEarnings": 18251041, "capitalSurplus": 21113460, "totalStockholderEquity": 109864501, "netTangibleAssets": 109864501}, {"maxAge": 1, "endDate": "2017-03-31", "cash": 1877706, "netReceivables": 126039372, "inventory": 37137781, "otherCurrentAssets": 543714, "totalCurrentAssets": 165598573, "propertyPlantEquipment": 5977096, "totalAssets": 171575669, "accountsPayable": 42928265, "longTermDebt": 32685911, "totalCurrentLiabilities": 84447362, "totalLiab": 117133273, "commonStock": 49500000, "retainedEarnings": 4942396, "totalStockholderEquity": 54442396, "netTangibleAssets": 54442396}], "maxAge": 86400}, "financialData": {"maxAge": 86400, "currentPrice": 10.15, "recommendationKey": "none", "totalCash": 3016483, "totalCashPerShare": 0.259, "ebitda": 19253320, "totalDebt": 112611072, "totalRevenue": 550629696, "debtToEquity": 83.781, "revenuePerShare": 47.683, "grossProfits": 38549659, "earningsGrowth": -0.778, "revenueGrowth": -0.312, "grossMargins": 0.0387, "ebitdaMargins": 0.03497, "operatingMargins": 0.0337, "profitMargins": 0.01615, "financialCurrency": "INR"}}}