{"MKEXIM.BO": {"cashflowStatementHistory": {"cashflowStatements": [{"maxAge": 1, "endDate": "2020-03-31", "netIncome": 21670578, "depreciation": 9526840, "changeToNetincome": 25438703, "changeToAccountReceivables": -59269343, "changeToLiabilities": 0, "changeToInventory": -4622199, "changeToOperatingActivities": 46436145, "totalCashFromOperatingActivities": 39180724, "capitalExpenditures": -47843513, "investments": -26368912, "totalCashflowsFromInvestingActivities": -74212425, "netBorrowings": 30556013, "totalCashFromFinancingActivities": 30556013, "changeInCash": -4475688}, {"maxAge": 1, "endDate": "2019-03-31", "netIncome": 4925370, "depreciation": 7154841, "changeToNetincome": 1874836, "changeToAccountReceivables": 36012867, "changeToLiabilities": 0, "changeToInventory": -28770149, "changeToOperatingActivities": -13138287, "totalCashFromOperatingActivities": 8059478, "capitalExpenditures": -8800514, "investments": 3423752, "otherCashflowsFromInvestingActivities": 157848, "totalCashflowsFromInvestingActivities": -2718914, "netBorrowings": -5350824, "totalCashFromFinancingActivities": -5350824, "changeInCash": -10260}, {"maxAge": 1, "endDate": "2018-03-31", "netIncome": 3839476, "depreciation": 8371635, "changeToNetincome": 2055660, "changeToAccountReceivables": 172785228, "changeToLiabilities": 0, "changeToInventory": 8974036, "changeToOperatingActivities": -192823371, "totalCashFromOperatingActivities": 3202664, "capitalExpenditures": -1653488, "investments": -665105, "otherCashflowsFromInvestingActivities": 858423, "totalCashflowsFromInvestingActivities": -1316170, "netBorrowings": -2246482, "otherCashflowsFromFinancingActivities": -1262568, "totalCashFromFinancingActivities": -3509050, "changeInCash": -1622556}, {"maxAge": 1, "endDate": "2017-03-31", "netIncome": 8263794, "depreciation": 9665000, "changeToNetincome": 5327206, "changeToAccountReceivables": 143681000, "changeToLiabilities": 0, "changeToInventory": -16537000, "changeToOperatingActivities": -129279000, "totalCashFromOperatingActivities": 21121000, "capitalExpenditures": -5079000, "investments": -1312000, "otherCashflowsFromInvestingActivities": 858423, "totalCashflowsFromInvestingActivities": -6391000, "netBorrowings": -14233000, "otherCashflowsFromFinancingActivities": -2381000, "totalCashFromFinancingActivities": -16614000, "changeInCash": -1884000}], "maxAge": 86400}, "institutionOwnership": {"ownershipList": [], "maxAge": 1}, "balanceSheetHistoryQuarterly": {"balanceSheetStatements": [{"maxAge": 1, "endDate": "2020-06-30", "totalStockholderEquity": 275983530, "netTangibleAssets": 275983530}, {"maxAge": 1, "endDate": "2020-03-31", "cash": -3408486, "netReceivables": 243379588, "inventory": 69379975, "totalCurrentAssets": 309473608, "longTermInvestments": 27105377, "propertyPlantEquipment": 84143079, "otherAssets": 6839831, "totalAssets": 427561895, "accountsPayable": 47120694, "shortLongTermDebt": 11287435, "otherCurrentLiab": 8865639, "longTermDebt": 34942418, "otherLiab": 1071191, "minorityInterest": 15303550, "totalCurrentLiabilities": 100261206, "totalLiab": 136274815, "commonStock": 71805000, "retainedEarnings": 146887385, "treasuryStock": 3808845, "capitalSurplus": 53482300, "otherStockholderEquity": 3808845, "totalStockholderEquity": 275983530, "netTangibleAssets": 275983530}, {"maxAge": 1, "endDate": "2019-12-31", "totalStockholderEquity": 235829696, "netTangibleAssets": 235829696}, {"maxAge": 1, "endDate": "2019-09-30", "cash": 579628, "netReceivables": 205063338, "inventory": 48440847, "otherCurrentAssets": 14121037, "totalCurrentAssets": 268204850, "longTermInvestments": 1314000, "propertyPlantEquipment": 47200902, "otherAssets": 8938665, "totalAssets": 325658417, "accountsPayable": 10569210, "shortLongTermDebt": 1608596, "otherCurrentLiab": 5693564, "longTermDebt": 17004052, "otherLiab": -164259, "minorityInterest": 25091849, "totalCurrentLiabilities": 47897079, "totalLiab": 64736872, "commonStock": 71805000, "treasuryStock": 164024696, "otherStockholderEquity": 164024696, "totalStockholderEquity": 235829696, "netTangibleAssets": 235829696}], "maxAge": 86400}, "indexTrend": {"maxAge": 1, "symbol": "SP5", "peRatio": 19.7411, "pegRatio": 1.34172, "estimates": [{"period": "0q", "growth": 0.549}, {"period": "+1q", "growth": 0.431}, {"period": "0y", "growth": 0.305}, {"period": "+1y", "growth": 0.109}, {"period": "+5y", "growth": 0.120859005}, {"period": "-5y"}]}, "insiderTransactions": {"transactions": [{"maxAge": 1, "shares": 358880, "filerUrl": "", "transactionText": "", "filerName": "Dialani (Murli Wadhumal)", "filerRelation": "Additonal Director", "moneyText": "", "startDate": "2019-12-24", "ownership": "D"}, {"maxAge": 1, "shares": 65000, "filerUrl": "", "transactionText": "", "filerName": "Dialani (Lajwanti Murlidhar)", "filerRelation": "Promoter", "moneyText": "", "startDate": "2018-11-29", "ownership": "D"}, {"maxAge": 1, "shares": 300000, "filerUrl": "", "transactionText": "", "filerName": "Dialani (Murli Wadhumal)", "filerRelation": "Promoter", "moneyText": "", "startDate": "2018-11-29", "ownership": "D"}, {"maxAge": 1, "shares": 80000, "filerUrl": "", "transactionText": "", "filerName": "Khanchandani (Sunny)", "filerRelation": "Promoter", "moneyText": "", "startDate": "2018-11-29", "ownership": "D"}, {"maxAge": 1, "shares": 65000, "filerUrl": "", "transactionText": "", "filerName": "Khanchandani (Sunny)", "filerRelation": "Promoter", "moneyText": "", "startDate": "2018-11-29", "ownership": "D"}, {"maxAge": 1, "shares": 70000, "filerUrl": "", "transactionText": "", "filerName": "Dialani (Reshma Manish)", "filerRelation": "Promoter", "moneyText": "", "startDate": "2018-11-20", "ownership": "D"}, {"maxAge": 1, "shares": 70000, "filerUrl": "", "transactionText": "", "filerName": "Khanchandani (Sunny)", "filerRelation": "Promoter", "moneyText": "", "startDate": "2018-11-20", "ownership": "D"}, {"maxAge": 1, "shares": 134985, "filerUrl": "", "transactionText": "", "filerName": "Dialani (Murli Wadhumal)", "filerRelation": "UNREPORTED", "moneyText": "", "startDate": "2017-12-28", "ownership": "D"}, {"maxAge": 1, "shares": 134985, "filerUrl": "", "transactionText": "", "filerName": "Khanchandani (Nitin)", "filerRelation": "Promoter", "moneyText": "", "startDate": "2017-12-28", "ownership": "D"}, {"maxAge": 1, "shares": 340000, "filerUrl": "", "transactionText": "", "filerName": "Dialani (Manish Murlidhar)", "filerRelation": "Managing Director", "moneyText": "", "startDate": "2016-07-13", "ownership": "D"}, {"maxAge": 1, "shares": 340000, "filerUrl": "", "transactionText": "", "filerName": "Khanchandani (Daya Ram)", "filerRelation": "Executive Chairman", "moneyText": "", "startDate": "2016-07-13", "ownership": "D"}, {"maxAge": 1, "shares": 65000, "filerUrl": "", "transactionText": "", "filerName": "Dialani (Reshma Manish)", "filerRelation": "UNREPORTED", "moneyText": "", "startDate": "2015-07-01", "ownership": "D"}, {"maxAge": 1, "shares": 285000, "filerUrl": "", "transactionText": "", "filerName": "Dialani (Manish Murlidhar)", "filerRelation": "Director (Non-Executive)", "moneyText": "", "startDate": "2015-06-22", "ownership": "D"}, {"maxAge": 1, "shares": 389980, "filerUrl": "", "transactionText": "", "filerName": "Khanchandani (Rakhi)", "filerRelation": "UNREPORTED", "moneyText": "", "startDate": "2015-06-22", "ownership": "D"}, {"maxAge": 1, "shares": 285000, "filerUrl": "", "transactionText": "", "filerName": "Khanchandani (Shyam)", "filerRelation": "Promoter", "moneyText": "", "startDate": "2015-06-22", "ownership": "D"}], "maxAge": 1}, "quoteType": {"exchange": "BSE", "quoteType": "EQUITY", "symbol": "MKEXIM.BO", "underlyingSymbol": "MKEXIM.BO", "shortName": "M. K. Exim (India) Ltd.", "longName": "M.K. Exim (India) Limited", "firstTradeDateEpochUtc": "2007-01-17 09:15:00", "timeZoneFullName": "Asia/Kolkata", "timeZoneShortName": "IST", "uuid": "866b3e68-9f82-341a-874b-d51c89a2e136", "gmtOffSetMilliseconds": 19800000, "maxAge": 1}, "incomeStatementHistory": {"incomeStatementHistory": [{"maxAge": 1, "endDate": "2020-03-31", "totalRevenue": 529174237, "costOfRevenue": 374879538, "grossProfit": 154294699, "researchDevelopment": {}, "sellingGeneralAdministrative": 45355917, "nonRecurring": {}, "otherOperatingExpenses": 64938820, "totalOperatingExpenses": 494701115, "operatingIncome": 34473122, "totalOtherIncomeExpenseNet": 1583298, "ebit": 34473122, "interestExpense": -2752343, "incomeBeforeTax": 36056420, "incomeTaxExpense": 13618920, "minorityInterest": 15303550, "netIncomeFromContinuingOps": 22437500, "discontinuedOperations": {}, "extraordinaryItems": {}, "effectOfAccountingCharges": {}, "otherItems": {}, "netIncome": 21670578, "netIncomeApplicableToCommonShares": 21670578}, {"maxAge": 1, "endDate": "2019-03-31", "totalRevenue": 272630232, "costOfRevenue": 227796741, "grossProfit": 44833491, "researchDevelopment": {}, "sellingGeneralAdministrative": 15278087, "nonRecurring": {}, "otherOperatingExpenses": 19598738, "totalOperatingExpenses": 269828409, "operatingIncome": 2801823, "totalOtherIncomeExpenseNet": 5304605, "ebit": 2801823, "interestExpense": -2873465, "incomeBeforeTax": 8106428, "incomeTaxExpense": 3042235, "minorityInterest": 4936976, "netIncomeFromContinuingOps": 5064193, "discontinuedOperations": {}, "extraordinaryItems": {}, "effectOfAccountingCharges": {}, "otherItems": {}, "netIncome": 4925370, "netIncomeApplicableToCommonShares": 4925370}, {"maxAge": 1, "endDate": "2018-03-31", "totalRevenue": 220055411, "costOfRevenue": 173611773, "grossProfit": 46443638, "researchDevelopment": {}, "sellingGeneralAdministrative": 14409904, "nonRecurring": {}, "otherOperatingExpenses": 8883318, "totalOperatingExpenses": 205276630, "operatingIncome": 14778781, "totalOtherIncomeExpenseNet": -8983776, "ebit": 14778781, "interestExpense": -5032242, "incomeBeforeTax": 5795005, "incomeTaxExpense": 1802110, "minorityInterest": 4798153, "netIncomeFromContinuingOps": 3992895, "discontinuedOperations": {}, "extraordinaryItems": {}, "effectOfAccountingCharges": {}, "otherItems": {}, "netIncome": 3839476, "netIncomeApplicableToCommonShares": 3839476}, {"maxAge": 1, "endDate": "2017-03-31", "totalRevenue": 289108941, "costOfRevenue": 255146479, "grossProfit": 33962462, "researchDevelopment": {}, "sellingGeneralAdministrative": 11043666, "nonRecurring": {}, "otherOperatingExpenses": -12154946, "totalOperatingExpenses": 263700730, "operatingIncome": 25408211, "totalOtherIncomeExpenseNet": -12568795, "ebit": 25408211, "interestExpense": -6866296, "incomeBeforeTax": 12839416, "incomeTaxExpense": 3784626, "minorityInterest": 4644734, "netIncomeFromContinuingOps": 9054790, "discontinuedOperations": {}, "extraordinaryItems": {}, "effectOfAccountingCharges": {}, "otherItems": {}, "netIncome": 8263794, "netIncomeApplicableToCommonShares": 8263794}], "maxAge": 86400}, "fundOwnership": {"ownershipList": [], "maxAge": 1}, "summaryDetail": {"maxAge": 1, "priceHint": 2, "previousClose": 30.75, "open": 32.0, "dayLow": 27.3, "dayHigh": 32.0, "regularMarketPreviousClose": 30.75, "regularMarketOpen": 32.0, "regularMarketDayLow": 27.3, "regularMarketDayHigh": 32.0, "trailingPE": 10.51394, "volume": 1433, "regularMarketVolume": 1433, "averageVolume": 5954, "averageVolume10days": 3576, "averageDailyVolume10Day": 3576, "bid": 29.95, "ask": 31.2, "bidSize": 0, "askSize": 0, "marketCap": 224749648, "fiftyTwoWeekLow": 10.95, "fiftyTwoWeekHigh": 32.0, "fiftyDayAverage": 22.536364, "twoHundredDayAverage": 20.489706, "trailingAnnualDividendRate": 0.5, "trailingAnnualDividendYield": 0.016260162, "currency": "INR", "fromCurrency": null, "lastMarket": null, "algorithm": null, "tradeable": false}, "incomeStatementHistoryQuarterly": {"incomeStatementHistory": [{"maxAge": 1, "endDate": "2020-06-30", "totalRevenue": 64260000, "costOfRevenue": 42837000, "grossProfit": 21423000, "researchDevelopment": {}, "sellingGeneralAdministrative": 3140000, "nonRecurring": {}, "otherOperatingExpenses": 13675000, "totalOperatingExpenses": 62943000, "operatingIncome": 1317000, "totalOtherIncomeExpenseNet": -888000, "ebit": 1317000, "interestExpense": -1090000, "incomeBeforeTax": 429000, "incomeTaxExpense": 0, "minorityInterest": {}, "netIncomeFromContinuingOps": 429000, "discontinuedOperations": {}, "extraordinaryItems": {}, "effectOfAccountingCharges": {}, "otherItems": {}, "netIncome": 1709000, "netIncomeApplicableToCommonShares": 1709000}, {"maxAge": 1, "endDate": "2020-03-31", "totalRevenue": 197511237, "costOfRevenue": 114190538, "grossProfit": 83320699, "researchDevelopment": {}, "sellingGeneralAdministrative": 30675917, "nonRecurring": {}, "otherOperatingExpenses": 24192820, "totalOperatingExpenses": 173330115, "operatingIncome": 24181122, "totalOtherIncomeExpenseNet": 6606298, "ebit": 24181122, "interestExpense": -1090000, "incomeBeforeTax": 30787420, "incomeTaxExpense": 13618920, "minorityInterest": 15303550, "netIncomeFromContinuingOps": 17168500, "discontinuedOperations": {}, "extraordinaryItems": {}, "effectOfAccountingCharges": {}, "otherItems": {}, "netIncome": 16957578, "netIncomeApplicableToCommonShares": 16957578}, {"maxAge": 1, "endDate": "2019-12-31", "totalRevenue": 177022000, "costOfRevenue": 131246000, "grossProfit": 45776000, "researchDevelopment": {}, "sellingGeneralAdministrative": 6798000, "nonRecurring": {}, "otherOperatingExpenses": 25816000, "totalOperatingExpenses": 165960000, "operatingIncome": 11062000, "totalOtherIncomeExpenseNet": 2127000, "ebit": 11062000, "interestExpense": -1248000, "incomeBeforeTax": 13189000, "incomeTaxExpense": 0, "minorityInterest": 15303550, "netIncomeFromContinuingOps": 13189000, "discontinuedOperations": {}, "extraordinaryItems": {}, "effectOfAccountingCharges": {}, "otherItems": {}, "netIncome": 12591000, "netIncomeApplicableToCommonShares": 12591000}, {"maxAge": 1, "endDate": "2019-09-30", "totalRevenue": 79070000, "costOfRevenue": 65027000, "grossProfit": 14043000, "researchDevelopment": {}, "sellingGeneralAdministrative": 3856000, "nonRecurring": {}, "otherOperatingExpenses": 10163000, "totalOperatingExpenses": 80624000, "operatingIncome": -1554000, "totalOtherIncomeExpenseNet": -8421000, "ebit": -1554000, "interestExpense": -623000, "incomeBeforeTax": -9975000, "incomeTaxExpense": 0, "minorityInterest": 25091849, "netIncomeFromContinuingOps": -9975000, "discontinuedOperations": {}, "extraordinaryItems": {}, "effectOfAccountingCharges": {}, "otherItems": {}, "netIncome": -9868000, "netIncomeApplicableToCommonShares": -9868000}], "maxAge": 86400}, "cashflowStatementHistoryQuarterly": {"cashflowStatements": [{"maxAge": 1, "endDate": "2020-06-30", "netIncome": 1709000, "changeToLiabilities": 0}, {"maxAge": 1, "endDate": "2020-03-31", "netIncome": 16957578, "changeToLiabilities": 0}, {"maxAge": 1, "endDate": "2019-12-31", "netIncome": 12591000, "changeToLiabilities": 0}, {"maxAge": 1, "endDate": "2019-09-30", "netIncome": -9868000, "changeToLiabilities": 0}], "maxAge": 86400}, "insiderHolders": {"holders": [{"maxAge": 1, "name": "Dialani (Lajwanti Murlidhar)", "relation": "Promoter", "url": "", "transactionDescription": "Purchase", "latestTransDate": "2018-11-29", "positionDirect": 322641, "positionDirectDate": "2018-11-29"}, {"maxAge": 1, "name": "Dialani (Manish Murlidhar)", "relation": "Managing Director", "url": "", "transactionDescription": "Purchase", "latestTransDate": "2016-07-13", "positionDirect": 653105, "positionDirectDate": "2016-07-13"}, {"maxAge": 1, "name": "Dialani (Murli Wadhumal)", "relation": "Additonal Director", "url": "", "transactionDescription": "Purchase", "latestTransDate": "2019-12-24", "positionDirect": 793865, "positionDirectDate": "2019-12-24"}, {"maxAge": 1, "name": "Dialani (Reshma Manish)", "relation": "Promoter", "url": "", "transactionDescription": "Purchase", "latestTransDate": "2018-11-20", "positionDirect": 169978, "positionDirectDate": "2018-11-20"}, {"maxAge": 1, "name": "Khanchandani (Daya Ram)", "relation": "Executive Chairman", "url": "", "transactionDescription": "Purchase", "latestTransDate": "2016-07-13", "positionDirect": 1774590, "positionDirectDate": "2016-07-13"}, {"maxAge": 1, "name": "Khanchandani (Nitin)", "relation": "Promoter", "url": "", "transactionDescription": "Sale", "latestTransDate": "2017-12-28", "positionDirect": 15, "positionDirectDate": "2017-12-28"}, {"maxAge": 1, "name": "Khanchandani (Rakhi)", "relation": "UNREPORTED", "url": "", "transactionDescription": "Sale", "latestTransDate": "2015-06-22", "positionDirect": 20, "positionDirectDate": "2015-06-22"}, {"maxAge": 1, "name": "Khanchandani (Shyam)", "relation": "Promoter", "url": "", "transactionDescription": "Sale", "latestTransDate": "2015-06-22", "positionDirect": 0, "positionDirectDate": "2015-06-22"}, {"maxAge": 1, "name": "Khanchandani (Sunny)", "relation": "Promoter", "url": "", "transactionDescription": "Sale", "latestTransDate": "2018-11-29", "positionDirect": 0, "positionDirectDate": "2018-11-29"}], "maxAge": 1}, "calendarEvents": {"maxAge": 1, "earnings": {"earningsDate": ["2020-02-08 05:30:S", "2020-02-10 05:30:S"]}}, "upgradeDowngradeHistory": {"history": [], "maxAge": 86400}, "price": {"maxAge": 1, "regularMarketChangePercent": 0.017886154, "regularMarketChange": 0.54999924, "regularMarketTime": "2021-04-30 15:16:39", "priceHint": 2, "regularMarketPrice": 31.3, "regularMarketDayHigh": 32.0, "regularMarketDayLow": 27.3, "regularMarketVolume": 1433, "averageDailyVolume10Day": 3576, "averageDailyVolume3Month": 5954, "regularMarketPreviousClose": 30.75, "regularMarketSource": "FREE_REALTIME", "regularMarketOpen": 32.0, "exchange": "BSE", "exchangeName": "BSE", "exchangeDataDelayedBy": 0, "marketState": "CLOSED", "quoteType": "EQUITY", "symbol": "MKEXIM.BO", "underlyingSymbol": null, "shortName": "M. K. Exim (India) Ltd.", "longName": "M.K. Exim (India) Limited", "currency": "INR", "quoteSourceName": "Delayed Quote", "currencySymbol": "\u20b9", "fromCurrency": null, "lastMarket": null, "marketCap": 224749648}, "balanceSheetHistory": {"balanceSheetStatements": [{"maxAge": 1, "endDate": "2020-03-31", "cash": -3408486, "netReceivables": 243379588, "inventory": 69379975, "totalCurrentAssets": 309473608, "longTermInvestments": 27105377, "propertyPlantEquipment": 84143079, "otherAssets": 6839831, "totalAssets": 427561895, "accountsPayable": 47120694, "shortLongTermDebt": 11287435, "otherCurrentLiab": 8865639, "longTermDebt": 34942418, "otherLiab": 1071191, "minorityInterest": 15303550, "totalCurrentLiabilities": 100261206, "totalLiab": 136274815, "commonStock": 71805000, "retainedEarnings": 146887385, "treasuryStock": 3808845, "capitalSurplus": 53482300, "otherStockholderEquity": 3808845, "totalStockholderEquity": 275983530, "netTangibleAssets": 275983530}, {"maxAge": 1, "endDate": "2019-03-31", "cash": 1067202, "netReceivables": 184050100, "inventory": 64757776, "totalCurrentAssets": 250057754, "longTermInvestments": 901000, "propertyPlantEquipment": 45826406, "otherAssets": 6320078, "totalAssets": 303105238, "accountsPayable": 10995290, "shortLongTermDebt": 2592618, "otherCurrentLiab": 3753983, "longTermDebt": 4386405, "otherLiab": -301802, "minorityInterest": 4936976, "totalCurrentLiabilities": 50270707, "totalLiab": 54355310, "commonStock": 71805000, "retainedEarnings": 114716807, "treasuryStock": 3808845, "capitalSurplus": 53482300, "otherStockholderEquity": 3808845, "totalStockholderEquity": 243812952, "netTangibleAssets": 243812952}, {"maxAge": 1, "endDate": "2018-03-31", "cash": 1077462, "netReceivables": 220215660, "inventory": 35987627, "totalCurrentAssets": 257692748, "longTermInvestments": 656000, "propertyPlantEquipment": 47496660, "otherAssets": 9332971, "totalAssets": 315178379, "accountsPayable": 12528561, "shortLongTermDebt": 8931503, "otherCurrentLiab": 2038482, "longTermDebt": 1899342, "otherLiab": 111483, "minorityInterest": 4798153, "totalCurrentLiabilities": 69481819, "totalLiab": 71492644, "commonStock": 71805000, "retainedEarnings": 109791437, "treasuryStock": 3808845, "capitalSurplus": 53482300, "otherStockholderEquity": 3808845, "totalStockholderEquity": 238887582, "netTangibleAssets": 238887582}, {"maxAge": 1, "endDate": "2017-03-31", "cash": 2700018, "netReceivables": 393667820, "inventory": 44961663, "totalCurrentAssets": 441517921, "longTermInvestments": 656000, "propertyPlantEquipment": 56342963, "otherAssets": 16604905, "totalAssets": 515121789, "accountsPayable": 218369929, "shortLongTermDebt": 2831025, "otherCurrentLiab": 2649374, "longTermDebt": 11983710, "otherLiab": 959690, "minorityInterest": 4644734, "totalCurrentLiabilities": 262485549, "totalLiab": 275428949, "commonStock": 71805000, "retainedEarnings": 105951961, "treasuryStock": 3808845, "capitalSurplus": 53482300, "otherStockholderEquity": 3808845, "totalStockholderEquity": 235048106, "netTangibleAssets": 235048106}], "maxAge": 86400}, "financialData": {"maxAge": 86400, "currentPrice": 31.3, "recommendationKey": "none", "grossProfits": 154294699, "financialCurrency": "INR"}}}