{"MLKFOOD.BO": {"cashflowStatementHistory": {"cashflowStatements": [{"maxAge": 1, "endDate": "2020-03-31", "netIncome": 83900000, "depreciation": 81100000, "changeToNetincome": 62000000, "changeToAccountReceivables": -111400000, "changeToLiabilities": -132500000, "changeToInventory": 95200000, "changeToOperatingActivities": 127800000, "totalCashFromOperatingActivities": 206100000, "capitalExpenditures": -221800000, "otherCashflowsFromInvestingActivities": -2600000, "totalCashflowsFromInvestingActivities": -218500000, "netBorrowings": 85800000, "otherCashflowsFromFinancingActivities": -84000000, "totalCashFromFinancingActivities": 1800000, "changeInCash": -10600000}, {"maxAge": 1, "endDate": "2019-03-31", "netIncome": 102300000, "depreciation": 68300000, "changeToNetincome": 89300000, "changeToAccountReceivables": -165600000, "changeToLiabilities": 117800000, "changeToInventory": 64600000, "changeToOperatingActivities": 62400000, "totalCashFromOperatingActivities": 339100000, "capitalExpenditures": -106900000, "otherCashflowsFromInvestingActivities": 2500000, "totalCashflowsFromInvestingActivities": -101400000, "netBorrowings": -120300000, "otherCashflowsFromFinancingActivities": -78800000, "totalCashFromFinancingActivities": -199100000, "changeInCash": 38600000}, {"maxAge": 1, "endDate": "2018-03-31", "netIncome": 81600000, "depreciation": 63500000, "changeToNetincome": 101300000, "changeToAccountReceivables": 106400000, "changeToLiabilities": 72400000, "changeToInventory": 6000000, "changeToOperatingActivities": -158200000, "totalCashFromOperatingActivities": 273000000, "capitalExpenditures": -49500000, "otherCashflowsFromInvestingActivities": 900000, "totalCashflowsFromInvestingActivities": -48200000, "netBorrowings": -123300000, "otherCashflowsFromFinancingActivities": -104700000, "totalCashFromFinancingActivities": -228000000, "changeInCash": -3200000}, {"maxAge": 1, "endDate": "2017-03-31", "netIncome": -10000000, "depreciation": 53600000, "changeToNetincome": 169700000, "changeToAccountReceivables": 8400000, "changeToLiabilities": 51400000, "changeToInventory": -123200000, "changeToOperatingActivities": 116000000, "totalCashFromOperatingActivities": 265900000, "capitalExpenditures": -88100000, "otherCashflowsFromInvestingActivities": 2500000, "totalCashflowsFromInvestingActivities": -85600000, "netBorrowings": -62000000, "otherCashflowsFromFinancingActivities": -123700000, "totalCashFromFinancingActivities": -185700000, "changeInCash": -5400000}], "maxAge": 86400}, "institutionOwnership": {"maxAge": 1, "ownershipList": []}, "balanceSheetHistoryQuarterly": {"balanceSheetStatements": [{"maxAge": 1, "endDate": "2020-06-30", "totalStockholderEquity": 1166700000, "netTangibleAssets": 1166700000}, {"maxAge": 1, "endDate": "2020-03-31", "cash": 35500000, "netReceivables": 377900000, "inventory": 585700000, "otherCurrentAssets": 20700000, "totalCurrentAssets": 1027900000, "propertyPlantEquipment": 1842000000, "otherAssets": 131800000, "totalAssets": 3001700000, "accountsPayable": 314400000, "shortLongTermDebt": 135600000, "otherCurrentLiab": 12350000, "longTermDebt": 116200000, "otherLiab": 724000000, "totalCurrentLiabilities": 983300000, "totalLiab": 1835000000, "commonStock": 48900000, "retainedEarnings": 522200000, "treasuryStock": 528600000, "capitalSurplus": 67000000, "otherStockholderEquity": 528600000, "totalStockholderEquity": 1166700000, "netTangibleAssets": 1166700000}, {"maxAge": 1, "endDate": "2019-12-31", "totalStockholderEquity": 1158800000, "netTangibleAssets": 1158800000}, {"maxAge": 1, "endDate": "2019-09-30", "cash": 7200000, "shortTermInvestments": 800000, "netReceivables": 387100000, "inventory": 785000000, "otherCurrentAssets": 103200000, "totalCurrentAssets": 1282500000, "longTermInvestments": 100000, "propertyPlantEquipment": 1789700000, "otherAssets": 85100000, "totalAssets": 3157400000, "accountsPayable": 564700000, "shortLongTermDebt": 126700000, "otherCurrentLiab": 18900000, "longTermDebt": 141400000, "otherLiab": 690600000, "totalCurrentLiabilities": 1166600000, "totalLiab": 1998600000, "commonStock": 48900000, "treasuryStock": 1109900000, "otherStockholderEquity": 1109900000, "totalStockholderEquity": 1158800000, "netTangibleAssets": 1158800000}], "maxAge": 86400}, "indexTrend": {"maxAge": 1, "symbol": "SP5", "peRatio": 19.7411, "pegRatio": 1.34172, "estimates": [{"period": "0q", "growth": 0.549}, {"period": "+1q", "growth": 0.431}, {"period": "0y", "growth": 0.305}, {"period": "+1y", "growth": 0.109}, {"period": "+5y", "growth": 0.120859005}, {"period": "-5y"}]}, "insiderTransactions": {"transactions": [{"maxAge": 1, "shares": 13500, "filerUrl": "", "transactionText": "", "filerName": "Sudha Commercial Co Ltd", "filerRelation": "Institution- Corporation", "moneyText": "", "startDate": "2012-01-16", "ownership": "D"}, {"maxAge": 1, "shares": 34000, "filerUrl": "", "transactionText": "", "filerName": "Sudha Commercial Co Ltd", "filerRelation": "Institution- Corporation", "moneyText": "", "startDate": "2012-01-13", "ownership": "D"}, {"maxAge": 1, "shares": 51980, "filerUrl": "", "transactionText": "", "filerName": "Sudha Commercial Co Ltd", "filerRelation": "Institution- Corporation", "moneyText": "", "startDate": "2011-12-27", "ownership": "D"}, {"maxAge": 1, "shares": 4060, "filerUrl": "", "transactionText": "", "filerName": "Pinnacle Trades & Investments Ltd", "filerRelation": "Institution- Corporation", "moneyText": "", "startDate": "2011-09-26", "ownership": "D"}, {"maxAge": 1, "shares": 195440, "filerUrl": "", "transactionText": "", "filerName": "Pinnacle Trades & Investments Ltd", "filerRelation": "Institution- Corporation", "moneyText": "", "startDate": "2011-09-26", "ownership": "D"}, {"maxAge": 1, "shares": 182533, "filerUrl": "", "transactionText": "", "filerName": "Pinnacle Trades & Investments Ltd", "filerRelation": "Institution- Corporation", "moneyText": "", "startDate": "2011-03-31", "ownership": "D"}, {"maxAge": 1, "shares": 22337, "filerUrl": "", "transactionText": "", "filerName": "Pinnacle Trades & Investments Ltd", "filerRelation": "Institution- Corporation", "moneyText": "", "startDate": "2011-03-31", "ownership": "D"}], "maxAge": 1}, "quoteType": {"exchange": "BSE", "quoteType": "EQUITY", "symbol": "MLKFOOD.BO", "underlyingSymbol": "MLKFOOD.BO", "shortName": "MILKFOOD LTD.", "longName": "Milkfood Limited", "firstTradeDateEpochUtc": "2002-07-03 09:15:00", "timeZoneFullName": "Asia/Kolkata", "timeZoneShortName": "IST", "uuid": "81937afd-6141-36eb-8be3-cd18af076707", "messageBoardId": null, "gmtOffSetMilliseconds": 19800000, "maxAge": 1}, "incomeStatementHistory": {"incomeStatementHistory": [{"maxAge": 1, "endDate": "2020-03-31", "totalRevenue": 5514100000, "costOfRevenue": 4806900000, "grossProfit": 707200000, "researchDevelopment": {}, "sellingGeneralAdministrative": 217700000, "nonRecurring": {}, "otherOperatingExpenses": 242800000, "totalOperatingExpenses": 5348500000, "operatingIncome": 165600000, "totalOtherIncomeExpenseNet": -77900000, "ebit": 165600000, "interestExpense": -79200000, "incomeBeforeTax": 87700000, "incomeTaxExpense": 3800000, "minorityInterest": {}, "netIncomeFromContinuingOps": 83900000, "discontinuedOperations": {}, "extraordinaryItems": {}, "effectOfAccountingCharges": {}, "otherItems": {}, "netIncome": 83900000, "netIncomeApplicableToCommonShares": 83900000}, {"maxAge": 1, "endDate": "2019-03-31", "totalRevenue": 5305900000, "costOfRevenue": 4594400000, "grossProfit": 711500000, "researchDevelopment": {}, "sellingGeneralAdministrative": 224600000, "nonRecurring": {}, "otherOperatingExpenses": 207600000, "totalOperatingExpenses": 5094900000, "operatingIncome": 211000000, "totalOtherIncomeExpenseNet": -77400000, "ebit": 211000000, "interestExpense": -73300000, "incomeBeforeTax": 133600000, "incomeTaxExpense": 31300000, "minorityInterest": {}, "netIncomeFromContinuingOps": 102300000, "discontinuedOperations": {}, "extraordinaryItems": {}, "effectOfAccountingCharges": {}, "otherItems": {}, "netIncome": 102300000, "netIncomeApplicableToCommonShares": 102300000}, {"maxAge": 1, "endDate": "2018-03-31", "totalRevenue": 4910400000, "costOfRevenue": 4292200000, "grossProfit": 618200000, "researchDevelopment": {}, "sellingGeneralAdministrative": 159100000, "nonRecurring": {}, "otherOperatingExpenses": 194800000, "totalOperatingExpenses": 4709600000, "operatingIncome": 200800000, "totalOtherIncomeExpenseNet": -103800000, "ebit": 200800000, "interestExpense": -94900000, "incomeBeforeTax": 97000000, "incomeTaxExpense": 15400000, "minorityInterest": {}, "netIncomeFromContinuingOps": 81600000, "discontinuedOperations": {}, "extraordinaryItems": {}, "effectOfAccountingCharges": {}, "otherItems": {}, "netIncome": 81600000, "netIncomeApplicableToCommonShares": 81600000}, {"maxAge": 1, "endDate": "2017-03-31", "totalRevenue": 3887800000, "costOfRevenue": 3375100000, "grossProfit": 512700000, "researchDevelopment": {}, "sellingGeneralAdministrative": 132000000, "nonRecurring": {}, "otherOperatingExpenses": 164800000, "totalOperatingExpenses": 3726100000, "operatingIncome": 161700000, "totalOtherIncomeExpenseNet": -162500000, "ebit": 161700000, "interestExpense": -111500000, "incomeBeforeTax": -800000, "incomeTaxExpense": 9200000, "minorityInterest": {}, "netIncomeFromContinuingOps": -10000000, "discontinuedOperations": {}, "extraordinaryItems": {}, "effectOfAccountingCharges": {}, "otherItems": {}, "netIncome": -10000000, "netIncomeApplicableToCommonShares": -10000000}], "maxAge": 86400}, "fundOwnership": {"maxAge": 1, "ownershipList": []}, "summaryDetail": {"maxAge": 1, "priceHint": 2, "previousClose": 316.3, "open": 320.0, "dayLow": 317.5, "dayHigh": 320.0, "regularMarketPreviousClose": 316.3, "regularMarketOpen": 320.0, "regularMarketDayLow": 317.5, "regularMarketDayHigh": 320.0, "trailingPE": 29.38836, "volume": 221, "regularMarketVolume": 221, "averageVolume": 1059, "averageVolume10days": 573, "averageDailyVolume10Day": 573, "bid": 317.5, "ask": 318.95, "bidSize": 0, "askSize": 0, "marketCap": 1551933312, "fiftyTwoWeekLow": 317.5, "fiftyTwoWeekHigh": 580.0, "fiftyDayAverage": 388.27, "twoHundredDayAverage": 393.34415, "currency": "INR", "fromCurrency": null, "toCurrency": null, "lastMarket": null, "algorithm": null, "tradeable": false}, "incomeStatementHistoryQuarterly": {"incomeStatementHistory": [{"maxAge": 1, "endDate": "2020-06-30", "totalRevenue": 803000000, "costOfRevenue": 668500000, "grossProfit": 134500000, "researchDevelopment": {}, "sellingGeneralAdministrative": 52900000, "nonRecurring": {}, "otherOperatingExpenses": 37300000, "totalOperatingExpenses": 780500000, "operatingIncome": 22500000, "totalOtherIncomeExpenseNet": -21000000, "ebit": 22500000, "interestExpense": -22600000, "incomeBeforeTax": 1500000, "incomeTaxExpense": 700000, "minorityInterest": {}, "netIncomeFromContinuingOps": 800000, "discontinuedOperations": {}, "extraordinaryItems": {}, "effectOfAccountingCharges": {}, "otherItems": {}, "netIncome": 800000, "netIncomeApplicableToCommonShares": 800000}, {"maxAge": 1, "endDate": "2020-03-31", "totalRevenue": 1061800000, "costOfRevenue": 916648000, "grossProfit": 145152000, "researchDevelopment": {}, "sellingGeneralAdministrative": 33000000, "nonRecurring": {}, "otherOperatingExpenses": 92352000, "totalOperatingExpenses": 1060000000, "operatingIncome": 1800000, "totalOtherIncomeExpenseNet": -21400000, "ebit": 1800000, "interestExpense": -20400000, "incomeBeforeTax": -19600000, "incomeTaxExpense": -19100000, "minorityInterest": {}, "netIncomeFromContinuingOps": -500000, "discontinuedOperations": {}, "extraordinaryItems": {}, "effectOfAccountingCharges": {}, "otherItems": {}, "netIncome": -500000, "netIncomeApplicableToCommonShares": -500000}, {"maxAge": 1, "endDate": "2019-12-31", "totalRevenue": 1737000000, "costOfRevenue": 1580000000, "grossProfit": 157000000, "researchDevelopment": {}, "sellingGeneralAdministrative": 59800000, "nonRecurring": {}, "otherOperatingExpenses": 40100000, "totalOperatingExpenses": 1706200000, "operatingIncome": 30800000, "totalOtherIncomeExpenseNet": -20500000, "ebit": 30800000, "interestExpense": -22300000, "incomeBeforeTax": 10300000, "incomeTaxExpense": 3500000, "minorityInterest": {}, "netIncomeFromContinuingOps": 6800000, "discontinuedOperations": {}, "extraordinaryItems": {}, "effectOfAccountingCharges": {}, "otherItems": {}, "netIncome": 6800000, "netIncomeApplicableToCommonShares": 6800000}, {"maxAge": 1, "endDate": "2019-09-30", "totalRevenue": 1389600000, "costOfRevenue": 1180000000, "grossProfit": 209600000, "researchDevelopment": {}, "sellingGeneralAdministrative": 61200000, "nonRecurring": {}, "otherOperatingExpenses": 54900000, "totalOperatingExpenses": 1314300000, "operatingIncome": 75300000, "totalOtherIncomeExpenseNet": -18000000, "ebit": 75300000, "interestExpense": -18200000, "incomeBeforeTax": 57300000, "incomeTaxExpense": 11300000, "minorityInterest": {}, "netIncomeFromContinuingOps": 46000000, "discontinuedOperations": {}, "extraordinaryItems": {}, "effectOfAccountingCharges": {}, "otherItems": {}, "netIncome": 46000000, "netIncomeApplicableToCommonShares": 46000000}], "maxAge": 86400}, "cashflowStatementHistoryQuarterly": {"cashflowStatements": [{"maxAge": 1, "endDate": "2020-06-30", "netIncome": 800000, "changeToLiabilities": 0}, {"maxAge": 1, "endDate": "2020-03-31", "netIncome": -500000, "changeToLiabilities": 0}, {"maxAge": 1, "endDate": "2019-12-31", "netIncome": 6800000, "changeToLiabilities": 0}, {"maxAge": 1, "endDate": "2019-09-30", "netIncome": 46000000, "changeToLiabilities": 0}], "maxAge": 86400}, "insiderHolders": {"holders": [{"maxAge": 1, "name": "Pinnacle Trades & Investments Ltd", "relation": "Institution- Corporation", "url": "", "transactionDescription": "Acquisition", "latestTransDate": "2011-09-26", "positionDirect": 293693, "positionDirectDate": "2011-09-26"}, {"maxAge": 1, "name": "Sudha Commercial Co Ltd", "relation": "Institution- Corporation", "url": "", "transactionDescription": "Acquisition", "latestTransDate": "2012-01-16", "positionDirect": 415113, "positionDirectDate": "2012-01-16"}], "maxAge": 1}, "calendarEvents": {"maxAge": 1, "earnings": {"earningsDate": ["2020-08-13 05:30:S"]}}, "price": {"maxAge": 1, "regularMarketChangePercent": 0.00411008, "regularMarketChange": 1.3000183, "regularMarketTime": "2021-04-30 15:19:37", "priceHint": 2, "regularMarketPrice": 317.6, "regularMarketDayHigh": 320.0, "regularMarketDayLow": 317.5, "regularMarketVolume": 221, "averageDailyVolume10Day": 573, "averageDailyVolume3Month": 1059, "regularMarketPreviousClose": 316.3, "regularMarketSource": "FREE_REALTIME", "regularMarketOpen": 320.0, "exchange": "BSE", "exchangeName": "BSE", "exchangeDataDelayedBy": 0, "marketState": "CLOSED", "quoteType": "EQUITY", "symbol": "MLKFOOD.BO", "underlyingSymbol": null, "shortName": "MILKFOOD LTD.", "longName": "Milkfood Limited", "currency": "INR", "quoteSourceName": "Delayed Quote", "currencySymbol": "\u20b9", "fromCurrency": null, "toCurrency": null, "lastMarket": null, "marketCap": 1551933312}, "balanceSheetHistory": {"balanceSheetStatements": [{"maxAge": 1, "endDate": "2020-03-31", "cash": 35500000, "netReceivables": 377900000, "inventory": 585700000, "otherCurrentAssets": 20700000, "totalCurrentAssets": 1027900000, "propertyPlantEquipment": 1842000000, "otherAssets": 131800000, "totalAssets": 3001700000, "accountsPayable": 314400000, "shortLongTermDebt": 135600000, "otherCurrentLiab": 12350000, "longTermDebt": 116200000, "otherLiab": 724000000, "totalCurrentLiabilities": 983300000, "totalLiab": 1835000000, "commonStock": 48900000, "retainedEarnings": 522200000, "treasuryStock": 528600000, "capitalSurplus": 67000000, "otherStockholderEquity": 528600000, "totalStockholderEquity": 1166700000, "netTangibleAssets": 1166700000}, {"maxAge": 1, "endDate": "2019-03-31", "cash": 46100000, "netReceivables": 279400000, "inventory": 680900000, "otherCurrentAssets": 51000000, "totalCurrentAssets": 1064900000, "longTermInvestments": 100000, "propertyPlantEquipment": 1679400000, "otherAssets": 81400000, "totalAssets": 2825700000, "accountsPayable": 444800000, "shortLongTermDebt": 79900000, "otherCurrentLiab": 20065000, "longTermDebt": 93300000, "otherLiab": 662800000, "totalCurrentLiabilities": 986900000, "totalLiab": 1743000000, "commonStock": 48900000, "retainedEarnings": 434100000, "treasuryStock": 532700000, "capitalSurplus": 67000000, "otherStockholderEquity": 532700000, "totalStockholderEquity": 1082700000, "netTangibleAssets": 1082700000}, {"maxAge": 1, "endDate": "2018-03-31", "cash": 7500000, "netReceivables": 86200000, "inventory": 745500000, "otherCurrentAssets": 43800000, "totalCurrentAssets": 891500000, "propertyPlantEquipment": 1648100000, "otherAssets": 52800000, "totalAssets": 2592400000, "accountsPayable": 327000000, "shortLongTermDebt": 76200000, "otherCurrentLiab": 40045000, "longTermDebt": 122500000, "otherLiab": 517300000, "totalCurrentLiabilities": 970700000, "totalLiab": 1610500000, "commonStock": 48900000, "retainedEarnings": 329200000, "treasuryStock": 536800000, "capitalSurplus": 67000000, "otherStockholderEquity": 536800000, "totalStockholderEquity": 981900000, "netTangibleAssets": 981900000}, {"maxAge": 1, "endDate": "2017-03-31", "cash": 10700000, "netReceivables": 190300000, "inventory": 751400000, "otherCurrentAssets": 5900000, "totalCurrentAssets": 968500000, "propertyPlantEquipment": 1664700000, "otherAssets": 44900000, "totalAssets": 2678100000, "accountsPayable": 254700000, "shortLongTermDebt": 93600000, "otherCurrentLiab": 9300000, "longTermDebt": 186500000, "otherLiab": 643800000, "totalCurrentLiabilities": 944400000, "totalLiab": 1774700000, "commonStock": 48900000, "retainedEarnings": 788900000, "treasuryStock": -1400000, "capitalSurplus": 67000000, "otherStockholderEquity": -1400000, "totalStockholderEquity": 903400000, "netTangibleAssets": 903400000}], "maxAge": 86400}, "financialData": {"maxAge": 86400, "currentPrice": 317.6, "recommendationKey": "none", "grossProfits": 707200000, "financialCurrency": "INR"}}}