{"MMFL.BO": {"recommendationTrend": {"trend": [{"period": "0m", "strongBuy": 0, "buy": 0, "hold": 0, "sell": 0, "strongSell": 0}, {"period": "-1m", "strongBuy": 0, "buy": 0, "hold": 0, "sell": 0, "strongSell": 0}, {"period": "-2m", "strongBuy": 0, "buy": 0, "hold": 0, "sell": 0, "strongSell": 0}, {"period": "-3m", "strongBuy": 0, "buy": 0, "hold": 0, "sell": 0, "strongSell": 0}], "maxAge": 86400}, "cashflowStatementHistory": {"cashflowStatements": [{"maxAge": 1, "endDate": "2020-03-31", "netIncome": 417119000, "depreciation": 595557000, "changeToNetincome": 241123000, "changeToAccountReceivables": 695728000, "changeToLiabilities": 210936000, "changeToInventory": 610799000, "changeToOperatingActivities": -828000, "totalCashFromOperatingActivities": 2770434000, "capitalExpenditures": -968376000, "otherCashflowsFromInvestingActivities": 162226000, "totalCashflowsFromInvestingActivities": -778587000, "dividendsPaid": -202145000, "netBorrowings": -1364529000, "otherCashflowsFromFinancingActivities": -393524000, "totalCashFromFinancingActivities": -1960198000, "changeInCash": 31649000}, {"maxAge": 1, "endDate": "2019-03-31", "netIncome": 654987000, "depreciation": 580739000, "changeToNetincome": 310185000, "changeToAccountReceivables": -277520000, "changeToLiabilities": -80942000, "changeToInventory": -677724000, "changeToOperatingActivities": -239740000, "totalCashFromOperatingActivities": 269985000, "capitalExpenditures": -3152298000, "investments": -5822000, "otherCashflowsFromInvestingActivities": 152139000, "totalCashflowsFromInvestingActivities": -3005740000, "dividendsPaid": -120704000, "netBorrowings": 3270442000, "otherCashflowsFromFinancingActivities": -336168000, "totalCashFromFinancingActivities": 2813570000, "changeInCash": 77815000}, {"maxAge": 1, "endDate": "2018-03-31", "netIncome": 605962000, "depreciation": 464397000, "changeToNetincome": -37463000, "changeToAccountReceivables": -420468000, "changeToLiabilities": 345167000, "changeToInventory": -575468000, "changeToOperatingActivities": -802203000, "totalCashFromOperatingActivities": -420076000, "capitalExpenditures": -1025939000, "investments": -41312000, "otherCashflowsFromInvestingActivities": 116581000, "totalCashflowsFromInvestingActivities": -857814000, "dividendsPaid": -72422000, "netBorrowings": 1336749000, "otherCashflowsFromFinancingActivities": -146674000, "totalCashFromFinancingActivities": 1117653000, "changeInCash": 302599000}, {"maxAge": 1, "endDate": "2017-03-31", "netIncome": 434219000, "depreciation": 389301000, "changeToNetincome": -24053000, "changeToAccountReceivables": -22686000, "changeToLiabilities": -10510000, "changeToInventory": 73510000, "changeToOperatingActivities": 232741000, "totalCashFromOperatingActivities": 1072522000, "capitalExpenditures": -805652000, "investments": -41312000, "otherCashflowsFromInvestingActivities": 110950000, "totalCashflowsFromInvestingActivities": -694677000, "dividendsPaid": -70143000, "netBorrowings": -77772000, "otherCashflowsFromFinancingActivities": -99456000, "totalCashFromFinancingActivities": -247371000, "changeInCash": 130474000}], "maxAge": 86400}, "institutionOwnership": {"ownershipList": [], "maxAge": 1}, "balanceSheetHistoryQuarterly": {"balanceSheetStatements": [{"maxAge": 1, "endDate": "2020-06-30", "totalStockholderEquity": 4571136000, "netTangibleAssets": 4571136000}, {"maxAge": 1, "endDate": "2020-03-31", "cash": 1748038000, "netReceivables": 448084000, "inventory": 1336125000, "otherCurrentAssets": 10953000, "totalCurrentAssets": 3557396000, "longTermInvestments": 32914000, "propertyPlantEquipment": 7224424000, "goodWill": 26568000, "otherAssets": 495078000, "totalAssets": 11336380000, "accountsPayable": 790305000, "shortLongTermDebt": 744986000, "otherCurrentLiab": 9852000, "longTermDebt": 3347000000, "otherLiab": 327761000, "totalCurrentLiabilities": 3111569000, "totalLiab": 6786330000, "commonStock": 241408000, "retainedEarnings": 4275742000, "treasuryStock": 460000, "capitalSurplus": 32440000, "otherStockholderEquity": 460000, "totalStockholderEquity": 4550050000, "netTangibleAssets": 4523482000}, {"maxAge": 1, "endDate": "2019-12-31", "totalStockholderEquity": 4548068000, "netTangibleAssets": 4548068000}, {"maxAge": 1, "endDate": "2019-09-30", "cash": 1663666000, "netReceivables": 849544000, "inventory": 2286761000, "otherCurrentAssets": 4964000, "totalCurrentAssets": 4804935000, "longTermInvestments": 32914000, "propertyPlantEquipment": 7112301000, "otherAssets": 313638000, "totalAssets": 12263788000, "accountsPayable": 995418000, "shortLongTermDebt": 339586000, "longTermDebt": 3955735000, "otherLiab": 276814000, "totalCurrentLiabilities": 3483171000, "totalLiab": 7715720000, "commonStock": 241408000, "treasuryStock": 4306660000, "otherStockholderEquity": 4306660000, "totalStockholderEquity": 4548068000, "netTangibleAssets": 4548068000}], "maxAge": 86400}, "earningsHistory": {"history": [{"maxAge": 1, "epsActual": {}, "epsEstimate": {}, "epsDifference": {}, "surprisePercent": {}, "quarter": {}, "period": "-4q"}, {"maxAge": 1, "epsActual": {}, "epsEstimate": {}, "epsDifference": {}, "surprisePercent": {}, "quarter": {}, "period": "-3q"}, {"maxAge": 1, "epsActual": {}, "epsEstimate": {}, "epsDifference": {}, "surprisePercent": {}, "quarter": {}, "period": "-2q"}, {"maxAge": 1, "epsActual": {}, "epsEstimate": {}, "epsDifference": {}, "surprisePercent": {}, "quarter": {}, "period": "-1q"}], "maxAge": 86400}, "indexTrend": {"maxAge": 1, "symbol": "SP5", "peRatio": 19.7411, "pegRatio": 1.34172, "estimates": [{"period": "0q", "growth": 0.549}, {"period": "+1q", "growth": 0.431}, {"period": "0y", "growth": 0.305}, {"period": "+1y", "growth": 0.109}, {"period": "+5y", "growth": 0.120865}, {"period": "-5y"}]}, "industryTrend": {"maxAge": 1, "symbol": null, "estimates": []}, "insiderTransactions": {"transactions": [{"maxAge": 1, "shares": 79, "filerUrl": "", "transactionText": "", "filerName": "Sundaram (Lakshman)", "filerRelation": "Promoter", "moneyText": "", "startDate": "2018-03-09", "ownership": "D"}, {"maxAge": 1, "shares": 1000, "filerUrl": "", "transactionText": "", "filerName": "Sundaram (Lakshman)", "filerRelation": "Promoter", "moneyText": "", "startDate": "2018-03-05", "ownership": "D"}, {"maxAge": 1, "shares": 1000, "filerUrl": "", "transactionText": "", "filerName": "Sundaram (Lakshman)", "filerRelation": "Promoter", "moneyText": "", "startDate": "2018-02-28", "ownership": "D"}, {"maxAge": 1, "shares": 1000, "filerUrl": "", "transactionText": "", "filerName": "Sundaram (Lakshman)", "filerRelation": "Promoter", "moneyText": "", "startDate": "2018-02-27", "ownership": "D"}, {"maxAge": 1, "shares": 928, "filerUrl": "", "transactionText": "", "filerName": "Sundaram (Lakshman)", "filerRelation": "Promoter", "moneyText": "", "startDate": "2018-02-26", "ownership": "D"}, {"maxAge": 1, "shares": 1791, "filerUrl": "", "transactionText": "", "filerName": "Sundaram (Lakshman)", "filerRelation": "Promoter", "moneyText": "", "startDate": "2018-02-23", "ownership": "D"}, {"maxAge": 1, "shares": 500, "filerUrl": "", "transactionText": "", "filerName": "Sundaram (Lakshman)", "filerRelation": "Promoter", "moneyText": "", "startDate": "2018-02-21", "ownership": "D"}, {"maxAge": 1, "shares": 2482, "filerUrl": "", "transactionText": "", "filerName": "Sundaram (Lakshman)", "filerRelation": "Promoter", "moneyText": "", "startDate": "2018-02-14", "ownership": "D"}, {"maxAge": 1, "shares": 14000, "filerUrl": "", "transactionText": "", "filerName": "Ramachandran (Lakshmi)", "filerRelation": "Promoter", "moneyText": "", "startDate": "2014-11-13", "ownership": "D"}, {"maxAge": 1, "shares": 18000, "filerUrl": "", "transactionText": "", "filerName": "Sundaram (Lakshman)", "filerRelation": "Promoter", "moneyText": "", "startDate": "2014-11-12", "ownership": "D"}, {"maxAge": 1, "shares": 6000, "filerUrl": "", "transactionText": "", "filerName": "Ramachandran (Lakshmi)", "filerRelation": "Promoter", "moneyText": "", "startDate": "2014-11-11", "ownership": "D"}, {"maxAge": 1, "shares": 15000, "filerUrl": "", "transactionText": "", "filerName": "Sundaram (Lakshman)", "filerRelation": "Promoter", "moneyText": "", "startDate": "2014-11-11", "ownership": "D"}, {"maxAge": 1, "shares": 32693, "filerUrl": "", "transactionText": "", "filerName": "Sundaram (Lakshman)", "filerRelation": "Promoter", "moneyText": "", "startDate": "2014-11-11", "ownership": "D"}, {"maxAge": 1, "shares": 5000, "filerUrl": "", "transactionText": "", "filerName": "Ramachandran (Lakshmi)", "filerRelation": "Promoter", "moneyText": "", "startDate": "2014-10-16", "ownership": "D"}, {"maxAge": 1, "shares": 10000, "filerUrl": "", "transactionText": "", "filerName": "Ramachandran (Lakshmi)", "filerRelation": "Promoter", "moneyText": "", "startDate": "2014-10-13", "ownership": "D"}, {"maxAge": 1, "shares": 5000, "filerUrl": "", "transactionText": "", "filerName": "Ramachandran (Lakshmi)", "filerRelation": "Promoter", "moneyText": "", "startDate": "2014-10-10", "ownership": "D"}], "maxAge": 1}, "quoteType": {"exchange": "BSE", "quoteType": "EQUITY", "symbol": "MMFL.BO", "underlyingSymbol": "MMFL.BO", "shortName": "M.M.FORGINGS LTD.", "longName": "M M Forgings Limited", "firstTradeDateEpochUtc": "2001-12-31 09:15:00", "timeZoneFullName": "Asia/Kolkata", "timeZoneShortName": "IST", "uuid": "5f367857-5528-345e-9091-993fba4ab37e", "gmtOffSetMilliseconds": 19800000, "maxAge": 1}, "incomeStatementHistory": {"incomeStatementHistory": [{"maxAge": 1, "endDate": "2020-03-31", "totalRevenue": 7691709000, "costOfRevenue": 3751866000, "grossProfit": 3939843000, "researchDevelopment": {}, "sellingGeneralAdministrative": 891085000, "nonRecurring": {}, "otherOperatingExpenses": 1726965000, "totalOperatingExpenses": 6965473000, "operatingIncome": 726236000, "totalOtherIncomeExpenseNet": -197261000, "ebit": 726236000, "interestExpense": -382979000, "incomeBeforeTax": 528975000, "incomeTaxExpense": 111856000, "minorityInterest": {}, "netIncomeFromContinuingOps": 417119000, "discontinuedOperations": {}, "extraordinaryItems": {}, "effectOfAccountingCharges": {}, "otherItems": {}, "netIncome": 417119000, "netIncomeApplicableToCommonShares": 417119000}, {"maxAge": 1, "endDate": "2019-03-31", "totalRevenue": 9341152000, "costOfRevenue": 4532298000, "grossProfit": 4808854000, "researchDevelopment": {}, "sellingGeneralAdministrative": 939370000, "nonRecurring": {}, "otherOperatingExpenses": 2122673000, "totalOperatingExpenses": 8175080000, "operatingIncome": 1166072000, "totalOtherIncomeExpenseNet": -238938000, "ebit": 1166072000, "interestExpense": -315832000, "incomeBeforeTax": 927134000, "incomeTaxExpense": 272147000, "minorityInterest": {}, "netIncomeFromContinuingOps": 654987000, "discontinuedOperations": {}, "extraordinaryItems": {}, "effectOfAccountingCharges": {}, "otherItems": {}, "netIncome": 654987000, "netIncomeApplicableToCommonShares": 654987000}, {"maxAge": 1, "endDate": "2018-03-31", "totalRevenue": 6386583000, "costOfRevenue": 2842566000, "grossProfit": 3544017000, "researchDevelopment": {}, "sellingGeneralAdministrative": 668227000, "nonRecurring": {}, "otherOperatingExpenses": 1575595000, "totalOperatingExpenses": 5550785000, "operatingIncome": 835798000, "totalOtherIncomeExpenseNet": -94052000, "ebit": 835798000, "interestExpense": -134925000, "incomeBeforeTax": 741746000, "incomeTaxExpense": 135784000, "minorityInterest": {}, "netIncomeFromContinuingOps": 605962000, "discontinuedOperations": {}, "extraordinaryItems": {}, "effectOfAccountingCharges": {}, "otherItems": {}, "netIncome": 605962000, "netIncomeApplicableToCommonShares": 605962000}, {"maxAge": 1, "endDate": "2017-03-31", "totalRevenue": 4783968000, "costOfRevenue": 2208239000, "grossProfit": 2575729000, "researchDevelopment": {}, "sellingGeneralAdministrative": 528590000, "nonRecurring": {}, "otherOperatingExpenses": 1119621000, "totalOperatingExpenses": 4245751000, "operatingIncome": 538217000, "totalOtherIncomeExpenseNet": 13221000, "ebit": 538217000, "interestExpense": -99456000, "incomeBeforeTax": 551438000, "incomeTaxExpense": 117219000, "minorityInterest": {}, "netIncomeFromContinuingOps": 434219000, "discontinuedOperations": {}, "extraordinaryItems": {}, "effectOfAccountingCharges": {}, "otherItems": {}, "netIncome": 434219000, "netIncomeApplicableToCommonShares": 434219000}], "maxAge": 86400}, "fundOwnership": {"ownershipList": [{"maxAge": 1, "reportDate": "2020-06-30", "organization": "Matthews International Fds-Matthews Asia Small Companies Fd", "pctHeld": 0.003, "position": 71268, "value": 13148946}], "maxAge": 1}, "summaryDetail": {"maxAge": 1, "priceHint": 2, "previousClose": 472.95, "open": 473.0, "dayLow": 445.0, "dayHigh": 473.5, "regularMarketPreviousClose": 472.95, "regularMarketOpen": 473.0, "regularMarketDayLow": 445.0, "regularMarketDayHigh": 473.5, "trailingPE": 58.306293, "forwardPE": 8.988596, "volume": 1681, "regularMarketVolume": 1681, "averageVolume": 2499, "averageVolume10days": 2015, "averageDailyVolume10Day": 2015, "bid": 442.25, "ask": 464.0, "bidSize": 0, "askSize": 0, "marketCap": 10845254656, "fiftyTwoWeekLow": 151.0, "fiftyTwoWeekHigh": 518.35, "fiftyDayAverage": 442.76062, "twoHundredDayAverage": 338.5912, "trailingAnnualDividendRate": 7.5, "trailingAnnualDividendYield": 0.015857913, "currency": "INR", "fromCurrency": null, "lastMarket": null, "algorithm": null, "tradeable": false}, "sectorTrend": {"maxAge": 1, "symbol": null, "estimates": []}, "incomeStatementHistoryQuarterly": {"incomeStatementHistory": [{"maxAge": 1, "endDate": "2020-06-30", "totalRevenue": 808312000, "costOfRevenue": 514873000, "grossProfit": 293439000, "researchDevelopment": {}, "sellingGeneralAdministrative": 123410000, "nonRecurring": {}, "otherOperatingExpenses": 104171000, "totalOperatingExpenses": 888872000, "operatingIncome": -80560000, "totalOtherIncomeExpenseNet": 773000, "ebit": -80560000, "interestExpense": -80172000, "incomeBeforeTax": -79787000, "incomeTaxExpense": 0, "minorityInterest": {}, "netIncomeFromContinuingOps": -79787000, "discontinuedOperations": {}, "extraordinaryItems": {}, "effectOfAccountingCharges": {}, "otherItems": {}, "netIncome": -79787000, "netIncomeApplicableToCommonShares": -79787000}, {"maxAge": 1, "endDate": "2020-03-31", "totalRevenue": 1685109000, "costOfRevenue": 462300000, "grossProfit": 1222809000, "researchDevelopment": {}, "sellingGeneralAdministrative": 198435000, "nonRecurring": {}, "otherOperatingExpenses": 784464000, "totalOperatingExpenses": 1618756000, "operatingIncome": 66353000, "totalOtherIncomeExpenseNet": -27724000, "ebit": 66353000, "interestExpense": -82495000, "incomeBeforeTax": 38629000, "incomeTaxExpense": 10156000, "minorityInterest": {}, "netIncomeFromContinuingOps": 28473000, "discontinuedOperations": {}, "extraordinaryItems": {}, "effectOfAccountingCharges": {}, "otherItems": {}, "netIncome": 28473000, "netIncomeApplicableToCommonShares": 28473000}, {"maxAge": 1, "endDate": "2019-12-31", "totalRevenue": 1881429000, "costOfRevenue": 1110780000, "grossProfit": 770649000, "researchDevelopment": {}, "sellingGeneralAdministrative": 212454000, "nonRecurring": {}, "otherOperatingExpenses": 240713000, "totalOperatingExpenses": 1701447000, "operatingIncome": 179982000, "totalOtherIncomeExpenseNet": -30985000, "ebit": 179982000, "interestExpense": -81320000, "incomeBeforeTax": 148997000, "incomeTaxExpense": 35800000, "minorityInterest": {}, "netIncomeFromContinuingOps": 113197000, "discontinuedOperations": {}, "extraordinaryItems": {}, "effectOfAccountingCharges": {}, "otherItems": {}, "netIncome": 113197000, "netIncomeApplicableToCommonShares": 113197000}, {"maxAge": 1, "endDate": "2019-09-30", "totalRevenue": 1886668000, "costOfRevenue": 1014792000, "grossProfit": 871876000, "researchDevelopment": {}, "sellingGeneralAdministrative": 214786000, "nonRecurring": {}, "otherOperatingExpenses": 315305000, "totalOperatingExpenses": 1681883000, "operatingIncome": 204785000, "totalOtherIncomeExpenseNet": -56699000, "ebit": 204785000, "interestExpense": -105937000, "incomeBeforeTax": 148086000, "incomeTaxExpense": 26200000, "minorityInterest": {}, "netIncomeFromContinuingOps": 121886000, "discontinuedOperations": {}, "extraordinaryItems": {}, "effectOfAccountingCharges": {}, "otherItems": {}, "netIncome": 121886000, "netIncomeApplicableToCommonShares": 121886000}], "maxAge": 86400}, "cashflowStatementHistoryQuarterly": {"cashflowStatements": [{"maxAge": 1, "endDate": "2020-06-30", "netIncome": -79787000, "changeToLiabilities": 0}, {"maxAge": 1, "endDate": "2020-03-31", "netIncome": 28473000, "changeToLiabilities": 0}, {"maxAge": 1, "endDate": "2019-12-31", "netIncome": 113197000, "changeToLiabilities": 0}, {"maxAge": 1, "endDate": "2019-09-30", "netIncome": 121886000, "changeToLiabilities": 0}], "maxAge": 86400}, "insiderHolders": {"holders": [{"maxAge": 1, "name": "Ramachandran (Lakshmi)", "relation": "Promoter", "url": "", "transactionDescription": "Sale", "latestTransDate": "2014-11-13", "positionDirect": 283990, "positionDirectDate": "2014-11-13"}, {"maxAge": 1, "name": "Sundaram (Lakshman)", "relation": "Promoter", "url": "", "transactionDescription": "Sale", "latestTransDate": "2018-03-09", "positionDirect": 371999, "positionDirectDate": "2018-03-09"}], "maxAge": 1}, "earnings": {"maxAge": 86400, "earningsChart": {"quarterly": [], "earningsDate": ["2020-07-29 05:30:S"]}, "financialsChart": {"yearly": [{"date": 2017, "revenue": 4783968000, "earnings": 434219000}, {"date": 2018, "revenue": 6386583000, "earnings": 605962000}, {"date": 2019, "revenue": 9341152000, "earnings": 654987000}, {"date": 2020, "revenue": 7691709000, "earnings": 417119000}], "quarterly": [{"date": "3Q2019", "revenue": 1886668000, "earnings": 121886000}, {"date": "4Q2019", "revenue": 1881429000, "earnings": 113197000}, {"date": "1Q2020", "revenue": 1685109000, "earnings": 28473000}, {"date": "2Q2020", "revenue": 808312000, "earnings": -79787000}]}, "financialCurrency": "INR"}, "calendarEvents": {"maxAge": 1, "earnings": {"earningsDate": ["2020-07-29 05:30:S"]}}, "upgradeDowngradeHistory": {"history": [], "maxAge": 86400}, "price": {"maxAge": 1, "regularMarketChangePercent": -0.050111033, "regularMarketChange": -23.700012, "regularMarketTime": "2021-04-30 15:29:53", "priceHint": 2, "regularMarketPrice": 449.25, "regularMarketDayHigh": 473.5, "regularMarketDayLow": 445.0, "regularMarketVolume": 1681, "averageDailyVolume10Day": 2015, "averageDailyVolume3Month": 2499, "regularMarketPreviousClose": 472.95, "regularMarketSource": "FREE_REALTIME", "regularMarketOpen": 473.0, "exchange": "BSE", "exchangeName": "BSE", "exchangeDataDelayedBy": 0, "marketState": "CLOSED", "quoteType": "EQUITY", "symbol": "MMFL.BO", "underlyingSymbol": null, "shortName": "M.M.FORGINGS LTD.", "longName": "M M Forgings Limited", "currency": "INR", "quoteSourceName": "Delayed Quote", "currencySymbol": "\u20b9", "fromCurrency": null, "lastMarket": null, "marketCap": 10845254656}, "balanceSheetHistory": {"balanceSheetStatements": [{"maxAge": 1, "endDate": "2020-03-31", "cash": 1748038000, "netReceivables": 448084000, "inventory": 1336125000, "otherCurrentAssets": 10953000, "totalCurrentAssets": 3557396000, "longTermInvestments": 32914000, "propertyPlantEquipment": 7224424000, "goodWill": 26568000, "otherAssets": 495078000, "totalAssets": 11336380000, "accountsPayable": 790305000, "shortLongTermDebt": 744986000, "otherCurrentLiab": 9852000, "longTermDebt": 3347000000, "otherLiab": 327761000, "totalCurrentLiabilities": 3111569000, "totalLiab": 6786330000, "commonStock": 241408000, "retainedEarnings": 4275742000, "treasuryStock": 460000, "capitalSurplus": 32440000, "otherStockholderEquity": 460000, "totalStockholderEquity": 4550050000, "netTangibleAssets": 4523482000}, {"maxAge": 1, "endDate": "2019-03-31", "cash": 1716389000, "netReceivables": 1315735000, "inventory": 1946923000, "otherCurrentAssets": 6227000, "totalCurrentAssets": 4999190000, "longTermInvestments": 32914000, "propertyPlantEquipment": 6903730000, "otherAssets": 244364000, "totalAssets": 12180198000, "accountsPayable": 579369000, "shortLongTermDebt": 572659000, "otherCurrentLiab": 75273000, "longTermDebt": 3962875000, "otherLiab": 374494000, "totalCurrentLiabilities": 3570207000, "totalLiab": 7907576000, "commonStock": 241408000, "retainedEarnings": 3998314000, "treasuryStock": 460000, "capitalSurplus": 32440000, "otherStockholderEquity": 460000, "totalStockholderEquity": 4272622000, "netTangibleAssets": 4272622000}, {"maxAge": 1, "endDate": "2018-03-31", "cash": 1638574000, "netReceivables": 921487000, "inventory": 1269199000, "otherCurrentAssets": 6551000, "totalCurrentAssets": 3842787000, "longTermInvestments": 27092000, "propertyPlantEquipment": 4332171000, "otherAssets": 177600000, "totalAssets": 8379650000, "accountsPayable": 660311000, "shortLongTermDebt": 408207000, "otherCurrentLiab": 74509000, "longTermDebt": 1682650000, "otherLiab": 168991000, "totalCurrentLiabilities": 2902000000, "totalLiab": 4753641000, "commonStock": 120704000, "retainedEarnings": 3472405000, "treasuryStock": 460000, "capitalSurplus": 32440000, "otherStockholderEquity": 460000, "totalStockholderEquity": 3626009000, "netTangibleAssets": 3626009000}, {"maxAge": 1, "endDate": "2017-03-31", "cash": 1338447000, "netReceivables": 376417000, "inventory": 659586000, "otherCurrentAssets": 22000, "totalCurrentAssets": 2384253000, "longTermInvestments": 1710000, "propertyPlantEquipment": 3336618000, "otherAssets": 166292000, "totalAssets": 5888873000, "accountsPayable": 288968000, "shortLongTermDebt": 407265000, "otherCurrentLiab": 18394000, "longTermDebt": 1084079000, "otherLiab": 199745000, "totalCurrentLiabilities": 1459076000, "totalLiab": 2742900000, "commonStock": 120704000, "retainedEarnings": 2994309000, "treasuryStock": 460000, "capitalSurplus": 30500000, "otherStockholderEquity": 460000, "totalStockholderEquity": 3145973000, "netTangibleAssets": 3145973000}], "maxAge": 86400}, "earningsTrend": {"trend": [{"maxAge": 1, "period": "0q", "endDate": null, "growth": {}, "earningsEstimate": {"avg": 0.0, "low": 0.0, "high": 0.0, "yearAgoEps": {}, "numberOfAnalysts": 0, "growth": {}}, "revenueEstimate": {"avg": 0, "low": 0, "high": 0, "numberOfAnalysts": 0, "yearAgoRevenue": {}, "growth": {}}, "epsTrend": {"current": 0.0, "7daysAgo": 0.0, "30daysAgo": 0.0, "60daysAgo": 0.0, "90daysAgo": 0.0}, "epsRevisions": {"upLast7days": 0, "upLast30days": 0, "downLast30days": 0, "downLast90days": {}}}, {"maxAge": 1, "period": "+1q", "endDate": null, "growth": {}, "earningsEstimate": {"avg": 0.0, "low": 0.0, "high": 0.0, "yearAgoEps": {}, "numberOfAnalysts": 0, "growth": {}}, "revenueEstimate": {"avg": 0, "low": 0, "high": 0, "numberOfAnalysts": 0, "yearAgoRevenue": {}, "growth": {}}, "epsTrend": {"current": 0.0, "7daysAgo": 0.0, "30daysAgo": 0.0, "60daysAgo": 0.0, "90daysAgo": 0.0}, "epsRevisions": {"upLast7days": 0, "upLast30days": 0, "downLast30days": 0, "downLast90days": {}}}, {"maxAge": 1, "period": "0y", "endDate": null, "growth": {}, "earningsEstimate": {"avg": 0.0, "low": 0.0, "high": 0.0, "yearAgoEps": {}, "numberOfAnalysts": 0, "growth": {}}, "revenueEstimate": {"avg": 0, "low": 0, "high": 0, "numberOfAnalysts": 0, "yearAgoRevenue": {}, "growth": {}}, "epsTrend": {"current": 0.0, "7daysAgo": 0.0, "30daysAgo": 0.0, "60daysAgo": 0.0, "90daysAgo": 0.0}, "epsRevisions": {"upLast7days": 0, "upLast30days": 0, "downLast30days": 0, "downLast90days": {}}}, {"maxAge": 1, "period": "+1y", "endDate": null, "growth": {}, "earningsEstimate": {"avg": 0.0, "low": 0.0, "high": 0.0, "yearAgoEps": {}, "numberOfAnalysts": 0, "growth": {}}, "revenueEstimate": {"avg": 0, "low": 0, "high": 0, "numberOfAnalysts": 0, "yearAgoRevenue": {}, "growth": {}}, "epsTrend": {"current": 0.0, "7daysAgo": 0.0, "30daysAgo": 0.0, "60daysAgo": 0.0, "90daysAgo": 0.0}, "epsRevisions": {"upLast7days": 0, "upLast30days": 0, "downLast30days": 0, "downLast90days": {}}}, {"maxAge": 1, "period": "+5y", "endDate": null, "growth": 0.592, "earningsEstimate": {"avg": {}, "low": {}, "high": {}, "yearAgoEps": {}, "numberOfAnalysts": {}, "growth": {}}, "revenueEstimate": {"avg": {}, "low": {}, "high": {}, "numberOfAnalysts": {}, "yearAgoRevenue": {}, "growth": {}}, "epsTrend": {"current": {}, "7daysAgo": {}, "30daysAgo": {}, "60daysAgo": {}, "90daysAgo": {}}, "epsRevisions": {"upLast7days": {}, "upLast30days": {}, "downLast30days": {}, "downLast90days": {}}}, {"maxAge": 1, "period": "-5y", "endDate": null, "growth": {}, "earningsEstimate": {"avg": {}, "low": {}, "high": {}, "yearAgoEps": {}, "numberOfAnalysts": {}, "growth": {}}, "revenueEstimate": {"avg": {}, "low": {}, "high": {}, "numberOfAnalysts": {}, "yearAgoRevenue": {}, "growth": {}}, "epsTrend": {"current": {}, "7daysAgo": {}, "30daysAgo": {}, "60daysAgo": {}, "90daysAgo": {}}, "epsRevisions": {"upLast7days": {}, "upLast30days": {}, "downLast30days": {}, "downLast90days": {}}}], "maxAge": 1}, "financialData": {"maxAge": 86400, "currentPrice": 449.25, "targetHighPrice": 888.0, "targetLowPrice": 719.0, "targetMeanPrice": 802.2, "targetMedianPrice": 809.0, "recommendationKey": "none", "numberOfAnalystOpinions": 5, "grossProfits": 3939843000, "financialCurrency": "INR"}}}