{"MMP.NS": {"assetProfile": {"address1": "B-24, Hingna MIDC Area", "address2": "Hingna", "city": "Nagpur", "zip": "440016", "country": "India", "phone": "91 71 0466 8047", "fax": "91 71 0466 8032", "website": "http://www.mmpil.com", "industry": "Aluminum", "sector": "Basic Materials", "longBusinessSummary": "MMP Industries Limited manufactures and sells aluminum products in India. It operates through Aluminium Powder and Pastes, Aluminium Conductor, and Others segments. The company offers pyro, flake, and atomized aluminum powders primarily for use in various sectors, including construction and mining, agriculture, defense, fire crackers, railways, etc.; aluminum pastes for use in automotive, decorative, and industrial paints; and aluminum conductors used by the power sector. It also provides manganese oxide/dioxide, washers, circlips, and coal products. It also exports its products to countries in Europe, the Middle-East, Africa, and the Asia Pacific. The company was formerly known as Maharashtra Metal Powders Limited and changed its name to MMP Industries Limited in June 2012. MMP Industries Limited was incorporated in 1973 and is based in Nagpur, India.", "fullTimeEmployees": 412, "companyOfficers": [{"maxAge": 1, "name": "Mr. Arun Raghuveer-Raj Bhandari", "age": 65, "title": "Chairman & Managing Director", "yearBorn": 1955, "fiscalYear": 2020, "totalPay": 13440000, "exercisedValue": 0, "unexercisedValue": 0}, {"maxAge": 1, "name": "Mr. Sharad Mohanlal Khandelwal", "title": "Chief Financial Officer", "fiscalYear": 2020, "totalPay": 2479000, "exercisedValue": 0, "unexercisedValue": 0}, {"maxAge": 1, "name": "Mr. Milind Suryakant Rao", "title": "Company Sec. & Compliance Officer", "fiscalYear": 2020, "totalPay": 640000, "exercisedValue": 0, "unexercisedValue": 0}, {"maxAge": 1, "name": "Mr. Lalit Ranjeet-Raj Bhandari", "age": 64, "title": "Whole-Time Director", "yearBorn": 1956, "fiscalYear": 2020, "totalPay": 2798740, "exercisedValue": 0, "unexercisedValue": 0}, {"maxAge": 1, "name": "Mr. Tenneti Narasimham Murthy", "age": 52, "title": "Whole-Time Director", "yearBorn": 1968, "fiscalYear": 2020, "totalPay": 1712831, "exercisedValue": 0, "unexercisedValue": 0}, {"maxAge": 1, "name": "Mr. Surendra Singh Rathore", "title": "Works Mang.", "exercisedValue": 0, "unexercisedValue": 0}], "compensationAsOfEpochDate": "2020-12-31 05:30:00", "maxAge": 86400}, "cashflowStatementHistory": {"cashflowStatements": [{"maxAge": 1, "endDate": "2020-03-31", "netIncome": 185726000, "depreciation": 29069000, "changeToNetincome": 2787000, "changeToAccountReceivables": 51594000, "changeToLiabilities": 19705000, "changeToInventory": -107162000, "changeToOperatingActivities": -2934000, "totalCashFromOperatingActivities": 180791000, "capitalExpenditures": -503450000, "investments": 325920000, "otherCashflowsFromInvestingActivities": 107704000, "totalCashflowsFromInvestingActivities": -69826000, "netBorrowings": -6214000, "otherCashflowsFromFinancingActivities": -23590000, "totalCashFromFinancingActivities": -29804000, "changeInCash": 81161000}, {"maxAge": 1, "endDate": "2019-03-31", "netIncome": 226059000, "depreciation": 19420000, "changeToNetincome": -36508000, "changeToAccountReceivables": -3380000, "changeToLiabilities": 30562000, "changeToInventory": -48242000, "changeToOperatingActivities": -84085000, "totalCashFromOperatingActivities": 103826000, "capitalExpenditures": -365739000, "investments": -439510000, "otherCashflowsFromInvestingActivities": 42534000, "totalCashflowsFromInvestingActivities": -762715000, "netBorrowings": -55018000, "otherCashflowsFromFinancingActivities": -65159000, "totalCashFromFinancingActivities": 425662000, "changeInCash": -233227000, "issuanceOfStock": 545839000}, {"maxAge": 1, "endDate": "2018-03-31", "netIncome": 190361000, "depreciation": 20175000, "changeToNetincome": 17005000, "changeToAccountReceivables": -110495000, "changeToLiabilities": 5825000, "changeToInventory": 2840000, "changeToOperatingActivities": 18977000, "totalCashFromOperatingActivities": 144688000, "capitalExpenditures": -33328000, "investments": -36644000, "otherCashflowsFromInvestingActivities": 1599000, "totalCashflowsFromInvestingActivities": -58011000, "netBorrowings": -20684000, "otherCashflowsFromFinancingActivities": -57398000, "totalCashFromFinancingActivities": 222079000, "changeInCash": 308756000, "issuanceOfStock": 300161000}, {"maxAge": 1, "endDate": "2017-03-31", "netIncome": 172120000, "depreciation": 18173000, "changeToNetincome": -23863000, "changeToAccountReceivables": -71201000, "changeToLiabilities": 4881000, "changeToInventory": -13790000, "changeToOperatingActivities": 57816000, "totalCashFromOperatingActivities": 144136000, "capitalExpenditures": -37848000, "investments": -148968000, "otherCashflowsFromInvestingActivities": 2046000, "totalCashflowsFromInvestingActivities": -112531000, "netBorrowings": 23762000, "otherCashflowsFromFinancingActivities": -38370000, "totalCashFromFinancingActivities": -14608000, "changeInCash": 16997000, "issuanceOfStock": 300161000}], "maxAge": 86400}, "institutionOwnership": {"ownershipList": [], "maxAge": 1}, "majorHoldersBreakdown": {"maxAge": 1, "insidersPercentHeld": 0.0, "institutionsPercentHeld": 0.0, "institutionsFloatPercentHeld": 0.0, "institutionsCount": 0}, "balanceSheetHistoryQuarterly": {"balanceSheetStatements": [{"maxAge": 1, "endDate": "2020-09-30", "cash": 104073000, "shortTermInvestments": 17194000, "netReceivables": 333471000, "inventory": 328074000, "otherCurrentAssets": 37621000, "totalCurrentAssets": 820433000, "longTermInvestments": 289696000, "propertyPlantEquipment": 1208109000, "intangibleAssets": 10705000, "otherAssets": 85883000, "totalAssets": 2414826000, "accountsPayable": 138646000, "otherCurrentLiab": 25493000, "longTermDebt": 3000000, "otherLiab": 76565000, "totalCurrentLiabilities": 366663000, "totalLiab": 446228000, "commonStock": 254026000, "treasuryStock": 1714572000, "otherStockholderEquity": 1714572000, "totalStockholderEquity": 1968598000, "netTangibleAssets": 1957893000}, {"maxAge": 1, "endDate": "2020-06-30", "totalStockholderEquity": 1907509000, "netTangibleAssets": 1895465000}, {"maxAge": 1, "endDate": "2020-03-31", "cash": 44094000, "shortTermInvestments": 113615000, "netReceivables": 383719000, "inventory": 352104000, "otherCurrentAssets": 43536000, "totalCurrentAssets": 937068000, "longTermInvestments": 195501000, "propertyPlantEquipment": 1060222000, "intangibleAssets": 12044000, "otherAssets": 134699000, "totalAssets": 2339534000, "accountsPayable": 154065000, "otherCurrentLiab": 14375000, "longTermDebt": 3088000, "otherLiab": 69391000, "totalCurrentLiabilities": 359546000, "totalLiab": 432025000, "commonStock": 254026000, "retainedEarnings": 970502000, "treasuryStock": 4032000, "capitalSurplus": 678949000, "otherStockholderEquity": 4032000, "totalStockholderEquity": 1907509000, "netTangibleAssets": 1895465000}, {"maxAge": 1, "endDate": "2019-12-31", "cash": 44094000, "shortTermInvestments": 113615000, "netReceivables": 383719000, "inventory": 352104000, "otherCurrentAssets": 43536000, "totalCurrentAssets": 937068000, "longTermInvestments": 195501000, "propertyPlantEquipment": 1060222000, "intangibleAssets": 12044000, "otherAssets": 134699000, "totalAssets": 2339534000, "accountsPayable": 154065000, "otherCurrentLiab": 14375000, "longTermDebt": 3088000, "otherLiab": 69391000, "totalCurrentLiabilities": 359546000, "totalLiab": 432025000, "commonStock": 254026000, "retainedEarnings": 970502000, "treasuryStock": 4032000, "capitalSurplus": 678949000, "otherStockholderEquity": 4032000, "totalStockholderEquity": 1907509000, "netTangibleAssets": 1895465000}], "maxAge": 86400}, "indexTrend": {"maxAge": 1, "symbol": "SP5", "peRatio": 19.7411, "pegRatio": 1.34172, "estimates": [{"period": "0q", "growth": 0.549}, {"period": "+1q", "growth": 0.431}, {"period": "0y", "growth": 0.305}, {"period": "+1y", "growth": 0.109}, {"period": "+5y", "growth": 0.120865}, {"period": "-5y"}]}, "defaultKeyStatistics": {"maxAge": 1, "priceHint": 2, "enterpriseValue": 2289033216, "profitMargins": 0.062649995, "floatShares": 18292854, "sharesOutstanding": 25402600, "heldPercentInsiders": 0.0, "heldPercentInstitutions": 0.0, "beta": 1.279368, "category": null, "bookValue": 77.319, "priceToBook": 1.1517221, "fundFamily": null, "legalType": null, "lastFiscalYearEnd": "2020-03-31 05:30:00", "nextFiscalYearEnd": "2022-03-31 05:30:00", "mostRecentQuarter": "2020-09-30 05:30:00", "earningsQuarterlyGrowth": -0.074, "netIncomeToCommon": 131462000, "trailingEps": 5.17, "lastSplitFactor": "3:2", "lastSplitDate": "2019-12-30 05:30:00", "enterpriseToRevenue": 1.091, "enterpriseToEbitda": 10.21}, "summaryProfile": {"address1": "B-24, Hingna MIDC Area", "address2": "Hingna", "city": "Nagpur", "zip": "440016", "country": "India", "phone": "91 71 0466 8047", "fax": "91 71 0466 8032", "website": "http://www.mmpil.com", "industry": "Aluminum", "sector": "Basic Materials", "longBusinessSummary": "MMP Industries Limited manufactures and sells aluminum products in India. It operates through Aluminium Powder and Pastes, Aluminium Conductor, and Others segments. The company offers pyro, flake, and atomized aluminum powders primarily for use in various sectors, including construction and mining, agriculture, defense, fire crackers, railways, etc.; aluminum pastes for use in automotive, decorative, and industrial paints; and aluminum conductors used by the power sector. It also provides manganese oxide/dioxide, washers, circlips, and coal products. It also exports its products to countries in Europe, the Middle-East, Africa, and the Asia Pacific. The company was formerly known as Maharashtra Metal Powders Limited and changed its name to MMP Industries Limited in June 2012. MMP Industries Limited was incorporated in 1973 and is based in Nagpur, India.", "fullTimeEmployees": 412, "companyOfficers": [], "maxAge": 86400}, "netSharePurchaseActivity": {"maxAge": 1, "period": "6m", "buyInfoCount": 0, "buyInfoShares": 0, "sellInfoCount": 0, "netInfoCount": 0, "netInfoShares": 0, "totalInsiderShares": 0}, "quoteType": {"exchange": "NSI", "quoteType": "EQUITY", "symbol": "MMP.NS", "underlyingSymbol": "MMP.NS", "shortName": "MMP Industries Limited", "longName": "MMP Industries Limited", "firstTradeDateEpochUtc": "2018-04-26 09:15:00", "timeZoneFullName": "Asia/Kolkata", "timeZoneShortName": "IST", "uuid": "852c15ec-cb18-3e78-8bf9-8dcf79b04e86", "gmtOffSetMilliseconds": 19800000, "maxAge": 1}, "incomeStatementHistory": {"incomeStatementHistory": [{"maxAge": 1, "endDate": "2020-03-31", "totalRevenue": 2418226000, "costOfRevenue": 1702310000, "grossProfit": 715916000, "researchDevelopment": {}, "sellingGeneralAdministrative": 213641000, "nonRecurring": {}, "otherOperatingExpenses": 220114000, "totalOperatingExpenses": 2166494000, "operatingIncome": 251732000, "totalOtherIncomeExpenseNet": -7466000, "ebit": 251732000, "interestExpense": -23141000, "incomeBeforeTax": 244266000, "incomeTaxExpense": 58540000, "minorityInterest": {}, "netIncomeFromContinuingOps": 185726000, "discontinuedOperations": {}, "extraordinaryItems": {}, "effectOfAccountingCharges": {}, "otherItems": {}, "netIncome": 185726000, "netIncomeApplicableToCommonShares": 185726000}, {"maxAge": 1, "endDate": "2019-03-31", "totalRevenue": 2606492000, "costOfRevenue": 1917527000, "grossProfit": 688965000, "researchDevelopment": {}, "sellingGeneralAdministrative": 181123000, "nonRecurring": {}, "otherOperatingExpenses": 204321000, "totalOperatingExpenses": 2322391000, "operatingIncome": 284101000, "totalOtherIncomeExpenseNet": 20586000, "ebit": 284101000, "interestExpense": -27783000, "incomeBeforeTax": 304687000, "incomeTaxExpense": 78628000, "minorityInterest": {}, "netIncomeFromContinuingOps": 226059000, "discontinuedOperations": {}, "extraordinaryItems": {}, "effectOfAccountingCharges": {}, "otherItems": {}, "netIncome": 226059000, "netIncomeApplicableToCommonShares": 226059000}, {"maxAge": 1, "endDate": "2018-03-31", "totalRevenue": 2427357000, "costOfRevenue": 1739833000, "grossProfit": 687524000, "researchDevelopment": {}, "sellingGeneralAdministrative": 160453000, "nonRecurring": {}, "otherOperatingExpenses": 231360000, "totalOperatingExpenses": 2151821000, "operatingIncome": 275536000, "totalOtherIncomeExpenseNet": 4844000, "ebit": 275536000, "interestExpense": -36556000, "incomeBeforeTax": 280380000, "incomeTaxExpense": 90019000, "minorityInterest": {}, "netIncomeFromContinuingOps": 190361000, "discontinuedOperations": {}, "extraordinaryItems": {}, "effectOfAccountingCharges": {}, "otherItems": {}, "netIncome": 190361000, "netIncomeApplicableToCommonShares": 190361000}, {"maxAge": 1, "endDate": "2017-03-31", "totalRevenue": 2032196000, "costOfRevenue": 1462798000, "grossProfit": 569398000, "researchDevelopment": {}, "sellingGeneralAdministrative": 133412000, "nonRecurring": {}, "otherOperatingExpenses": 225213000, "totalOperatingExpenses": 1839596000, "operatingIncome": 192600000, "totalOtherIncomeExpenseNet": 36850000, "ebit": 192600000, "interestExpense": -35513000, "incomeBeforeTax": 229450000, "incomeTaxExpense": 57330000, "minorityInterest": {}, "netIncomeFromContinuingOps": 172120000, "discontinuedOperations": {}, "extraordinaryItems": {}, "effectOfAccountingCharges": {}, "otherItems": {}, "netIncome": 172120000, "netIncomeApplicableToCommonShares": 172120000}], "maxAge": 86400}, "fundOwnership": {"ownershipList": [], "maxAge": 1}, "summaryDetail": {"maxAge": 1, "priceHint": 2, "previousClose": 87.85, "open": 88.1, "dayLow": 86.05, "dayHigh": 90.0, "regularMarketPreviousClose": 87.85, "regularMarketOpen": 88.1, "regularMarketDayLow": 86.05, "regularMarketDayHigh": 90.0, "payoutRatio": 0.0, "beta": 1.279368, "trailingPE": 17.224371, "volume": 7380, "regularMarketVolume": 7380, "averageVolume": 39587, "averageVolume10days": 61647, "averageDailyVolume10Day": 61647, "bid": 0.0, "ask": 0.0, "marketCap": 2262101504, "fiftyTwoWeekLow": 43.95, "fiftyTwoWeekHigh": 109.0, "priceToSalesTrailing12Months": 1.0780151, "fiftyDayAverage": 88.78485, "twoHundredDayAverage": 83.18465, "currency": "INR", "fromCurrency": null, "lastMarket": null, "algorithm": null, "tradeable": false}, "incomeStatementHistoryQuarterly": {"incomeStatementHistory": [{"maxAge": 1, "endDate": "2020-09-30", "totalRevenue": 514836000, "costOfRevenue": 352906000, "grossProfit": 161930000, "researchDevelopment": {}, "sellingGeneralAdministrative": 49493000, "nonRecurring": {}, "otherOperatingExpenses": 49885000, "totalOperatingExpenses": 463018000, "operatingIncome": 51818000, "totalOtherIncomeExpenseNet": 9312000, "ebit": 51818000, "interestExpense": -2170000, "incomeBeforeTax": 61130000, "incomeTaxExpense": 13009000, "minorityInterest": {}, "netIncomeFromContinuingOps": 48121000, "discontinuedOperations": {}, "extraordinaryItems": {}, "effectOfAccountingCharges": {}, "otherItems": {}, "netIncome": 48121000, "netIncomeApplicableToCommonShares": 48121000}, {"maxAge": 1, "endDate": "2020-06-30", "totalRevenue": 358823000, "costOfRevenue": 253215000, "grossProfit": 105608000, "researchDevelopment": {}, "sellingGeneralAdministrative": 41534000, "nonRecurring": {}, "otherOperatingExpenses": 31262000, "totalOperatingExpenses": 336493000, "operatingIncome": 22330000, "totalOtherIncomeExpenseNet": -10834000, "ebit": 22330000, "interestExpense": -5050000, "incomeBeforeTax": 11496000, "incomeTaxExpense": 4701000, "minorityInterest": {}, "netIncomeFromContinuingOps": 6795000, "discontinuedOperations": {}, "extraordinaryItems": {}, "effectOfAccountingCharges": {}, "otherItems": {}, "netIncome": 6795000, "netIncomeApplicableToCommonShares": 6795000}, {"maxAge": 1, "endDate": "2020-03-31", "totalRevenue": 612368000, "costOfRevenue": 441706500, "grossProfit": 170661500, "researchDevelopment": {}, "sellingGeneralAdministrative": 58406000, "nonRecurring": {}, "otherOperatingExpenses": 47164000, "totalOperatingExpenses": 556844500, "operatingIncome": 55523500, "totalOtherIncomeExpenseNet": -8219500, "ebit": 55523500, "interestExpense": -5760500, "incomeBeforeTax": 47304000, "incomeTaxExpense": 9031000, "minorityInterest": {}, "netIncomeFromContinuingOps": 38273000, "discontinuedOperations": {}, "extraordinaryItems": {}, "effectOfAccountingCharges": {}, "otherItems": {}, "netIncome": 38273000, "netIncomeApplicableToCommonShares": 38273000}, {"maxAge": 1, "endDate": "2019-12-31", "totalRevenue": 612368000, "costOfRevenue": 441706500, "grossProfit": 170661500, "researchDevelopment": {}, "sellingGeneralAdministrative": 58406000, "nonRecurring": {}, "otherOperatingExpenses": 47164000, "totalOperatingExpenses": 556844500, "operatingIncome": 55523500, "totalOtherIncomeExpenseNet": -8219500, "ebit": 55523500, "interestExpense": -5760500, "incomeBeforeTax": 47304000, "incomeTaxExpense": 9031000, "minorityInterest": {}, "netIncomeFromContinuingOps": 38273000, "discontinuedOperations": {}, "extraordinaryItems": {}, "effectOfAccountingCharges": {}, "otherItems": {}, "netIncome": 38273000, "netIncomeApplicableToCommonShares": 38273000}], "maxAge": 86400}, "cashflowStatementHistoryQuarterly": {"cashflowStatements": [{"maxAge": 1, "endDate": "2020-09-30", "netIncome": 48121000, "changeToLiabilities": 0}, {"maxAge": 1, "endDate": "2020-06-30", "netIncome": 6795000, "changeToLiabilities": 0}, {"maxAge": 1, "endDate": "2020-03-31", "netIncome": 38273000, "depreciation": 8888000, "changeToNetincome": 3516000, "changeToAccountReceivables": -9086500, "changeToLiabilities": -20265000, "changeToInventory": -39602500, "changeToOperatingActivities": 60604500, "totalCashFromOperatingActivities": 41461500, "capitalExpenditures": -151266000, "investments": 164387000, "otherCashflowsFromInvestingActivities": 45751500, "totalCashflowsFromInvestingActivities": 58872500, "netBorrowings": -3452000, "otherCashflowsFromFinancingActivities": -1881500, "totalCashFromFinancingActivities": -5333500, "changeInCash": 95000500}, {"maxAge": 1, "endDate": "2019-12-31", "netIncome": 38273000, "depreciation": 8888000, "changeToNetincome": 3516000, "changeToAccountReceivables": -9086500, "changeToLiabilities": -20265000, "changeToInventory": -39602500, "changeToOperatingActivities": 60604500, "totalCashFromOperatingActivities": 41461500, "capitalExpenditures": -151266000, "investments": 164387000, "otherCashflowsFromInvestingActivities": 45751500, "totalCashflowsFromInvestingActivities": 58872500, "netBorrowings": -3452000, "otherCashflowsFromFinancingActivities": -1881500, "totalCashFromFinancingActivities": -5333500, "changeInCash": 95000500}], "maxAge": 86400}, "insiderHolders": {"holders": [], "maxAge": 1}, "calendarEvents": {"maxAge": 1, "earnings": {"earningsDate": []}}, "upgradeDowngradeHistory": {"history": [], "maxAge": 86400}, "price": {"maxAge": 1, "regularMarketChangePercent": 0.0136597, "regularMarketChange": 1.2000046, "regularMarketTime": "2021-04-30 15:28:42", "priceHint": 2, "regularMarketPrice": 89.05, "regularMarketDayHigh": 90.0, "regularMarketDayLow": 86.05, "regularMarketVolume": 7380, "averageDailyVolume10Day": 61647, "averageDailyVolume3Month": 39587, "regularMarketPreviousClose": 87.85, "regularMarketSource": "FREE_REALTIME", "regularMarketOpen": 88.1, "exchange": "NSI", "exchangeName": "NSE", "exchangeDataDelayedBy": 15, "marketState": "CLOSED", "quoteType": "EQUITY", "symbol": "MMP.NS", "underlyingSymbol": null, "shortName": "MMP Industries Limited", "longName": "MMP Industries Limited", "currency": "INR", "quoteSourceName": "Delayed Quote", "currencySymbol": "\u20b9", "fromCurrency": null, "lastMarket": null, "marketCap": 2262101504}, "balanceSheetHistory": {"balanceSheetStatements": [{"maxAge": 1, "endDate": "2020-03-31", "cash": 44094000, "shortTermInvestments": 113615000, "netReceivables": 383719000, "inventory": 352104000, "otherCurrentAssets": 43536000, "totalCurrentAssets": 937068000, "longTermInvestments": 195501000, "propertyPlantEquipment": 1060222000, "intangibleAssets": 12044000, "otherAssets": 134699000, "totalAssets": 2339534000, "accountsPayable": 154065000, "otherCurrentLiab": 14375000, "longTermDebt": 3088000, "otherLiab": 69391000, "totalCurrentLiabilities": 359546000, "totalLiab": 432025000, "commonStock": 254026000, "retainedEarnings": 970502000, "treasuryStock": 4032000, "capitalSurplus": 678949000, "otherStockholderEquity": 4032000, "totalStockholderEquity": 1907509000, "netTangibleAssets": 1895465000}, {"maxAge": 1, "endDate": "2019-03-31", "cash": 37796000, "shortTermInvestments": 439535000, "netReceivables": 428977000, "inventory": 244942000, "otherCurrentAssets": 40756000, "totalCurrentAssets": 1192006000, "longTermInvestments": 216147000, "propertyPlantEquipment": 677719000, "intangibleAssets": 8946000, "otherAssets": 120085000, "totalAssets": 2214903000, "accountsPayable": 134360000, "shortLongTermDebt": 28034000, "otherCurrentLiab": 24289000, "longTermDebt": 3087000, "otherLiab": 53374000, "totalCurrentLiabilities": 423751000, "totalLiab": 480212000, "commonStock": 169351000, "retainedEarnings": 797684000, "treasuryStock": 4032000, "capitalSurplus": 763624000, "otherStockholderEquity": 4032000, "totalStockholderEquity": 1734691000, "netTangibleAssets": 1725745000}, {"maxAge": 1, "endDate": "2018-03-31", "cash": 340490000, "shortTermInvestments": 4814000, "netReceivables": 454310000, "inventory": 196700000, "otherCurrentAssets": 49528000, "totalCurrentAssets": 1041703000, "longTermInvestments": 197331000, "propertyPlantEquipment": 372765000, "otherAssets": 16749000, "totalAssets": 1628548000, "accountsPayable": 103798000, "shortLongTermDebt": 19901000, "otherCurrentLiab": 36255000, "longTermDebt": 46245000, "otherLiab": 63238000, "totalCurrentLiabilities": 503771000, "totalLiab": 613254000, "commonStock": 124351000, "retainedEarnings": 543592000, "treasuryStock": 347351000, "otherStockholderEquity": 347351000, "totalStockholderEquity": 1015294000, "netTangibleAssets": 1015294000}, {"maxAge": 1, "endDate": "2017-03-31", "cash": 31735000, "shortTermInvestments": 7084000, "netReceivables": 343739000, "inventory": 199540000, "otherCurrentAssets": 23338000, "totalCurrentAssets": 606482000, "longTermInvestments": 160687000, "propertyPlantEquipment": 372035000, "goodWill": 28000, "otherAssets": 2995000, "totalAssets": 1142227000, "accountsPayable": 97973000, "shortLongTermDebt": 16613000, "otherCurrentLiab": 24732000, "longTermDebt": 69434000, "otherLiab": 44422000, "totalCurrentLiabilities": 482679000, "totalLiab": 596853000, "commonStock": 82901000, "retainedEarnings": 413494000, "treasuryStock": 48979000, "otherStockholderEquity": 48979000, "totalStockholderEquity": 545374000, "netTangibleAssets": 545346000}], "maxAge": 86400}, "financialData": {"maxAge": 86400, "currentPrice": 89.05, "recommendationKey": "none", "totalCash": 121267000, "totalCashPerShare": 4.763, "ebitda": 224187008, "totalDebt": 143012000, "quickRatio": 1.24, "currentRatio": 2.238, "totalRevenue": 2098395008, "debtToEquity": 7.265, "revenuePerShare": 82.55, "returnOnAssets": 0.048449997, "returnOnEquity": 0.06803, "grossProfits": 715916000, "freeCashflow": -281126240, "operatingCashflow": 198112000, "earningsGrowth": -0.078, "revenueGrowth": -0.042, "grossMargins": 0.30226, "ebitdaMargins": 0.10684, "operatingMargins": 0.08826, "profitMargins": 0.062649995, "financialCurrency": "INR"}}}