{"MMRUBBR-B.BO": {"cashflowStatementHistory": {"cashflowStatements": [{"maxAge": 1, "endDate": "2020-03-31", "netIncome": 2227551, "depreciation": 3669063, "changeToNetincome": 5702926, "changeToAccountReceivables": 2606347, "changeToLiabilities": 745710, "changeToInventory": -13466440, "changeToOperatingActivities": -7833669, "totalCashFromOperatingActivities": -6348512, "capitalExpenditures": -10500511, "otherCashflowsFromInvestingActivities": 247551, "totalCashflowsFromInvestingActivities": -10122947, "netBorrowings": -39322387, "otherCashflowsFromFinancingActivities": -4129401, "totalCashFromFinancingActivities": 34080204, "changeInCash": 17608745, "issuanceOfStock": 77531992}, {"maxAge": 1, "endDate": "2019-03-31", "netIncome": 4758428, "depreciation": 3423859, "changeToNetincome": 5959907, "changeToAccountReceivables": 7519876, "changeToLiabilities": -2605379, "changeToInventory": -4420344, "changeToOperatingActivities": -7833669, "totalCashFromOperatingActivities": 14636347, "capitalExpenditures": -3209448, "otherCashflowsFromInvestingActivities": 179341, "totalCashflowsFromInvestingActivities": -3030107, "netBorrowings": -3861400, "otherCashflowsFromFinancingActivities": -6139248, "totalCashFromFinancingActivities": -10000648, "changeInCash": 1605592, "issuanceOfStock": 77531992}, {"maxAge": 1, "endDate": "2018-03-31", "netIncome": 3011249, "depreciation": 2877619, "changeToNetincome": 6897395, "changeToAccountReceivables": -10174342, "changeToLiabilities": 12685403, "changeToInventory": 2301024, "changeToOperatingActivities": -7833669, "totalCashFromOperatingActivities": 17598348, "capitalExpenditures": -18855196, "otherCashflowsFromInvestingActivities": 468334, "totalCashflowsFromInvestingActivities": -18386862, "netBorrowings": 7639970, "otherCashflowsFromFinancingActivities": -6217384, "totalCashFromFinancingActivities": 1422586, "changeInCash": 634072, "issuanceOfStock": 77531992}, {"maxAge": 1, "endDate": "2017-03-31", "netIncome": 3089180, "depreciation": 1660335, "changeToNetincome": 5120691, "changeToAccountReceivables": -263681, "changeToLiabilities": -6213392, "changeToInventory": 333167, "changeToOperatingActivities": -7833669, "totalCashFromOperatingActivities": 3726300, "capitalExpenditures": -1787274, "otherCashflowsFromInvestingActivities": 1721864, "totalCashflowsFromInvestingActivities": -65410, "netBorrowings": 1720869, "otherCashflowsFromFinancingActivities": -6194170, "totalCashFromFinancingActivities": -4473301, "changeInCash": -812412, "issuanceOfStock": 77531992}], "maxAge": 86400}, "institutionOwnership": {"maxAge": 1, "ownershipList": []}, "balanceSheetHistoryQuarterly": {"balanceSheetStatements": [{"maxAge": 1, "endDate": "2020-06-30", "totalStockholderEquity": 153252000, "netTangibleAssets": 153252000}, {"maxAge": 1, "endDate": "2020-03-31", "cash": 23072099, "shortTermInvestments": 12707, "netReceivables": 21299243, "inventory": 56671651, "otherCurrentAssets": 5352676, "totalCurrentAssets": 106434976, "longTermInvestments": 8567, "propertyPlantEquipment": 101967850, "otherAssets": 3204756, "totalAssets": 211616149, "accountsPayable": 21336480, "otherCurrentLiab": 7425293, "longTermDebt": 10447057, "otherLiab": 19152813, "totalCurrentLiabilities": 28763820, "totalLiab": 58363690, "commonStock": 12462162, "retainedEarnings": 11249400, "treasuryStock": 54506187, "capitalSurplus": 75034710, "otherStockholderEquity": 54506187, "totalStockholderEquity": 153252459, "netTangibleAssets": 153252459}, {"maxAge": 1, "endDate": "2019-12-31", "totalStockholderEquity": 72488000, "netTangibleAssets": 72488000}, {"maxAge": 1, "endDate": "2019-09-30", "cash": 4259000, "shortTermInvestments": 2191000, "netReceivables": 26641000, "inventory": 44596000, "otherCurrentAssets": 2191000, "totalCurrentAssets": 77687000, "longTermInvestments": 9000, "propertyPlantEquipment": 85599000, "otherAssets": 9611000, "totalAssets": 172906000, "accountsPayable": 15736000, "otherCurrentLiab": 19297000, "longTermDebt": 8753000, "otherLiab": 14887000, "totalCurrentLiabilities": 76778000, "totalLiab": 100418000, "commonStock": 9961000, "treasuryStock": 62527000, "otherStockholderEquity": 62527000, "totalStockholderEquity": 72488000, "netTangibleAssets": 72488000}], "maxAge": 86400}, "indexTrend": {"maxAge": 1, "symbol": "SP5", "peRatio": 19.7411, "pegRatio": 1.34172, "estimates": [{"period": "0q", "growth": 0.549}, {"period": "+1q", "growth": 0.431}, {"period": "0y", "growth": 0.305}, {"period": "+1y", "growth": 0.109}, {"period": "+5y", "growth": 0.120859005}, {"period": "-5y"}]}, "insiderTransactions": {"transactions": [{"maxAge": 1, "shares": 282258, "filerUrl": "", "transactionText": "", "filerName": "Mammen (Roy)", "filerRelation": "Promoter", "moneyText": "", "startDate": "2019-10-30", "ownership": "D"}, {"maxAge": 1, "shares": 40323, "filerUrl": "", "transactionText": "", "filerName": "Philip (Peter)", "filerRelation": "Promoter", "moneyText": "", "startDate": "2019-10-30", "ownership": "D"}], "maxAge": 1}, "quoteType": {"exchange": "BSE", "quoteType": "EQUITY", "symbol": "MMRUBBR-B.BO", "underlyingSymbol": "MMRUBBR-B.BO", "shortName": "MM RUBBER COMPANY LTD.", "longName": "M M Rubber Company Limited", "firstTradeDateEpochUtc": "2008-01-01 09:15:00", "timeZoneFullName": "Asia/Kolkata", "timeZoneShortName": "IST", "uuid": "ef2e806b-3c36-3ccf-8ef0-d10f54bc4c43", "messageBoardId": null, "gmtOffSetMilliseconds": 19800000, "maxAge": 1}, "incomeStatementHistory": {"incomeStatementHistory": [{"maxAge": 1, "endDate": "2020-03-31", "totalRevenue": 312859477, "costOfRevenue": 149008434, "grossProfit": 163851043, "researchDevelopment": {}, "sellingGeneralAdministrative": 97144488, "nonRecurring": {}, "otherOperatingExpenses": 72412577, "totalOperatingExpenses": 322234562, "operatingIncome": -9375085, "totalOtherIncomeExpenseNet": 14923712, "ebit": -9375085, "interestExpense": -4129401, "incomeBeforeTax": 5548627, "incomeTaxExpense": 3321076, "minorityInterest": {}, "netIncomeFromContinuingOps": 2227551, "discontinuedOperations": {}, "extraordinaryItems": {}, "effectOfAccountingCharges": {}, "otherItems": {}, "netIncome": 2227551, "netIncomeApplicableToCommonShares": 2227551}, {"maxAge": 1, "endDate": "2019-03-31", "totalRevenue": 300072905, "costOfRevenue": 136529631, "grossProfit": 163543274, "researchDevelopment": {}, "sellingGeneralAdministrative": 81176217, "nonRecurring": {}, "otherOperatingExpenses": 66845522, "totalOperatingExpenses": 287975229, "operatingIncome": 12097676, "totalOtherIncomeExpenseNet": -6139248, "ebit": 12097676, "interestExpense": -6139248, "incomeBeforeTax": 5958428, "incomeTaxExpense": 1200000, "minorityInterest": {}, "netIncomeFromContinuingOps": 4758428, "discontinuedOperations": {}, "extraordinaryItems": {}, "effectOfAccountingCharges": {}, "otherItems": {}, "netIncome": 4758428, "netIncomeApplicableToCommonShares": 4758428}, {"maxAge": 1, "endDate": "2018-03-31", "totalRevenue": 259523644, "costOfRevenue": 125813469, "grossProfit": 133710175, "researchDevelopment": {}, "sellingGeneralAdministrative": 59980447, "nonRecurring": {}, "otherOperatingExpenses": 60310125, "totalOperatingExpenses": 248981660, "operatingIncome": 10541984, "totalOtherIncomeExpenseNet": -6082390, "ebit": 10541984, "interestExpense": -6217384, "incomeBeforeTax": 4459594, "incomeTaxExpense": 1448345, "minorityInterest": {}, "netIncomeFromContinuingOps": 3011249, "discontinuedOperations": {}, "extraordinaryItems": {}, "effectOfAccountingCharges": {}, "otherItems": {}, "netIncome": 3011249, "netIncomeApplicableToCommonShares": 3011249}, {"maxAge": 1, "endDate": "2017-03-31", "totalRevenue": 202984377, "costOfRevenue": 90989976, "grossProfit": 111994401, "researchDevelopment": {}, "sellingGeneralAdministrative": 51769238, "nonRecurring": {}, "otherOperatingExpenses": 48609289, "totalOperatingExpenses": 193028838, "operatingIncome": 9955539, "totalOtherIncomeExpenseNet": -6194169, "ebit": 9955539, "interestExpense": -6194170, "incomeBeforeTax": 3761370, "incomeTaxExpense": 672190, "minorityInterest": {}, "netIncomeFromContinuingOps": 3089180, "discontinuedOperations": {}, "extraordinaryItems": {}, "effectOfAccountingCharges": {}, "otherItems": {}, "netIncome": 3089180, "netIncomeApplicableToCommonShares": 3089180}], "maxAge": 86400}, "fundOwnership": {"maxAge": 1, "ownershipList": []}, "summaryDetail": {"maxAge": 1, "priceHint": 2, "previousClose": 62.95, "open": 62.0, "dayLow": 61.0, "dayHigh": 64.8, "regularMarketPreviousClose": 62.95, "regularMarketOpen": 62.0, "regularMarketDayLow": 61.0, "regularMarketDayHigh": 64.8, "volume": 1381, "regularMarketVolume": 1381, "averageVolume": 1971, "averageVolume10days": 2947, "averageDailyVolume10Day": 2947, "bid": 64.8, "ask": 65.0, "bidSize": 0, "askSize": 0, "marketCap": 400035328, "fiftyTwoWeekLow": 22.0, "fiftyTwoWeekHigh": 64.8, "fiftyDayAverage": 39.15, "twoHundredDayAverage": 34.21095, "currency": "INR", "fromCurrency": null, "toCurrency": null, "lastMarket": null, "algorithm": null, "tradeable": false}, "incomeStatementHistoryQuarterly": {"incomeStatementHistory": [{"maxAge": 1, "endDate": "2020-06-30", "totalRevenue": 29424000, "costOfRevenue": 19030000, "grossProfit": 10394000, "researchDevelopment": {}, "sellingGeneralAdministrative": 7859000, "nonRecurring": {}, "otherOperatingExpenses": 11895000, "totalOperatingExpenses": 39684000, "operatingIncome": -10260000, "totalOtherIncomeExpenseNet": -76000, "ebit": -10260000, "interestExpense": -76000, "incomeBeforeTax": -10336000, "incomeTaxExpense": 0, "minorityInterest": {}, "netIncomeFromContinuingOps": -10336000, "discontinuedOperations": {}, "extraordinaryItems": {}, "effectOfAccountingCharges": {}, "otherItems": {}, "netIncome": -10336000, "netIncomeApplicableToCommonShares": -10336000}, {"maxAge": 1, "endDate": "2020-03-31", "totalRevenue": 67462477, "costOfRevenue": 34873434, "grossProfit": 32589043, "researchDevelopment": {}, "sellingGeneralAdministrative": 60953488, "nonRecurring": {}, "otherOperatingExpenses": -13271423, "totalOperatingExpenses": 83524562, "operatingIncome": -16062085, "totalOtherIncomeExpenseNet": 18591712, "ebit": -16062085, "interestExpense": -461401, "incomeBeforeTax": 2529627, "incomeTaxExpense": 3321076, "minorityInterest": {}, "netIncomeFromContinuingOps": -791449, "discontinuedOperations": {}, "extraordinaryItems": {}, "effectOfAccountingCharges": {}, "otherItems": {}, "netIncome": -791449, "netIncomeApplicableToCommonShares": -791449}, {"maxAge": 1, "endDate": "2019-12-31", "totalRevenue": 83249000, "costOfRevenue": 43309000, "grossProfit": 39940000, "researchDevelopment": {}, "sellingGeneralAdministrative": 10534000, "nonRecurring": {}, "otherOperatingExpenses": 30592000, "totalOperatingExpenses": 85335000, "operatingIncome": -2086000, "totalOtherIncomeExpenseNet": -848000, "ebit": -2086000, "interestExpense": -848000, "incomeBeforeTax": -2934000, "incomeTaxExpense": 0, "minorityInterest": {}, "netIncomeFromContinuingOps": -2934000, "discontinuedOperations": {}, "extraordinaryItems": {}, "effectOfAccountingCharges": {}, "otherItems": {}, "netIncome": -2934000, "netIncomeApplicableToCommonShares": -2934000}, {"maxAge": 1, "endDate": "2019-09-30", "totalRevenue": 80610000, "costOfRevenue": 36594000, "grossProfit": 44016000, "researchDevelopment": {}, "sellingGeneralAdministrative": 11897000, "nonRecurring": {}, "otherOperatingExpenses": 28462000, "totalOperatingExpenses": 77853000, "operatingIncome": 2757000, "totalOtherIncomeExpenseNet": -1451000, "ebit": 2757000, "interestExpense": -1451000, "incomeBeforeTax": 1306000, "incomeTaxExpense": 0, "minorityInterest": {}, "netIncomeFromContinuingOps": 1306000, "discontinuedOperations": {}, "extraordinaryItems": {}, "effectOfAccountingCharges": {}, "otherItems": {}, "netIncome": 1306000, "netIncomeApplicableToCommonShares": 1306000}], "maxAge": 86400}, "cashflowStatementHistoryQuarterly": {"cashflowStatements": [{"maxAge": 1, "endDate": "2020-06-30", "netIncome": -10336000, "changeToLiabilities": 0}, {"maxAge": 1, "endDate": "2020-03-31", "netIncome": -791449, "changeToLiabilities": 0}, {"maxAge": 1, "endDate": "2019-12-31", "netIncome": -2934000, "changeToLiabilities": 0}, {"maxAge": 1, "endDate": "2019-09-30", "netIncome": 1306000, "changeToLiabilities": 0}], "maxAge": 86400}, "insiderHolders": {"holders": [{"maxAge": 1, "name": "Mammen (Roy)", "relation": "Promoter", "url": "", "transactionDescription": "Other", "latestTransDate": "2019-10-30", "positionDirect": 296514, "positionDirectDate": "2019-10-30"}, {"maxAge": 1, "name": "Philip (Peter)", "relation": "Promoter", "url": "", "transactionDescription": "Other", "latestTransDate": "2019-10-30", "positionDirect": 44023, "positionDirectDate": "2019-10-30"}], "maxAge": 1}, "calendarEvents": {"maxAge": 1, "earnings": {"earningsDate": []}}, "price": {"maxAge": 1, "regularMarketChangePercent": 0.019856969, "regularMarketChange": 1.2499962, "regularMarketTime": "2021-04-30 15:23:48", "priceHint": 2, "regularMarketPrice": 64.2, "regularMarketDayHigh": 64.8, "regularMarketDayLow": 61.0, "regularMarketVolume": 1381, "averageDailyVolume10Day": 2947, "averageDailyVolume3Month": 1971, "regularMarketPreviousClose": 62.95, "regularMarketSource": "FREE_REALTIME", "regularMarketOpen": 62.0, "exchange": "BSE", "exchangeName": "BSE", "exchangeDataDelayedBy": 0, "marketState": "CLOSED", "quoteType": "EQUITY", "symbol": "MMRUBBR-B.BO", "underlyingSymbol": null, "shortName": "MM RUBBER COMPANY LTD.", "longName": "M M Rubber Company Limited", "currency": "INR", "quoteSourceName": "Delayed Quote", "currencySymbol": "\u20b9", "fromCurrency": null, "toCurrency": null, "lastMarket": null, "marketCap": 400035328}, "balanceSheetHistory": {"balanceSheetStatements": [{"maxAge": 1, "endDate": "2020-03-31", "cash": 23072099, "shortTermInvestments": 12707, "netReceivables": 21299243, "inventory": 56671651, "otherCurrentAssets": 5352676, "totalCurrentAssets": 106434976, "longTermInvestments": 8567, "propertyPlantEquipment": 101967850, "otherAssets": 3204756, "totalAssets": 211616149, "accountsPayable": 21336480, "otherCurrentLiab": 7425293, "longTermDebt": 10447057, "otherLiab": 19152813, "totalCurrentLiabilities": 28763820, "totalLiab": 58363690, "commonStock": 12462162, "retainedEarnings": 11249400, "treasuryStock": 54506187, "capitalSurplus": 75034710, "otherStockholderEquity": 54506187, "totalStockholderEquity": 153252459, "netTangibleAssets": 153252459}, {"maxAge": 1, "endDate": "2019-03-31", "cash": 5463354, "netReceivables": 20676011, "inventory": 43205211, "otherCurrentAssets": 2103321, "totalCurrentAssets": 71471997, "longTermInvestments": 8567, "propertyPlantEquipment": 85863650, "otherAssets": 9886365, "totalAssets": 167230579, "accountsPayable": 20590770, "shortLongTermDebt": 3082254, "otherCurrentLiab": 11537975, "longTermDebt": 10112434, "otherLiab": 14887018, "totalCurrentLiabilities": 75696258, "totalLiab": 100695710, "commonStock": 9961130, "retainedEarnings": 9021848, "treasuryStock": 47548141, "capitalSurplus": 3750, "otherStockholderEquity": 47548141, "totalStockholderEquity": 66534869, "netTangibleAssets": 66534869}, {"maxAge": 1, "endDate": "2018-03-31", "cash": 3857762, "shortTermInvestments": 138467, "netReceivables": 28551915, "inventory": 38784867, "otherCurrentAssets": 2020343, "totalCurrentAssets": 73605069, "longTermInvestments": 8567, "propertyPlantEquipment": 86078061, "otherAssets": 9247233, "totalAssets": 168938930, "accountsPayable": 25485651, "shortLongTermDebt": 2378137, "otherCurrentLiab": 10212465, "longTermDebt": 13389825, "otherLiab": 14887018, "totalCurrentLiabilities": 78885646, "totalLiab": 107162489, "commonStock": 9961130, "retainedEarnings": 4263420, "treasuryStock": 47548141, "capitalSurplus": 3750, "otherStockholderEquity": 47548141, "totalStockholderEquity": 61776441, "netTangibleAssets": 61776441}, {"maxAge": 1, "endDate": "2017-03-31", "cash": 3223690, "shortTermInvestments": 1031669, "netReceivables": 17930897, "inventory": 41085892, "otherCurrentAssets": 1720411, "totalCurrentAssets": 65051409, "longTermInvestments": 8567, "propertyPlantEquipment": 90100485, "otherAssets": 9293503, "totalAssets": 164453964, "accountsPayable": 11147257, "shortLongTermDebt": 1978906, "otherCurrentLiab": 9286912, "longTermDebt": 4009814, "otherLiab": 18888673, "totalCurrentLiabilities": 67940285, "totalLiab": 90838772, "commonStock": 9961130, "retainedEarnings": 1252171, "treasuryStock": 62398141, "capitalSurplus": 3750, "otherStockholderEquity": 62398141, "totalStockholderEquity": 73615192, "netTangibleAssets": 73615192}], "maxAge": 86400}, "financialData": {"maxAge": 86400, "currentPrice": 64.2, "recommendationKey": "none", "grossProfits": 163851043, "financialCurrency": "INR"}}}