{"MMTC.NS": {"assetProfile": {"address1": "Scope Complex", "address2": "Core -1 7 Institutional Area Lodhi Road", "city": "New Delhi", "zip": "110003", "country": "India", "phone": "91 11 2436 2200", "fax": "91 11 2436 0724", "website": "http://mmtclimited.com", "industry": "Conglomerates", "sector": "Industrials", "longBusinessSummary": "MMTC Limited operates as a trading company in Asia, Europe, Africa, the Middle East, Latin America, and North America. It exports mineral products, such as iron ore fines and lumps, chrome ore, chrome concentrate, manganese ore, bentonite, bentonite power, bauxite, feldspar, quartz, sandstone, granite, mica flakes, and other products. The company also imports and exports gold, silver, platinum, palladium, rough diamonds, emeralds, rubies, and other semi-precious stones; operates jewelry and sterling silverware showrooms; and manufactures gold and silver medallions. In addition, it imports and exports non-ferrous metals, such as copper, aluminum, zinc and lead ingots, tin ingots, nickel, briquettes, ferro nickel, etc.; minor metals comprising antimony, silicon, cobalt metal, silicon, magnesium, and mercury; brown and white fused alumina, calcined alumina and bauxite, noble metals, and ferro alloys; and aluminum, zinc, and other alloys. Further, the company trades in agro products, including wheat, rice, onion, maize, soya bean meal, sugar, edible oil, and pulses; and imports and sells fertilizers and raw materials, such as urea, di-ammonium phosphate, mono-ammonium phosphate, powdered mono-ammonium phosphate, muriate of potash, complex fertilizers, sulphur and rock phosphate, and phosphoric acid. Additionally, it trades in non-coking and coking coal, naphtha, LAM coke, furnace oil, and bitumen; and engineering products, as well as operates a windmill project located at Gajendergarh in Karnataka. MMTC Limited was founded in 1963 and is based in New Delhi, India.", "fullTimeEmployees": 528, "companyOfficers": [{"maxAge": 1, "name": "Mr. Rajiv Ranjan Sinha", "age": 56, "title": "Director of Personnel & Whole Time Director", "yearBorn": 1964, "fiscalYear": 2020, "totalPay": 2750160, "exercisedValue": 0, "unexercisedValue": 0}, {"maxAge": 1, "name": "Mr. J. Ravi Shanker", "age": 55, "title": "Director of Marketing & Exec. Director", "yearBorn": 1965, "fiscalYear": 2020, "totalPay": 3574386, "exercisedValue": 0, "unexercisedValue": 0}, {"maxAge": 1, "name": "Mr. G.  Anandanarayanan", "title": "Company Sec.", "fiscalYear": 2020, "totalPay": 3130470, "exercisedValue": 0, "unexercisedValue": 0}, {"maxAge": 1, "name": "Mr. Sudhanshu  Pandey IAS", "age": 57, "title": "Chairman & MD", "yearBorn": 1963, "exercisedValue": 0, "unexercisedValue": 0}, {"maxAge": 1, "name": "Mr. Sanjay  Chadha", "age": 56, "title": "Chairman & MD", "yearBorn": 1964, "exercisedValue": 0, "unexercisedValue": 0}, {"maxAge": 1, "name": "Mr. Kapil Kumar Gupta", "age": 51, "title": "Director of Fin. & Accounts and Whole Time Director", "yearBorn": 1969, "exercisedValue": 0, "unexercisedValue": 0}, {"maxAge": 1, "name": "B. N. Dash", "title": "Chief Gen. Mang. of Fin. & Accounts", "exercisedValue": 0, "unexercisedValue": 0}, {"maxAge": 1, "name": "Anita  Guptrishi", "title": "Gen. Mang. of Corp. Communication", "exercisedValue": 0, "unexercisedValue": 0}, {"maxAge": 1, "name": "Mr. Sanjay  Kaul", "title": "Chief Gen. Mang. of Minerals", "exercisedValue": 0, "unexercisedValue": 0}, {"maxAge": 1, "name": "Mr. N.  Balaji", "title": "Chief Gen. Mang. of Gen. Trade & Projects", "exercisedValue": 0, "unexercisedValue": 0}], "compensationAsOfEpochDate": "2020-12-31 05:30:00", "maxAge": 86400}, "recommendationTrend": {"trend": [{"period": "0m", "strongBuy": 0, "buy": 0, "hold": 0, "sell": 0, "strongSell": 0}, {"period": "-1m", "strongBuy": 0, "buy": 0, "hold": 0, "sell": 0, "strongSell": 0}, {"period": "-2m", "strongBuy": 0, "buy": 0, "hold": 0, "sell": 0, "strongSell": 0}, {"period": "-3m", "strongBuy": 0, "buy": 0, "hold": 0, "sell": 0, "strongSell": 0}], "maxAge": 86400}, "cashflowStatementHistory": {"cashflowStatements": [{"maxAge": 1, "endDate": "2020-03-31", "netIncome": -2737200000, "depreciation": 57200000, "changeToNetincome": 1886900000, "changeToAccountReceivables": -16173000000, "changeToLiabilities": -4717100000, "changeToInventory": 547100000, "changeToOperatingActivities": -4754800000, "totalCashFromOperatingActivities": -25883100000, "capitalExpenditures": -64100000, "investments": -794200000, "otherCashflowsFromInvestingActivities": 270200000, "totalCashflowsFromInvestingActivities": -581200000, "dividendsPaid": -450000000, "netBorrowings": 28880500000, "otherCashflowsFromFinancingActivities": -1545300000, "totalCashFromFinancingActivities": 26885200000, "changeInCash": 420900000}, {"maxAge": 1, "endDate": "2019-03-31", "netIncome": 1087200000, "depreciation": 50300000, "changeToNetincome": 691100000, "changeToAccountReceivables": -896600000, "changeToLiabilities": 666100000, "changeToInventory": 14303700000, "changeToOperatingActivities": -19574200000, "totalCashFromOperatingActivities": -3665800000, "capitalExpenditures": -26300000, "investments": -794200000, "otherCashflowsFromInvestingActivities": 110300000, "totalCashflowsFromInvestingActivities": 87000000, "dividendsPaid": -361700000, "netBorrowings": 4422300000, "otherCashflowsFromFinancingActivities": -667000000, "totalCashFromFinancingActivities": 3393600000, "changeInCash": -185200000}, {"maxAge": 1, "endDate": "2018-03-31", "netIncome": 375200000, "depreciation": 46700000, "changeToNetincome": 85000000, "changeToAccountReceivables": 1622800000, "changeToLiabilities": 3540400000, "changeToInventory": 6551200000, "changeToOperatingActivities": -16779600000, "totalCashFromOperatingActivities": -4551400000, "capitalExpenditures": -7800000, "investments": 960000000, "otherCashflowsFromInvestingActivities": 213700000, "totalCashflowsFromInvestingActivities": 1169000000, "dividendsPaid": -361100000, "netBorrowings": 790700000, "otherCashflowsFromFinancingActivities": -166100000, "totalCashFromFinancingActivities": 263500000, "changeInCash": -3118900000}, {"maxAge": 1, "endDate": "2017-03-31", "netIncome": -297600000, "depreciation": 61000000, "changeToNetincome": 593100000, "changeToAccountReceivables": 3132400000, "changeToLiabilities": -2370500000, "changeToInventory": -19700400000, "changeToOperatingActivities": 21304100000, "totalCashFromOperatingActivities": 2729000000, "capitalExpenditures": -25100000, "investments": -960000000, "otherCashflowsFromInvestingActivities": 305800000, "totalCashflowsFromInvestingActivities": -675800000, "dividendsPaid": -361000000, "netBorrowings": 1673300000, "otherCashflowsFromFinancingActivities": -214100000, "totalCashFromFinancingActivities": 1098200000, "changeInCash": 3151400000}], "maxAge": 86400}, "indexTrend": {"maxAge": 1, "symbol": "SP5", "peRatio": 19.7411, "pegRatio": 1.34172, "estimates": [{"period": "0q", "growth": 0.549}, {"period": "+1q", "growth": 0.431}, {"period": "0y", "growth": 0.305}, {"period": "+1y", "growth": 0.109}, {"period": "+5y", "growth": 0.120865}, {"period": "-5y"}]}, "defaultKeyStatistics": {"maxAge": 1, "priceHint": 2, "enterpriseValue": 70077997056, "profitMargins": -0.01825, "floatShares": 150289160, "sharesOutstanding": 1500000000, "heldPercentInsiders": 0.89927, "heldPercentInstitutions": 0.03399, "beta": 1.087711, "category": null, "bookValue": 5.088, "priceToBook": 8.028695, "fundFamily": null, "legalType": null, "lastFiscalYearEnd": "2020-03-31 05:30:00", "nextFiscalYearEnd": "2022-03-31 05:30:00", "mostRecentQuarter": "2020-12-31 05:30:00", "netIncomeToCommon": -4512200192, "trailingEps": -2.904, "lastSplitFactor": "3:2", "lastSplitDate": "2018-05-03 05:30:00", "enterpriseToRevenue": 0.283, "enterpriseToEbitda": -30.377}, "industryTrend": {"maxAge": 1, "symbol": null, "estimates": []}, "quoteType": {"exchange": "NSI", "quoteType": "EQUITY", "symbol": "MMTC.NS", "underlyingSymbol": "MMTC.NS", "shortName": "MMTC", "longName": "MMTC Limited", "firstTradeDateEpochUtc": "2010-01-08 09:15:00", "timeZoneFullName": "Asia/Kolkata", "timeZoneShortName": "IST", "uuid": "43a26496-4172-3c1f-b246-3f84650f1de7", "gmtOffSetMilliseconds": 19800000, "maxAge": 1}, "incomeStatementHistory": {"incomeStatementHistory": [{"maxAge": 1, "endDate": "2020-03-31", "totalRevenue": 263047100000, "costOfRevenue": 252895000000, "grossProfit": 10152100000, "researchDevelopment": {}, "sellingGeneralAdministrative": 2061300000, "nonRecurring": {}, "otherOperatingExpenses": 8776900000, "totalOperatingExpenses": 263798200000, "operatingIncome": -751100000, "totalOtherIncomeExpenseNet": -1977000000, "ebit": -751100000, "interestExpense": -1421900000, "incomeBeforeTax": -2728100000, "incomeTaxExpense": 9100000, "minorityInterest": {}, "netIncomeFromContinuingOps": -2737200000, "discontinuedOperations": {}, "extraordinaryItems": {}, "effectOfAccountingCharges": {}, "otherItems": {}, "netIncome": -2737200000, "netIncomeApplicableToCommonShares": -2737200000}, {"maxAge": 1, "endDate": "2019-03-31", "totalRevenue": 294396900000, "costOfRevenue": 280662600000, "grossProfit": 13734300000, "researchDevelopment": {}, "sellingGeneralAdministrative": 2367300000, "nonRecurring": {}, "otherOperatingExpenses": 9451100000, "totalOperatingExpenses": 292537900000, "operatingIncome": 1859000000, "totalOtherIncomeExpenseNet": -400200000, "ebit": 1859000000, "interestExpense": -665600000, "incomeBeforeTax": 1458800000, "incomeTaxExpense": 371600000, "minorityInterest": {}, "netIncomeFromContinuingOps": 1087200000, "discontinuedOperations": {}, "extraordinaryItems": {}, "effectOfAccountingCharges": {}, "otherItems": {}, "netIncome": 1087200000, "netIncomeApplicableToCommonShares": 1087200000}, {"maxAge": 1, "endDate": "2018-03-31", "totalRevenue": 164509800000, "costOfRevenue": 152618600000, "grossProfit": 11891200000, "researchDevelopment": {}, "sellingGeneralAdministrative": 3113500000, "nonRecurring": {}, "otherOperatingExpenses": 8485600000, "totalOperatingExpenses": 164271300000, "operatingIncome": 238500000, "totalOtherIncomeExpenseNet": 238900000, "ebit": 238500000, "interestExpense": -164500000, "incomeBeforeTax": 477400000, "incomeTaxExpense": 102200000, "minorityInterest": {}, "netIncomeFromContinuingOps": 375200000, "discontinuedOperations": {}, "extraordinaryItems": {}, "effectOfAccountingCharges": {}, "otherItems": {}, "netIncome": 375200000, "netIncomeApplicableToCommonShares": 375200000}, {"maxAge": 1, "endDate": "2017-03-31", "totalRevenue": 118269000000, "costOfRevenue": 110604900000, "grossProfit": 7664100000, "researchDevelopment": {}, "sellingGeneralAdministrative": 2223800000, "nonRecurring": {}, "otherOperatingExpenses": 5707000000, "totalOperatingExpenses": 118603700000, "operatingIncome": -334700000, "totalOtherIncomeExpenseNet": 279100000, "ebit": -334700000, "interestExpense": -203200000, "incomeBeforeTax": -55600000, "incomeTaxExpense": 242000000, "minorityInterest": {}, "netIncomeFromContinuingOps": -297600000, "discontinuedOperations": {}, "extraordinaryItems": {}, "effectOfAccountingCharges": {}, "otherItems": {}, "netIncome": -297600000, "netIncomeApplicableToCommonShares": -297600000}], "maxAge": 86400}, "fundOwnership": {"ownershipList": [], "maxAge": 1}, "summaryDetail": {"maxAge": 1, "priceHint": 2, "previousClose": 40.4, "open": 39.85, "dayLow": 39.3, "dayHigh": 42.1, "regularMarketPreviousClose": 40.4, "regularMarketOpen": 39.85, "regularMarketDayLow": 39.3, "regularMarketDayHigh": 42.1, "exDividendDate": "2019-09-19 05:30:00", "payoutRatio": 0.0, "beta": 1.087711, "volume": 3098648, "regularMarketVolume": 3098648, "averageVolume": 6988952, "averageVolume10days": 3813624, "averageDailyVolume10Day": 3813624, "bid": 0.0, "ask": 0.0, "bidSize": 0, "askSize": 0, "marketCap": 61274996736, "fiftyTwoWeekLow": 12.25, "fiftyTwoWeekHigh": 52.55, "priceToSalesTrailing12Months": 0.2478432, "fiftyDayAverage": 41.033825, "twoHundredDayAverage": 26.371277, "trailingAnnualDividendRate": 0.3, "trailingAnnualDividendYield": 0.0074257427, "currency": "INR", "fromCurrency": null, "lastMarket": null, "algorithm": null, "tradeable": false}, "insiderHolders": {"holders": [], "maxAge": 1}, "calendarEvents": {"maxAge": 1, "earnings": {"earningsDate": []}, "exDividendDate": "2019-09-19 05:30:00"}, "upgradeDowngradeHistory": {"history": [], "maxAge": 86400}, "price": {"maxAge": 1, "regularMarketChangePercent": 0.011138538, "regularMarketChange": 0.44999695, "regularMarketTime": "2021-04-30 15:30:02", "priceHint": 2, "regularMarketPrice": 40.85, "regularMarketDayHigh": 42.1, "regularMarketDayLow": 39.3, "regularMarketVolume": 3098648, "averageDailyVolume10Day": 3813624, "averageDailyVolume3Month": 6988952, "regularMarketPreviousClose": 40.4, "regularMarketSource": "FREE_REALTIME", "regularMarketOpen": 39.85, "exchange": "NSI", "exchangeName": "NSE", "exchangeDataDelayedBy": 15, "marketState": "CLOSED", "quoteType": "EQUITY", "symbol": "MMTC.NS", "underlyingSymbol": null, "shortName": "MMTC", "longName": "MMTC Limited", "currency": "INR", "quoteSourceName": "Delayed Quote", "currencySymbol": "\u20b9", "fromCurrency": null, "lastMarket": null, "marketCap": 61274996736}, "balanceSheetHistory": {"balanceSheetStatements": [{"maxAge": 1, "endDate": "2020-03-31", "cash": 746500000, "shortTermInvestments": 163700000, "netReceivables": 19550300000, "inventory": 2177100000, "otherCurrentAssets": 37092800000, "totalCurrentAssets": 59730400000, "longTermInvestments": 1182500000, "propertyPlantEquipment": 440900000, "intangibleAssets": 5600000, "otherAssets": 3013700000, "deferredLongTermAssetCharges": 2308400000, "totalAssets": 64373100000, "accountsPayable": 6656000000, "otherCurrentLiab": 8944900000, "longTermDebt": 1667000000, "otherLiab": 448400000, "totalCurrentLiabilities": 53087500000, "totalLiab": 55267800000, "commonStock": 1500000000, "retainedEarnings": 7580300000, "treasuryStock": 25000000, "otherStockholderEquity": 25000000, "totalStockholderEquity": 9105300000, "netTangibleAssets": 9099700000}, {"maxAge": 1, "endDate": "2019-03-31", "cash": 325600000, "shortTermInvestments": 138700000, "netReceivables": 5048500000, "inventory": 2799100000, "otherCurrentAssets": 30474000000, "totalCurrentAssets": 38785900000, "longTermInvestments": 1675200000, "propertyPlantEquipment": 446300000, "intangibleAssets": 8000000, "otherAssets": 2882800000, "deferredLongTermAssetCharges": 2308400000, "totalAssets": 43798200000, "accountsPayable": 11390400000, "otherCurrentLiab": 7261700000, "otherLiab": 1885500000, "totalCurrentLiabilities": 29225400000, "totalLiab": 31110900000, "commonStock": 1500000000, "retainedEarnings": 11036100000, "treasuryStock": 151200000, "otherStockholderEquity": 151200000, "totalStockholderEquity": 12687300000, "netTangibleAssets": 12679300000}, {"maxAge": 1, "endDate": "2018-03-31", "cash": 510800000, "shortTermInvestments": 160300000, "netReceivables": 4506700000, "inventory": 17110800000, "otherCurrentAssets": 24327800000, "totalCurrentAssets": 46616400000, "longTermInvestments": 1494400000, "propertyPlantEquipment": 468800000, "intangibleAssets": 14600000, "otherAssets": 3130300000, "deferredLongTermAssetCharges": 2356100000, "totalAssets": 51724500000, "accountsPayable": 10648300000, "otherCurrentLiab": 20957700000, "otherLiab": 1841500000, "totalCurrentLiabilities": 37856000000, "totalLiab": 39697500000, "commonStock": 1000000000, "retainedEarnings": 10885700000, "treasuryStock": 141300000, "otherStockholderEquity": 141300000, "totalStockholderEquity": 12027000000, "netTangibleAssets": 12012400000}, {"maxAge": 1, "endDate": "2017-03-31", "cash": 3629700000, "shortTermInvestments": 1645500000, "netReceivables": 5686800000, "inventory": 23668400000, "otherCurrentAssets": 16297700000, "totalCurrentAssets": 51888100000, "longTermInvestments": 1266200000, "propertyPlantEquipment": 507800000, "intangibleAssets": 21400000, "otherAssets": 4794400000, "deferredLongTermAssetCharges": 2325800000, "totalAssets": 58477900000, "accountsPayable": 6890000000, "otherCurrentLiab": 32844600000, "otherLiab": 1877000000, "totalCurrentLiabilities": 44593500000, "totalLiab": 46470500000, "commonStock": 1000000000, "retainedEarnings": 10894200000, "treasuryStock": 113200000, "otherStockholderEquity": 113200000, "totalStockholderEquity": 12007400000, "netTangibleAssets": 11986000000}], "maxAge": 86400}, "earningsTrend": {"trend": [{"maxAge": 1, "period": "0q", "endDate": null, "growth": {}, "earningsEstimate": {"avg": 0.0, "low": 0.0, "high": 0.0, "yearAgoEps": {}, "numberOfAnalysts": 0, "growth": {}}, "revenueEstimate": {"avg": 0, "low": 0, "high": 0, "numberOfAnalysts": 0, "yearAgoRevenue": {}, "growth": {}}, "epsTrend": {"current": 0.0, "7daysAgo": 0.0, "30daysAgo": 0.0, "60daysAgo": 0.0, "90daysAgo": 0.0}, "epsRevisions": {"upLast7days": 0, "upLast30days": 0, "downLast30days": 0, "downLast90days": {}}}, {"maxAge": 1, "period": "+1q", "endDate": null, "growth": {}, "earningsEstimate": {"avg": 0.0, "low": 0.0, "high": 0.0, "yearAgoEps": {}, "numberOfAnalysts": 0, "growth": {}}, "revenueEstimate": {"avg": 0, "low": 0, "high": 0, "numberOfAnalysts": 0, "yearAgoRevenue": {}, "growth": {}}, "epsTrend": {"current": 0.0, "7daysAgo": 0.0, "30daysAgo": 0.0, "60daysAgo": 0.0, "90daysAgo": 0.0}, "epsRevisions": {"upLast7days": 0, "upLast30days": 0, "downLast30days": 0, "downLast90days": {}}}, {"maxAge": 1, "period": "0y", "endDate": null, "growth": {}, "earningsEstimate": {"avg": 0.0, "low": 0.0, "high": 0.0, "yearAgoEps": {}, "numberOfAnalysts": 0, "growth": {}}, "revenueEstimate": {"avg": 0, "low": 0, "high": 0, "numberOfAnalysts": 0, "yearAgoRevenue": {}, "growth": {}}, "epsTrend": {"current": 0.0, "7daysAgo": 0.0, "30daysAgo": 0.0, "60daysAgo": 0.0, "90daysAgo": 0.0}, "epsRevisions": {"upLast7days": 0, "upLast30days": 0, "downLast30days": 0, "downLast90days": {}}}, {"maxAge": 1, "period": "+1y", "endDate": null, "growth": {}, "earningsEstimate": {"avg": 0.0, "low": 0.0, "high": 0.0, "yearAgoEps": {}, "numberOfAnalysts": 0, "growth": {}}, "revenueEstimate": {"avg": 0, "low": 0, "high": 0, "numberOfAnalysts": 0, "yearAgoRevenue": {}, "growth": {}}, "epsTrend": {"current": 0.0, "7daysAgo": 0.0, "30daysAgo": 0.0, "60daysAgo": 0.0, "90daysAgo": 0.0}, "epsRevisions": {"upLast7days": 0, "upLast30days": 0, "downLast30days": 0, "downLast90days": {}}}, {"maxAge": 1, "period": "+5y", "endDate": null, "growth": {}, "earningsEstimate": {"avg": {}, "low": {}, "high": {}, "yearAgoEps": {}, "numberOfAnalysts": {}, "growth": {}}, "revenueEstimate": {"avg": {}, "low": {}, "high": {}, "numberOfAnalysts": {}, "yearAgoRevenue": {}, "growth": {}}, "epsTrend": {"current": {}, "7daysAgo": {}, "30daysAgo": {}, "60daysAgo": {}, "90daysAgo": {}}, "epsRevisions": {"upLast7days": {}, "upLast30days": {}, "downLast30days": {}, "downLast90days": {}}}, {"maxAge": 1, "period": "-5y", "endDate": null, "growth": 0.50829, "earningsEstimate": {"avg": {}, "low": {}, "high": {}, "yearAgoEps": {}, "numberOfAnalysts": {}, "growth": {}}, "revenueEstimate": {"avg": {}, "low": {}, "high": {}, "numberOfAnalysts": {}, "yearAgoRevenue": {}, "growth": {}}, "epsTrend": {"current": {}, "7daysAgo": {}, "30daysAgo": {}, "60daysAgo": {}, "90daysAgo": {}}, "epsRevisions": {"upLast7days": {}, "upLast30days": {}, "downLast30days": {}, "downLast90days": {}}}], "maxAge": 1}, "institutionOwnership": {"ownershipList": [], "maxAge": 1}, "majorHoldersBreakdown": {"maxAge": 1, "insidersPercentHeld": 0.89927, "institutionsPercentHeld": 0.03399, "institutionsFloatPercentHeld": 0.33745, "institutionsCount": 4}, "balanceSheetHistoryQuarterly": {"balanceSheetStatements": [{"maxAge": 1, "endDate": "2020-12-31", "totalStockholderEquity": 7552600000, "netTangibleAssets": 7549000000}, {"maxAge": 1, "endDate": "2020-09-30", "cash": 15633400000, "shortTermInvestments": 72100000, "netReceivables": 15711200000, "inventory": 12594100000, "otherCurrentAssets": 34642700000, "totalCurrentAssets": 78653500000, "longTermInvestments": 1318300000, "propertyPlantEquipment": 416800000, "intangibleAssets": 3600000, "otherAssets": 2657200000, "deferredLongTermAssetCharges": 2308400000, "totalAssets": 83049400000, "accountsPayable": 41004400000, "otherCurrentLiab": 8508900000, "longTermDebt": 1667000000, "otherLiab": 476800000, "totalCurrentLiabilities": 73199200000, "totalLiab": 75496800000, "commonStock": 1500000000, "treasuryStock": 6052600000, "otherStockholderEquity": 6052600000, "totalStockholderEquity": 7552600000, "netTangibleAssets": 7549000000}, {"maxAge": 1, "endDate": "2020-06-30", "totalStockholderEquity": 9105300000, "netTangibleAssets": 9099700000}, {"maxAge": 1, "endDate": "2020-03-31", "cash": 746500000, "shortTermInvestments": 163700000, "netReceivables": 19550300000, "inventory": 2177100000, "otherCurrentAssets": 37092800000, "totalCurrentAssets": 59730400000, "longTermInvestments": 1182500000, "propertyPlantEquipment": 440900000, "intangibleAssets": 5600000, "otherAssets": 3013700000, "deferredLongTermAssetCharges": 2308400000, "totalAssets": 64373100000, "accountsPayable": 6656000000, "otherCurrentLiab": 8944900000, "longTermDebt": 1667000000, "otherLiab": 448400000, "totalCurrentLiabilities": 53087500000, "totalLiab": 55267800000, "commonStock": 1500000000, "retainedEarnings": 7580300000, "treasuryStock": 25000000, "otherStockholderEquity": 25000000, "totalStockholderEquity": 9105300000, "netTangibleAssets": 9099700000}], "maxAge": 86400}, "earningsHistory": {"history": [{"maxAge": 1, "epsActual": {}, "epsEstimate": {}, "epsDifference": {}, "surprisePercent": {}, "quarter": {}, "period": "-4q"}, {"maxAge": 1, "epsActual": {}, "epsEstimate": {}, "epsDifference": {}, "surprisePercent": {}, "quarter": {}, "period": "-3q"}, {"maxAge": 1, "epsActual": {}, "epsEstimate": {}, "epsDifference": {}, "surprisePercent": {}, "quarter": {}, "period": "-2q"}, {"maxAge": 1, "epsActual": {}, "epsEstimate": {}, "epsDifference": {}, "surprisePercent": {}, "quarter": {}, "period": "-1q"}], "maxAge": 86400}, "summaryProfile": {"address1": "Scope Complex", "address2": "Core -1 7 Institutional Area Lodhi Road", "city": "New Delhi", "zip": "110003", "country": "India", "phone": "91 11 2436 2200", "fax": "91 11 2436 0724", "website": "http://mmtclimited.com", "industry": "Conglomerates", "sector": "Industrials", "longBusinessSummary": "MMTC Limited operates as a trading company in Asia, Europe, Africa, the Middle East, Latin America, and North America. It exports mineral products, such as iron ore fines and lumps, chrome ore, chrome concentrate, manganese ore, bentonite, bentonite power, bauxite, feldspar, quartz, sandstone, granite, mica flakes, and other products. The company also imports and exports gold, silver, platinum, palladium, rough diamonds, emeralds, rubies, and other semi-precious stones; operates jewelry and sterling silverware showrooms; and manufactures gold and silver medallions. In addition, it imports and exports non-ferrous metals, such as copper, aluminum, zinc and lead ingots, tin ingots, nickel, briquettes, ferro nickel, etc.; minor metals comprising antimony, silicon, cobalt metal, silicon, magnesium, and mercury; brown and white fused alumina, calcined alumina and bauxite, noble metals, and ferro alloys; and aluminum, zinc, and other alloys. Further, the company trades in agro products, including wheat, rice, onion, maize, soya bean meal, sugar, edible oil, and pulses; and imports and sells fertilizers and raw materials, such as urea, di-ammonium phosphate, mono-ammonium phosphate, powdered mono-ammonium phosphate, muriate of potash, complex fertilizers, sulphur and rock phosphate, and phosphoric acid. Additionally, it trades in non-coking and coking coal, naphtha, LAM coke, furnace oil, and bitumen; and engineering products, as well as operates a windmill project located at Gajendergarh in Karnataka. MMTC Limited was founded in 1963 and is based in New Delhi, India.", "fullTimeEmployees": 528, "companyOfficers": [], "maxAge": 86400}, "netSharePurchaseActivity": {"maxAge": 1, "period": "6m", "buyInfoCount": 0, "buyInfoShares": 0, "sellInfoCount": 0, "netInfoCount": 0, "netInfoShares": 0, "netPercentInsiderShares": 0.0, "totalInsiderShares": 1341710848}, "sectorTrend": {"maxAge": 1, "symbol": null, "estimates": []}, "incomeStatementHistoryQuarterly": {"incomeStatementHistory": [{"maxAge": 1, "endDate": "2020-12-31", "totalRevenue": 115143600000, "costOfRevenue": 109334500000, "grossProfit": 5809100000, "researchDevelopment": {}, "sellingGeneralAdministrative": 447200000, "nonRecurring": {}, "otherOperatingExpenses": 5252700000, "totalOperatingExpenses": 115048400000, "operatingIncome": 95200000, "totalOtherIncomeExpenseNet": -612700000, "ebit": 95200000, "interestExpense": -510700000, "incomeBeforeTax": -517500000, "incomeTaxExpense": 4700000, "minorityInterest": {}, "netIncomeFromContinuingOps": -522200000, "discontinuedOperations": {}, "extraordinaryItems": {}, "effectOfAccountingCharges": {}, "otherItems": {}, "netIncome": -522200000, "netIncomeApplicableToCommonShares": -522200000}, {"maxAge": 1, "endDate": "2020-09-30", "totalRevenue": 67759600000, "costOfRevenue": 65520300000, "grossProfit": 2239300000, "researchDevelopment": {}, "sellingGeneralAdministrative": 413900000, "nonRecurring": {}, "otherOperatingExpenses": 1883100000, "totalOperatingExpenses": 67833600000, "operatingIncome": -74000000, "totalOtherIncomeExpenseNet": -365000000, "ebit": -74000000, "interestExpense": -480900000, "incomeBeforeTax": -439000000, "incomeTaxExpense": 6300000, "minorityInterest": {}, "netIncomeFromContinuingOps": -445300000, "discontinuedOperations": {}, "extraordinaryItems": {}, "effectOfAccountingCharges": {}, "otherItems": {}, "netIncome": -445300000, "netIncomeApplicableToCommonShares": -445300000}, {"maxAge": 1, "endDate": "2020-06-30", "totalRevenue": 24045100000, "costOfRevenue": 23481800000, "grossProfit": 563300000, "researchDevelopment": {}, "sellingGeneralAdministrative": 437700000, "nonRecurring": {}, "otherOperatingExpenses": 323200000, "totalOperatingExpenses": 24256900000, "operatingIncome": -211800000, "totalOtherIncomeExpenseNet": -718200000, "ebit": -211800000, "interestExpense": -474000000, "incomeBeforeTax": -930000000, "incomeTaxExpense": 2200000, "minorityInterest": {}, "netIncomeFromContinuingOps": -932200000, "discontinuedOperations": {}, "extraordinaryItems": {}, "effectOfAccountingCharges": {}, "otherItems": {}, "netIncome": -932200000, "netIncomeApplicableToCommonShares": -932200000}, {"maxAge": 1, "endDate": "2020-03-31", "totalRevenue": 40284500000, "costOfRevenue": 39586800000, "grossProfit": 697700000, "researchDevelopment": {}, "sellingGeneralAdministrative": 37200000, "nonRecurring": {}, "otherOperatingExpenses": 2777200000, "totalOperatingExpenses": 42427000000, "operatingIncome": -2142500000, "totalOtherIncomeExpenseNet": -754000000, "ebit": -2142500000, "interestExpense": -502700000, "incomeBeforeTax": -2896500000, "incomeTaxExpense": -235400000, "minorityInterest": {}, "netIncomeFromContinuingOps": -2661100000, "discontinuedOperations": {}, "extraordinaryItems": {}, "effectOfAccountingCharges": {}, "otherItems": {}, "netIncome": -2661100000, "netIncomeApplicableToCommonShares": -2661100000}], "maxAge": 86400}, "cashflowStatementHistoryQuarterly": {"cashflowStatements": [{"maxAge": 1, "endDate": "2020-12-31", "netIncome": -522200000, "changeToLiabilities": 0}, {"maxAge": 1, "endDate": "2020-09-30", "netIncome": -445300000, "changeToLiabilities": 0}, {"maxAge": 1, "endDate": "2020-06-30", "netIncome": -932200000, "changeToLiabilities": 0}, {"maxAge": 1, "endDate": "2020-03-31", "netIncome": -2661100000, "changeToLiabilities": 0}], "maxAge": 86400}, "earnings": {"maxAge": 86400, "earningsChart": {"quarterly": [], "earningsDate": []}, "financialsChart": {"yearly": [{"date": 2017, "revenue": 118269000000, "earnings": -297600000}, {"date": 2018, "revenue": 164509800000, "earnings": 375200000}, {"date": 2019, "revenue": 294396900000, "earnings": 1087200000}, {"date": 2020, "revenue": 263047100000, "earnings": -2737200000}], "quarterly": [{"date": "1Q2020", "revenue": 40284500000, "earnings": -2661100000}, {"date": "2Q2020", "revenue": 24045100000, "earnings": -932200000}, {"date": "3Q2020", "revenue": 67759600000, "earnings": -445300000}, {"date": "4Q2020", "revenue": 115143600000, "earnings": -522200000}]}, "financialCurrency": "INR"}, "financialData": {"maxAge": 86400, "currentPrice": 40.85, "targetHighPrice": 1058.0, "targetLowPrice": 1058.0, "targetMeanPrice": 1058.0, "targetMedianPrice": 1058.0, "recommendationKey": "none", "numberOfAnalystOpinions": 1, "totalCash": 15705499648, "totalCashPerShare": 10.526, "ebitda": -2306925056, "totalDebt": 25506699264, "totalRevenue": 247232905216, "debtToEquity": 337.721, "revenuePerShare": 159.018, "grossProfits": 10152100000, "revenueGrowth": 0.388, "grossMargins": 0.03765, "ebitdaMargins": -0.009330001, "operatingMargins": -0.00944, "profitMargins": -0.01825, "financialCurrency": "INR"}}}