{"MMTC.BO": {"recommendationTrend": {"trend": [{"period": "0m", "strongBuy": 0, "buy": 0, "hold": 0, "sell": 0, "strongSell": 0}, {"period": "-1m", "strongBuy": 0, "buy": 0, "hold": 0, "sell": 0, "strongSell": 0}, {"period": "-2m", "strongBuy": 0, "buy": 0, "hold": 0, "sell": 0, "strongSell": 0}, {"period": "-3m", "strongBuy": 0, "buy": 0, "hold": 0, "sell": 0, "strongSell": 0}], "maxAge": 86400}, "cashflowStatementHistory": {"cashflowStatements": [{"maxAge": 1, "endDate": "2020-03-31", "netIncome": -2737200000, "depreciation": 65000000, "changeToNetincome": 1886900000, "changeToAccountReceivables": -16173000000, "changeToLiabilities": -4717100000, "changeToInventory": 547100000, "changeToOperatingActivities": -4754800000, "totalCashFromOperatingActivities": -25883100000, "capitalExpenditures": -64100000, "investments": -794200000, "otherCashflowsFromInvestingActivities": 270200000, "totalCashflowsFromInvestingActivities": -581200000, "dividendsPaid": -542500000, "netBorrowings": 28880500000, "otherCashflowsFromFinancingActivities": -1452800000, "totalCashFromFinancingActivities": 26885200000, "changeInCash": 420900000}, {"maxAge": 1, "endDate": "2019-03-31", "netIncome": 1087200000, "depreciation": 50300000, "changeToNetincome": 691100000, "changeToAccountReceivables": -896600000, "changeToLiabilities": 666100000, "changeToInventory": 14303700000, "changeToOperatingActivities": -19460400000, "totalCashFromOperatingActivities": -3552000000, "capitalExpenditures": -26300000, "investments": -794200000, "otherCashflowsFromInvestingActivities": 110300000, "totalCashflowsFromInvestingActivities": 87000000, "dividendsPaid": -300000000, "netBorrowings": 4422300000, "otherCashflowsFromFinancingActivities": -728700000, "totalCashFromFinancingActivities": 3393600000, "changeInCash": -71400000}, {"maxAge": 1, "endDate": "2018-03-31", "netIncome": 375200000, "depreciation": 46700000, "changeToNetincome": 85000000, "changeToAccountReceivables": 1622800000, "changeToLiabilities": 3540400000, "changeToInventory": 6551200000, "changeToOperatingActivities": -16779600000, "totalCashFromOperatingActivities": -4551400000, "capitalExpenditures": -7800000, "investments": 960000000, "otherCashflowsFromInvestingActivities": 213700000, "totalCashflowsFromInvestingActivities": 1169000000, "dividendsPaid": -361100000, "netBorrowings": 790700000, "otherCashflowsFromFinancingActivities": -166100000, "totalCashFromFinancingActivities": 263500000, "changeInCash": -3118900000}, {"maxAge": 1, "endDate": "2017-03-31", "netIncome": -297600000, "depreciation": 61000000, "changeToNetincome": 593100000, "changeToAccountReceivables": 3132400000, "changeToLiabilities": -2370500000, "changeToInventory": -19700400000, "changeToOperatingActivities": 21304100000, "totalCashFromOperatingActivities": 2729000000, "capitalExpenditures": -25100000, "investments": -960000000, "otherCashflowsFromInvestingActivities": 305800000, "totalCashflowsFromInvestingActivities": -675800000, "dividendsPaid": -361000000, "netBorrowings": 1673300000, "otherCashflowsFromFinancingActivities": -214100000, "totalCashFromFinancingActivities": 1098200000, "changeInCash": 3151400000}], "maxAge": 86400}, "institutionOwnership": {"ownershipList": [], "maxAge": 1}, "balanceSheetHistoryQuarterly": {"balanceSheetStatements": [{"maxAge": 1, "endDate": "2020-06-30", "totalStockholderEquity": 9105300000, "netTangibleAssets": 9099700000}, {"maxAge": 1, "endDate": "2020-03-31", "cash": 2268500000, "shortTermInvestments": 143100000, "netReceivables": 20487100000, "inventory": 2177100000, "otherCurrentAssets": 34654600000, "totalCurrentAssets": 59730400000, "longTermInvestments": 1530800000, "propertyPlantEquipment": 440900000, "intangibleAssets": 5600000, "otherAssets": 2665400000, "deferredLongTermAssetCharges": 2308400000, "totalAssets": 64373100000, "accountsPayable": 6656000000, "otherCurrentLiab": 9603100000, "longTermDebt": 1667000000, "otherLiab": 513300000, "totalCurrentLiabilities": 53087500000, "totalLiab": 55267800000, "commonStock": 1500000000, "treasuryStock": 7605300000, "otherStockholderEquity": 7605300000, "totalStockholderEquity": 9105300000, "netTangibleAssets": 9099700000}, {"maxAge": 1, "endDate": "2019-12-31", "totalStockholderEquity": 11903400000, "netTangibleAssets": 11896600000}, {"maxAge": 1, "endDate": "2019-09-30", "cash": 1507100000, "shortTermInvestments": 44500000, "netReceivables": 35803500000, "inventory": 5245800000, "otherCurrentAssets": 19820100000, "totalCurrentAssets": 62421000000, "longTermInvestments": 1892300000, "propertyPlantEquipment": 429600000, "intangibleAssets": 6800000, "otherAssets": 2677000000, "deferredLongTermAssetCharges": 2308400000, "totalAssets": 67426700000, "accountsPayable": 25492900000, "otherCurrentLiab": 9248000000, "otherLiab": 1948900000, "totalCurrentLiabilities": 53574400000, "totalLiab": 55523300000, "commonStock": 1500000000, "treasuryStock": 10403400000, "otherStockholderEquity": 10403400000, "totalStockholderEquity": 11903400000, "netTangibleAssets": 11896600000}], "maxAge": 86400}, "earningsHistory": {"history": [{"maxAge": 1, "epsActual": {}, "epsEstimate": {}, "epsDifference": {}, "surprisePercent": {}, "quarter": {}, "period": "-4q"}, {"maxAge": 1, "epsActual": {}, "epsEstimate": {}, "epsDifference": {}, "surprisePercent": {}, "quarter": {}, "period": "-3q"}, {"maxAge": 1, "epsActual": {}, "epsEstimate": {}, "epsDifference": {}, "surprisePercent": {}, "quarter": {}, "period": "-2q"}, {"maxAge": 1, "epsActual": {}, "epsEstimate": {}, "epsDifference": {}, "surprisePercent": {}, "quarter": {}, "period": "-1q"}], "maxAge": 86400}, "indexTrend": {"maxAge": 1, "symbol": "SP5", "peRatio": 19.7411, "pegRatio": 1.34172, "estimates": [{"period": "0q", "growth": 0.549}, {"period": "+1q", "growth": 0.431}, {"period": "0y", "growth": 0.305}, {"period": "+1y", "growth": 0.109}, {"period": "+5y", "growth": 0.120865}, {"period": "-5y"}]}, "industryTrend": {"maxAge": 1, "symbol": null, "estimates": []}, "quoteType": {"exchange": "BSE", "quoteType": "EQUITY", "symbol": "MMTC.BO", "underlyingSymbol": "MMTC.BO", "shortName": "MMTC LTD.", "longName": "MMTC Limited", "firstTradeDateEpochUtc": "1999-12-23 09:15:00", "timeZoneFullName": "Asia/Kolkata", "timeZoneShortName": "IST", "uuid": "2fe8ca30-3caf-35f4-ac61-d99dacae707e", "gmtOffSetMilliseconds": 19800000, "maxAge": 1}, "incomeStatementHistory": {"incomeStatementHistory": [{"maxAge": 1, "endDate": "2020-03-31", "totalRevenue": 263047100000, "costOfRevenue": 252820600000, "grossProfit": 10226500000, "researchDevelopment": {}, "sellingGeneralAdministrative": 2563500000, "nonRecurring": {}, "otherOperatingExpenses": 8291100000, "totalOperatingExpenses": 263740200000, "operatingIncome": -693100000, "totalOtherIncomeExpenseNet": -2035000000, "ebit": -693100000, "interestExpense": -1421900000, "incomeBeforeTax": -2728100000, "incomeTaxExpense": 9100000, "minorityInterest": {}, "netIncomeFromContinuingOps": -2737200000, "discontinuedOperations": {}, "extraordinaryItems": {}, "effectOfAccountingCharges": {}, "otherItems": {}, "netIncome": -2737200000, "netIncomeApplicableToCommonShares": -2737200000}, {"maxAge": 1, "endDate": "2019-03-31", "totalRevenue": 294396900000, "costOfRevenue": 280662600000, "grossProfit": 13734300000, "researchDevelopment": {}, "sellingGeneralAdministrative": 2367300000, "nonRecurring": {}, "otherOperatingExpenses": 9451100000, "totalOperatingExpenses": 292537900000, "operatingIncome": 1859000000, "totalOtherIncomeExpenseNet": -400200000, "ebit": 1859000000, "interestExpense": -665600000, "incomeBeforeTax": 1458800000, "incomeTaxExpense": 371600000, "minorityInterest": {}, "netIncomeFromContinuingOps": 1087200000, "discontinuedOperations": {}, "extraordinaryItems": {}, "effectOfAccountingCharges": {}, "otherItems": {}, "netIncome": 1087200000, "netIncomeApplicableToCommonShares": 1087200000}, {"maxAge": 1, "endDate": "2018-03-31", "totalRevenue": 164509800000, "costOfRevenue": 152618600000, "grossProfit": 11891200000, "researchDevelopment": {}, "sellingGeneralAdministrative": 3113500000, "nonRecurring": {}, "otherOperatingExpenses": 8485600000, "totalOperatingExpenses": 164271300000, "operatingIncome": 238500000, "totalOtherIncomeExpenseNet": 238900000, "ebit": 238500000, "interestExpense": -164500000, "incomeBeforeTax": 477400000, "incomeTaxExpense": 102200000, "minorityInterest": {}, "netIncomeFromContinuingOps": 375200000, "discontinuedOperations": {}, "extraordinaryItems": {}, "effectOfAccountingCharges": {}, "otherItems": {}, "netIncome": 375200000, "netIncomeApplicableToCommonShares": 375200000}, {"maxAge": 1, "endDate": "2017-03-31", "totalRevenue": 118269000000, "costOfRevenue": 110604900000, "grossProfit": 7664100000, "researchDevelopment": {}, "sellingGeneralAdministrative": 2223800000, "nonRecurring": {}, "otherOperatingExpenses": 5707000000, "totalOperatingExpenses": 118603700000, "operatingIncome": -334700000, "totalOtherIncomeExpenseNet": 279100000, "ebit": -334700000, "interestExpense": -203200000, "incomeBeforeTax": -55600000, "incomeTaxExpense": 242000000, "minorityInterest": {}, "netIncomeFromContinuingOps": -297600000, "discontinuedOperations": {}, "extraordinaryItems": {}, "effectOfAccountingCharges": {}, "otherItems": {}, "netIncome": -297600000, "netIncomeApplicableToCommonShares": -297600000}], "maxAge": 86400}, "fundOwnership": {"ownershipList": [], "maxAge": 1}, "summaryDetail": {"maxAge": 1, "priceHint": 2, "previousClose": 40.4, "open": 40.2, "dayLow": 39.6, "dayHigh": 42.1, "regularMarketPreviousClose": 40.4, "regularMarketOpen": 40.2, "regularMarketDayLow": 39.6, "regularMarketDayHigh": 42.1, "volume": 502297, "regularMarketVolume": 502297, "averageVolume": 459947, "averageVolume10days": 307911, "averageDailyVolume10Day": 307911, "bid": 40.8, "ask": 0.0, "bidSize": 0, "askSize": 0, "marketCap": 61350002688, "fiftyTwoWeekLow": 9.9, "fiftyTwoWeekHigh": 42.1, "fiftyDayAverage": 27.716667, "twoHundredDayAverage": 20.402206, "trailingAnnualDividendRate": 0.3, "trailingAnnualDividendYield": 0.0074257427, "currency": "INR", "fromCurrency": null, "lastMarket": null, "algorithm": null, "tradeable": false}, "sectorTrend": {"maxAge": 1, "symbol": null, "estimates": []}, "incomeStatementHistoryQuarterly": {"incomeStatementHistory": [{"maxAge": 1, "endDate": "2020-06-30", "totalRevenue": 24045100000, "costOfRevenue": 23481800000, "grossProfit": 563300000, "researchDevelopment": {}, "sellingGeneralAdministrative": 437700000, "nonRecurring": {}, "otherOperatingExpenses": 323200000, "totalOperatingExpenses": 24256900000, "operatingIncome": -211800000, "totalOtherIncomeExpenseNet": -718200000, "ebit": -211800000, "interestExpense": -474000000, "incomeBeforeTax": -930000000, "incomeTaxExpense": 2200000, "minorityInterest": {}, "netIncomeFromContinuingOps": -932200000, "discontinuedOperations": {}, "extraordinaryItems": {}, "effectOfAccountingCharges": {}, "otherItems": {}, "netIncome": -932200000, "netIncomeApplicableToCommonShares": -932200000}, {"maxAge": 1, "endDate": "2020-03-31", "totalRevenue": 40284500000, "costOfRevenue": 39512400000, "grossProfit": 772100000, "researchDevelopment": {}, "sellingGeneralAdministrative": 539400000, "nonRecurring": {}, "otherOperatingExpenses": 2291400000, "totalOperatingExpenses": 42369000000, "operatingIncome": -2084500000, "totalOtherIncomeExpenseNet": -812000000, "ebit": -2084500000, "interestExpense": -502700000, "incomeBeforeTax": -2896500000, "incomeTaxExpense": -235400000, "minorityInterest": {}, "netIncomeFromContinuingOps": -2661100000, "discontinuedOperations": {}, "extraordinaryItems": {}, "effectOfAccountingCharges": {}, "otherItems": {}, "netIncome": -2661100000, "netIncomeApplicableToCommonShares": -2661100000}, {"maxAge": 1, "endDate": "2019-12-31", "totalRevenue": 82947900000, "costOfRevenue": 79880000000, "grossProfit": 3067900000, "researchDevelopment": {}, "sellingGeneralAdministrative": 817700000, "nonRecurring": {}, "otherOperatingExpenses": 1755700000, "totalOperatingExpenses": 82465700000, "operatingIncome": 482200000, "totalOtherIncomeExpenseNet": -258900000, "ebit": 482200000, "interestExpense": -392500000, "incomeBeforeTax": 223300000, "incomeTaxExpense": 98500000, "minorityInterest": {}, "netIncomeFromContinuingOps": 124800000, "discontinuedOperations": {}, "extraordinaryItems": {}, "effectOfAccountingCharges": {}, "otherItems": {}, "netIncome": 124800000, "netIncomeApplicableToCommonShares": 124800000}, {"maxAge": 1, "endDate": "2019-09-30", "totalRevenue": 67838700000, "costOfRevenue": 65446400000, "grossProfit": 2392300000, "researchDevelopment": {}, "sellingGeneralAdministrative": 607700000, "nonRecurring": {}, "otherOperatingExpenses": 1176800000, "totalOperatingExpenses": 67245000000, "operatingIncome": 593700000, "totalOtherIncomeExpenseNet": -954500000, "ebit": 593700000, "interestExpense": -267700000, "incomeBeforeTax": -360800000, "incomeTaxExpense": 117000000, "minorityInterest": {}, "netIncomeFromContinuingOps": -477800000, "discontinuedOperations": {}, "extraordinaryItems": {}, "effectOfAccountingCharges": {}, "otherItems": {}, "netIncome": -477800000, "netIncomeApplicableToCommonShares": -477800000}], "maxAge": 86400}, "cashflowStatementHistoryQuarterly": {"cashflowStatements": [{"maxAge": 1, "endDate": "2020-06-30", "netIncome": -932200000, "changeToLiabilities": 0}, {"maxAge": 1, "endDate": "2020-03-31", "netIncome": -2661100000, "changeToLiabilities": 0}, {"maxAge": 1, "endDate": "2019-12-31", "netIncome": 124800000, "changeToLiabilities": 0}, {"maxAge": 1, "endDate": "2019-09-30", "netIncome": -477800000, "changeToLiabilities": 0}], "maxAge": 86400}, "insiderHolders": {"holders": [], "maxAge": 1}, "earnings": {"maxAge": 86400, "earningsChart": {"quarterly": [], "earningsDate": ["2020-09-14 05:30:S"]}, "financialsChart": {"yearly": [{"date": 2017, "revenue": 118269000000, "earnings": -297600000}, {"date": 2018, "revenue": 164509800000, "earnings": 375200000}, {"date": 2019, "revenue": 294396900000, "earnings": 1087200000}, {"date": 2020, "revenue": 263047100000, "earnings": -2737200000}], "quarterly": [{"date": "3Q2019", "revenue": 67838700000, "earnings": -477800000}, {"date": "4Q2019", "revenue": 82947900000, "earnings": 124800000}, {"date": "1Q2020", "revenue": 40284500000, "earnings": -2661100000}, {"date": "2Q2020", "revenue": 24045100000, "earnings": -932200000}]}, "financialCurrency": "INR"}, "calendarEvents": {"maxAge": 1, "earnings": {"earningsDate": ["2020-09-14 05:30:S"]}}, "upgradeDowngradeHistory": {"history": [], "maxAge": 86400}, "price": {"maxAge": 1, "regularMarketChangePercent": 0.012376237, "regularMarketChange": 0.5, "regularMarketTime": "2021-04-30 15:58:37", "priceHint": 2, "regularMarketPrice": 40.9, "regularMarketDayHigh": 42.1, "regularMarketDayLow": 39.6, "regularMarketVolume": 502297, "averageDailyVolume10Day": 307911, "averageDailyVolume3Month": 459947, "regularMarketPreviousClose": 40.4, "regularMarketSource": "FREE_REALTIME", "regularMarketOpen": 40.2, "exchange": "BSE", "exchangeName": "BSE", "exchangeDataDelayedBy": 0, "marketState": "CLOSED", "quoteType": "EQUITY", "symbol": "MMTC.BO", "underlyingSymbol": null, "shortName": "MMTC LTD.", "longName": "MMTC Limited", "currency": "INR", "quoteSourceName": "Delayed Quote", "currencySymbol": "\u20b9", "fromCurrency": null, "lastMarket": null, "marketCap": 61350002688}, "balanceSheetHistory": {"balanceSheetStatements": [{"maxAge": 1, "endDate": "2020-03-31", "cash": 2268500000, "shortTermInvestments": 143100000, "netReceivables": 20487100000, "inventory": 2177100000, "otherCurrentAssets": 34654600000, "totalCurrentAssets": 59730400000, "longTermInvestments": 1530800000, "propertyPlantEquipment": 440900000, "intangibleAssets": 5600000, "otherAssets": 2665400000, "deferredLongTermAssetCharges": 2308400000, "totalAssets": 64373100000, "accountsPayable": 6656000000, "otherCurrentLiab": 9603100000, "longTermDebt": 1667000000, "otherLiab": 513300000, "totalCurrentLiabilities": 53087500000, "totalLiab": 55267800000, "commonStock": 1500000000, "treasuryStock": 7605300000, "otherStockholderEquity": 7605300000, "totalStockholderEquity": 9105300000, "netTangibleAssets": 9099700000}, {"maxAge": 1, "endDate": "2019-03-31", "cash": 439400000, "shortTermInvestments": 138700000, "netReceivables": 5048500000, "inventory": 2799100000, "otherCurrentAssets": 30360200000, "totalCurrentAssets": 38785900000, "longTermInvestments": 1675200000, "propertyPlantEquipment": 446300000, "intangibleAssets": 8000000, "otherAssets": 2882800000, "deferredLongTermAssetCharges": 2308400000, "totalAssets": 43798200000, "accountsPayable": 11390400000, "otherCurrentLiab": 7261700000, "otherLiab": 1885500000, "totalCurrentLiabilities": 29225400000, "totalLiab": 31110900000, "commonStock": 1500000000, "retainedEarnings": 11036100000, "treasuryStock": 151200000, "otherStockholderEquity": 151200000, "totalStockholderEquity": 12687300000, "netTangibleAssets": 12679300000}, {"maxAge": 1, "endDate": "2018-03-31", "cash": 510800000, "shortTermInvestments": 160300000, "netReceivables": 4506700000, "inventory": 17110800000, "otherCurrentAssets": 24327800000, "totalCurrentAssets": 46616400000, "longTermInvestments": 1494400000, "propertyPlantEquipment": 468800000, "intangibleAssets": 14600000, "otherAssets": 3130300000, "deferredLongTermAssetCharges": 2356100000, "totalAssets": 51724500000, "accountsPayable": 10648300000, "otherCurrentLiab": 20957700000, "otherLiab": 1841500000, "totalCurrentLiabilities": 37856000000, "totalLiab": 39697500000, "commonStock": 1000000000, "retainedEarnings": 10885700000, "treasuryStock": 141300000, "otherStockholderEquity": 141300000, "totalStockholderEquity": 12027000000, "netTangibleAssets": 12012400000}, {"maxAge": 1, "endDate": "2017-03-31", "cash": 3629700000, "shortTermInvestments": 1645500000, "netReceivables": 5686800000, "inventory": 23668400000, "otherCurrentAssets": 16297700000, "totalCurrentAssets": 51888100000, "longTermInvestments": 1266200000, "propertyPlantEquipment": 507800000, "intangibleAssets": 21400000, "otherAssets": 4794400000, "deferredLongTermAssetCharges": 2325800000, "totalAssets": 58477900000, "accountsPayable": 6890000000, "otherCurrentLiab": 32844600000, "otherLiab": 1877000000, "totalCurrentLiabilities": 44593500000, "totalLiab": 46470500000, "commonStock": 1000000000, "retainedEarnings": 10894200000, "treasuryStock": 113200000, "otherStockholderEquity": 113200000, "totalStockholderEquity": 12007400000, "netTangibleAssets": 11986000000}], "maxAge": 86400}, "earningsTrend": {"trend": [{"maxAge": 1, "period": "0q", "endDate": null, "growth": {}, "earningsEstimate": {"avg": 0.0, "low": 0.0, "high": 0.0, "yearAgoEps": {}, "numberOfAnalysts": 0, "growth": {}}, "revenueEstimate": {"avg": 0, "low": 0, "high": 0, "numberOfAnalysts": 0, "yearAgoRevenue": {}, "growth": {}}, "epsTrend": {"current": 0.0, "7daysAgo": 0.0, "30daysAgo": 0.0, "60daysAgo": 0.0, "90daysAgo": 0.0}, "epsRevisions": {"upLast7days": 0, "upLast30days": 0, "downLast30days": 0, "downLast90days": {}}}, {"maxAge": 1, "period": "+1q", "endDate": null, "growth": {}, "earningsEstimate": {"avg": 0.0, "low": 0.0, "high": 0.0, "yearAgoEps": {}, "numberOfAnalysts": 0, "growth": {}}, "revenueEstimate": {"avg": 0, "low": 0, "high": 0, "numberOfAnalysts": 0, "yearAgoRevenue": {}, "growth": {}}, "epsTrend": {"current": 0.0, "7daysAgo": 0.0, "30daysAgo": 0.0, "60daysAgo": 0.0, "90daysAgo": 0.0}, "epsRevisions": {"upLast7days": 0, "upLast30days": 0, "downLast30days": 0, "downLast90days": {}}}, {"maxAge": 1, "period": "0y", "endDate": null, "growth": {}, "earningsEstimate": {"avg": 0.0, "low": 0.0, "high": 0.0, "yearAgoEps": {}, "numberOfAnalysts": 0, "growth": {}}, "revenueEstimate": {"avg": 0, "low": 0, "high": 0, "numberOfAnalysts": 0, "yearAgoRevenue": {}, "growth": {}}, "epsTrend": {"current": 0.0, "7daysAgo": 0.0, "30daysAgo": 0.0, "60daysAgo": 0.0, "90daysAgo": 0.0}, "epsRevisions": {"upLast7days": 0, "upLast30days": 0, "downLast30days": 0, "downLast90days": {}}}, {"maxAge": 1, "period": "+1y", "endDate": null, "growth": {}, "earningsEstimate": {"avg": 0.0, "low": 0.0, "high": 0.0, "yearAgoEps": {}, "numberOfAnalysts": 0, "growth": {}}, "revenueEstimate": {"avg": 0, "low": 0, "high": 0, "numberOfAnalysts": 0, "yearAgoRevenue": {}, "growth": {}}, "epsTrend": {"current": 0.0, "7daysAgo": 0.0, "30daysAgo": 0.0, "60daysAgo": 0.0, "90daysAgo": 0.0}, "epsRevisions": {"upLast7days": 0, "upLast30days": 0, "downLast30days": 0, "downLast90days": {}}}, {"maxAge": 1, "period": "+5y", "endDate": null, "growth": {}, "earningsEstimate": {"avg": {}, "low": {}, "high": {}, "yearAgoEps": {}, "numberOfAnalysts": {}, "growth": {}}, "revenueEstimate": {"avg": {}, "low": {}, "high": {}, "numberOfAnalysts": {}, "yearAgoRevenue": {}, "growth": {}}, "epsTrend": {"current": {}, "7daysAgo": {}, "30daysAgo": {}, "60daysAgo": {}, "90daysAgo": {}}, "epsRevisions": {"upLast7days": {}, "upLast30days": {}, "downLast30days": {}, "downLast90days": {}}}, {"maxAge": 1, "period": "-5y", "endDate": null, "growth": 0.50829, "earningsEstimate": {"avg": {}, "low": {}, "high": {}, "yearAgoEps": {}, "numberOfAnalysts": {}, "growth": {}}, "revenueEstimate": {"avg": {}, "low": {}, "high": {}, "numberOfAnalysts": {}, "yearAgoRevenue": {}, "growth": {}}, "epsTrend": {"current": {}, "7daysAgo": {}, "30daysAgo": {}, "60daysAgo": {}, "90daysAgo": {}}, "epsRevisions": {"upLast7days": {}, "upLast30days": {}, "downLast30days": {}, "downLast90days": {}}}], "maxAge": 1}, "financialData": {"maxAge": 86400, "currentPrice": 40.9, "targetHighPrice": 1058.0, "targetLowPrice": 1058.0, "targetMeanPrice": 1058.0, "targetMedianPrice": 1058.0, "recommendationKey": "none", "numberOfAnalystOpinions": 1, "grossProfits": 10226500000, "financialCurrency": "INR"}}}