{"MODAIRY.BO": {"cashflowStatementHistory": {"cashflowStatements": [{"maxAge": 1, "endDate": "2020-03-31", "netIncome": 34879000, "depreciation": 55127000, "changeToNetincome": 9382000, "changeToAccountReceivables": 77040000, "changeToLiabilities": 73242000, "changeToInventory": -118284000, "changeToOperatingActivities": -68806000, "totalCashFromOperatingActivities": 62580000, "capitalExpenditures": -50715000, "investments": 31000, "otherCashflowsFromInvestingActivities": 1095000, "totalCashflowsFromInvestingActivities": -49243000, "netBorrowings": -20157000, "totalCashFromFinancingActivities": -20157000, "changeInCash": -6821000}, {"maxAge": 1, "endDate": "2019-03-31", "netIncome": 60597000, "depreciation": 52421000, "changeToNetincome": 6566000, "changeToAccountReceivables": -212575000, "changeToLiabilities": 91923000, "changeToInventory": 21973000, "changeToOperatingActivities": 14914000, "totalCashFromOperatingActivities": 36053000, "capitalExpenditures": -45700000, "investments": 31000, "otherCashflowsFromInvestingActivities": 908000, "totalCashflowsFromInvestingActivities": -44792000, "netBorrowings": -1785000, "totalCashFromFinancingActivities": -1785000, "changeInCash": -10525000}, {"maxAge": 1, "endDate": "2018-03-31", "netIncome": -185688000, "depreciation": 51166000, "changeToNetincome": 30088000, "changeToAccountReceivables": 152726000, "changeToLiabilities": -65540000, "changeToInventory": 178058000, "changeToOperatingActivities": -1841000, "totalCashFromOperatingActivities": 159159000, "capitalExpenditures": -32796000, "investments": -33000, "otherCashflowsFromInvestingActivities": 1506000, "totalCashflowsFromInvestingActivities": -31323000, "netBorrowings": -113292000, "totalCashFromFinancingActivities": -113292000, "changeInCash": 14545000}, {"maxAge": 1, "endDate": "2017-03-31", "netIncome": -113979000, "depreciation": 50604000, "changeToNetincome": 165282000, "changeToAccountReceivables": 28416000, "changeToLiabilities": -40569000, "changeToInventory": 115963000, "changeToOperatingActivities": -180060000, "totalCashFromOperatingActivities": 25726000, "capitalExpenditures": -49052000, "investments": -15000, "otherCashflowsFromInvestingActivities": 1663000, "totalCashflowsFromInvestingActivities": -47404000, "netBorrowings": -54648000, "otherCashflowsFromFinancingActivities": 25553000, "totalCashFromFinancingActivities": -29095000, "changeInCash": -50773000}], "maxAge": 86400}, "institutionOwnership": {"ownershipList": [], "maxAge": 1}, "balanceSheetHistoryQuarterly": {"balanceSheetStatements": [{"maxAge": 1, "endDate": "2020-06-30", "totalStockholderEquity": -783282000, "netTangibleAssets": -783968000}, {"maxAge": 1, "endDate": "2020-03-31", "cash": 8942000, "shortTermInvestments": 5391000, "netReceivables": 230645000, "inventory": 256077000, "otherCurrentAssets": 119768000, "totalCurrentAssets": 620823000, "longTermInvestments": 133000, "propertyPlantEquipment": 759192000, "intangibleAssets": 686000, "otherAssets": 75893000, "totalAssets": 1456727000, "accountsPayable": 344154000, "shortLongTermDebt": 1657611000, "otherCurrentLiab": 36941000, "otherLiab": 8962000, "totalCurrentLiabilities": 2231047000, "totalLiab": 2240009000, "commonStock": 233589000, "treasuryStock": -1016871000, "otherStockholderEquity": -1016871000, "totalStockholderEquity": -783282000, "netTangibleAssets": -783968000}, {"maxAge": 1, "endDate": "2019-12-31", "totalStockholderEquity": -799742000, "netTangibleAssets": -800531000}, {"maxAge": 1, "endDate": "2019-09-30", "cash": 13422000, "netReceivables": 262750000, "inventory": 207116000, "otherCurrentAssets": 114089000, "totalCurrentAssets": 597377000, "longTermInvestments": 164000, "propertyPlantEquipment": 764521000, "intangibleAssets": 789000, "otherAssets": 77038000, "totalAssets": 1439889000, "accountsPayable": 354283000, "shortLongTermDebt": 1656804000, "otherCurrentLiab": 31009000, "longTermDebt": 2500000, "otherLiab": 7952000, "totalCurrentLiabilities": 2229179000, "totalLiab": 2239631000, "commonStock": 233589000, "treasuryStock": -1033331000, "otherStockholderEquity": -1033331000, "totalStockholderEquity": -799742000, "netTangibleAssets": -800531000}], "maxAge": 86400}, "indexTrend": {"maxAge": 1, "symbol": "SP5", "peRatio": 19.7411, "pegRatio": 1.34172, "estimates": [{"period": "0q", "growth": 0.549}, {"period": "+1q", "growth": 0.431}, {"period": "0y", "growth": 0.305}, {"period": "+1y", "growth": 0.109}, {"period": "+5y", "growth": 0.120859005}, {"period": "-5y"}]}, "insiderTransactions": {"transactions": [{"maxAge": 1, "shares": 500000, "filerUrl": "", "transactionText": "", "filerName": "Chandigarh Finance Pvt Ltd", "filerRelation": "Promoter", "moneyText": "", "startDate": "2013-07-26", "ownership": "D"}, {"maxAge": 1, "shares": 500000, "filerUrl": "", "transactionText": "", "filerName": "Goyal (Krishan Kumar) HUF", "filerRelation": "Promoter", "moneyText": "", "startDate": "2013-07-26", "ownership": "D"}, {"maxAge": 1, "shares": 2300000, "filerUrl": "", "transactionText": "", "filerName": "Chandigarh Finance Pvt Ltd", "filerRelation": "Promoter", "moneyText": "", "startDate": "2013-07-24", "ownership": "D"}, {"maxAge": 1, "shares": 1260000, "filerUrl": "", "transactionText": "", "filerName": "Goyal (Alka)", "filerRelation": "Promoter", "moneyText": "", "startDate": "2013-07-24", "ownership": "D"}, {"maxAge": 1, "shares": 1040000, "filerUrl": "", "transactionText": "", "filerName": "Goyal (Krishan Kumar)", "filerRelation": "Chairman of the Board", "moneyText": "", "startDate": "2013-07-24", "ownership": "D"}, {"maxAge": 1, "shares": 320000, "filerUrl": "", "transactionText": "", "filerName": "Goyal (Alka)", "filerRelation": "Promoter", "moneyText": "", "startDate": "2013-04-09", "ownership": "D"}, {"maxAge": 1, "shares": 320000, "filerUrl": "", "transactionText": "", "filerName": "Goyal (Sonam)", "filerRelation": "Promoter", "moneyText": "", "startDate": "2013-04-09", "ownership": "D"}], "maxAge": 1}, "quoteType": {"exchange": "BSE", "quoteType": "EQUITY", "symbol": "MODAIRY.BO", "underlyingSymbol": "MODAIRY.BO", "shortName": "MODERN DAIRIES LTD.", "longName": "Modern Dairies Limited", "firstTradeDateEpochUtc": "2000-11-09 09:15:00", "timeZoneFullName": "Asia/Kolkata", "timeZoneShortName": "IST", "uuid": "cf9935cf-a59b-39be-b091-48af26a3b48c", "gmtOffSetMilliseconds": 19800000, "maxAge": 1}, "incomeStatementHistory": {"incomeStatementHistory": [{"maxAge": 1, "endDate": "2020-03-31", "totalRevenue": 7656068000, "costOfRevenue": 7143245000, "grossProfit": 512823000, "researchDevelopment": {}, "sellingGeneralAdministrative": 101691000, "nonRecurring": {}, "otherOperatingExpenses": 324166000, "totalOperatingExpenses": 7624229000, "operatingIncome": 31839000, "totalOtherIncomeExpenseNet": 3040000, "ebit": 31839000, "interestExpense": -1230000, "incomeBeforeTax": 34879000, "incomeTaxExpense": 0, "minorityInterest": {}, "netIncomeFromContinuingOps": 34879000, "discontinuedOperations": {}, "extraordinaryItems": {}, "effectOfAccountingCharges": {}, "otherItems": {}, "netIncome": 34879000, "netIncomeApplicableToCommonShares": 34879000}, {"maxAge": 1, "endDate": "2019-03-31", "totalRevenue": 5604811000, "costOfRevenue": 5064582000, "grossProfit": 540229000, "researchDevelopment": {}, "sellingGeneralAdministrative": 97116000, "nonRecurring": {}, "otherOperatingExpenses": 329359000, "totalOperatingExpenses": 5543712000, "operatingIncome": 61099000, "totalOtherIncomeExpenseNet": -502000, "ebit": 61099000, "interestExpense": -2015000, "incomeBeforeTax": 60597000, "incomeTaxExpense": 0, "minorityInterest": {}, "netIncomeFromContinuingOps": 60597000, "discontinuedOperations": {}, "extraordinaryItems": {}, "effectOfAccountingCharges": {}, "otherItems": {}, "netIncome": 60597000, "netIncomeApplicableToCommonShares": 60597000}, {"maxAge": 1, "endDate": "2018-03-31", "totalRevenue": 4668107000, "costOfRevenue": 4430085000, "grossProfit": 238022000, "researchDevelopment": {}, "sellingGeneralAdministrative": 89939000, "nonRecurring": {}, "otherOperatingExpenses": 253183000, "totalOperatingExpenses": 4852567000, "operatingIncome": -184460000, "totalOtherIncomeExpenseNet": -1228000, "ebit": -184460000, "interestExpense": -3061000, "incomeBeforeTax": -185688000, "incomeTaxExpense": 0, "minorityInterest": {}, "netIncomeFromContinuingOps": -185688000, "discontinuedOperations": {}, "extraordinaryItems": {}, "effectOfAccountingCharges": {}, "otherItems": {}, "netIncome": -185688000, "netIncomeApplicableToCommonShares": -185688000}, {"maxAge": 1, "endDate": "2017-03-31", "totalRevenue": 4573389000, "costOfRevenue": 4279559000, "grossProfit": 293830000, "researchDevelopment": {}, "sellingGeneralAdministrative": 85624000, "nonRecurring": {}, "otherOperatingExpenses": 244005000, "totalOperatingExpenses": 4659861000, "operatingIncome": -86472000, "totalOtherIncomeExpenseNet": -27507000, "ebit": -86472000, "interestExpense": -166740000, "incomeBeforeTax": -113979000, "incomeTaxExpense": 0, "minorityInterest": {}, "netIncomeFromContinuingOps": -113979000, "discontinuedOperations": {}, "extraordinaryItems": {}, "effectOfAccountingCharges": {}, "otherItems": {}, "netIncome": -113979000, "netIncomeApplicableToCommonShares": -113979000}], "maxAge": 86400}, "fundOwnership": {"ownershipList": [], "maxAge": 1}, "summaryDetail": {"maxAge": 1, "priceHint": 2, "previousClose": 9.06, "open": 9.49, "dayLow": 8.8, "dayHigh": 9.49, "regularMarketPreviousClose": 9.06, "regularMarketOpen": 9.49, "regularMarketDayLow": 8.8, "regularMarketDayHigh": 9.49, "trailingPE": 8.443397, "volume": 11343, "regularMarketVolume": 11343, "averageVolume": 30084, "averageVolume10days": 16366, "averageDailyVolume10Day": 16366, "bid": 8.85, "ask": 9.19, "bidSize": 0, "askSize": 0, "marketCap": 208713104, "fiftyTwoWeekLow": 1.81, "fiftyTwoWeekHigh": 9.49, "fiftyDayAverage": 5.9745455, "twoHundredDayAverage": 4.4682355, "currency": "INR", "fromCurrency": null, "lastMarket": null, "algorithm": null, "tradeable": false}, "incomeStatementHistoryQuarterly": {"incomeStatementHistory": [{"maxAge": 1, "endDate": "2020-06-30", "totalRevenue": 1656566000, "costOfRevenue": 1544027000, "grossProfit": 112539000, "researchDevelopment": {}, "sellingGeneralAdministrative": 26954000, "nonRecurring": {}, "otherOperatingExpenses": 67203000, "totalOperatingExpenses": 1651223000, "operatingIncome": 5343000, "totalOtherIncomeExpenseNet": 1440000, "ebit": 5343000, "interestExpense": -40000, "incomeBeforeTax": 6783000, "incomeTaxExpense": 0, "minorityInterest": {}, "netIncomeFromContinuingOps": 6783000, "discontinuedOperations": {}, "extraordinaryItems": {}, "effectOfAccountingCharges": {}, "otherItems": {}, "netIncome": 6783000, "netIncomeApplicableToCommonShares": 6783000}, {"maxAge": 1, "endDate": "2020-03-31", "totalRevenue": 1947685000, "costOfRevenue": 1815413000, "grossProfit": 132272000, "researchDevelopment": {}, "sellingGeneralAdministrative": 27570000, "nonRecurring": {}, "otherOperatingExpenses": 90527000, "totalOperatingExpenses": 1947089000, "operatingIncome": 596000, "totalOtherIncomeExpenseNet": 729000, "ebit": 596000, "interestExpense": -475000, "incomeBeforeTax": 1325000, "incomeTaxExpense": 0, "minorityInterest": {}, "netIncomeFromContinuingOps": 1325000, "discontinuedOperations": {}, "extraordinaryItems": {}, "effectOfAccountingCharges": {}, "otherItems": {}, "netIncome": 1325000, "netIncomeApplicableToCommonShares": 1325000}, {"maxAge": 1, "endDate": "2019-12-31", "totalRevenue": 2076758000, "costOfRevenue": 1943876000, "grossProfit": 132882000, "researchDevelopment": {}, "sellingGeneralAdministrative": 25178000, "nonRecurring": {}, "otherOperatingExpenses": 80033000, "totalOperatingExpenses": 2062749000, "operatingIncome": 14009000, "totalOtherIncomeExpenseNet": 445000, "ebit": 14009000, "interestExpense": -501000, "incomeBeforeTax": 14454000, "incomeTaxExpense": 0, "minorityInterest": {}, "netIncomeFromContinuingOps": 14454000, "discontinuedOperations": {}, "extraordinaryItems": {}, "effectOfAccountingCharges": {}, "otherItems": {}, "netIncome": 14454000, "netIncomeApplicableToCommonShares": 14454000}, {"maxAge": 1, "endDate": "2019-09-30", "totalRevenue": 2027034000, "costOfRevenue": 1908590000, "grossProfit": 118444000, "researchDevelopment": {}, "sellingGeneralAdministrative": 24448000, "nonRecurring": {}, "otherOperatingExpenses": 78616000, "totalOperatingExpenses": 2025514000, "operatingIncome": 1520000, "totalOtherIncomeExpenseNet": 599000, "ebit": 1520000, "interestExpense": -141000, "incomeBeforeTax": 2119000, "incomeTaxExpense": 0, "minorityInterest": {}, "netIncomeFromContinuingOps": 2119000, "discontinuedOperations": {}, "extraordinaryItems": {}, "effectOfAccountingCharges": {}, "otherItems": {}, "netIncome": 2119000, "netIncomeApplicableToCommonShares": 2119000}], "maxAge": 86400}, "cashflowStatementHistoryQuarterly": {"cashflowStatements": [{"maxAge": 1, "endDate": "2020-06-30", "netIncome": 6783000, "changeToLiabilities": 0}, {"maxAge": 1, "endDate": "2020-03-31", "netIncome": 1325000, "changeToLiabilities": 0}, {"maxAge": 1, "endDate": "2019-12-31", "netIncome": 14454000, "changeToLiabilities": 0}, {"maxAge": 1, "endDate": "2019-09-30", "netIncome": 2119000, "changeToLiabilities": 0}], "maxAge": 86400}, "insiderHolders": {"holders": [{"maxAge": 1, "name": "Chandigarh Finance Pvt Ltd", "relation": "Promoter", "url": "", "transactionDescription": "Other", "latestTransDate": "2013-07-26", "positionDirect": 772292, "positionDirectDate": "2013-07-26"}, {"maxAge": 1, "name": "Goyal (Alka)", "relation": "Promoter", "url": "", "transactionDescription": "Other", "latestTransDate": "2013-07-24", "positionDirect": 2828972, "positionDirectDate": "2013-07-24"}, {"maxAge": 1, "name": "Goyal (Krishan Kumar)", "relation": "Chairman of the Board", "url": "", "transactionDescription": "Other", "latestTransDate": "2013-07-24", "positionDirect": 2295943, "positionDirectDate": "2013-07-24"}, {"maxAge": 1, "name": "Goyal (Krishan Kumar) HUF", "relation": "Promoter", "url": "", "transactionDescription": "Other", "latestTransDate": "2013-07-26", "positionDirect": 1280000, "positionDirectDate": "2013-07-26"}, {"maxAge": 1, "name": "Goyal (Sonam)", "relation": "Promoter", "url": "", "transactionDescription": "Sale", "latestTransDate": "2013-04-09", "positionDirect": 0, "positionDirectDate": "2013-04-09"}], "maxAge": 1}, "calendarEvents": {"maxAge": 1, "earnings": {"earningsDate": ["2020-09-14 05:30:S"]}}, "upgradeDowngradeHistory": {"history": [], "maxAge": 86400}, "price": {"maxAge": 1, "regularMarketChangePercent": -0.012141347, "regularMarketChange": -0.11000061, "regularMarketTime": "2021-04-30 15:27:53", "priceHint": 2, "regularMarketPrice": 8.95, "regularMarketDayHigh": 9.49, "regularMarketDayLow": 8.8, "regularMarketVolume": 11343, "averageDailyVolume10Day": 16366, "averageDailyVolume3Month": 30084, "regularMarketPreviousClose": 9.06, "regularMarketSource": "FREE_REALTIME", "regularMarketOpen": 9.49, "exchange": "BSE", "exchangeName": "BSE", "exchangeDataDelayedBy": 0, "marketState": "CLOSED", "quoteType": "EQUITY", "symbol": "MODAIRY.BO", "underlyingSymbol": null, "shortName": "MODERN DAIRIES LTD.", "longName": "Modern Dairies Limited", "currency": "INR", "quoteSourceName": "Delayed Quote", "currencySymbol": "\u20b9", "fromCurrency": null, "lastMarket": null, "marketCap": 208713104}, "balanceSheetHistory": {"balanceSheetStatements": [{"maxAge": 1, "endDate": "2020-03-31", "cash": 8942000, "shortTermInvestments": 5391000, "netReceivables": 230645000, "inventory": 256077000, "otherCurrentAssets": 119768000, "totalCurrentAssets": 620823000, "longTermInvestments": 133000, "propertyPlantEquipment": 759192000, "intangibleAssets": 686000, "otherAssets": 75893000, "totalAssets": 1456727000, "accountsPayable": 344154000, "shortLongTermDebt": 1657611000, "otherCurrentLiab": 36941000, "otherLiab": 8962000, "totalCurrentLiabilities": 2231047000, "totalLiab": 2240009000, "commonStock": 233589000, "treasuryStock": -1016871000, "otherStockholderEquity": -1016871000, "totalStockholderEquity": -783282000, "netTangibleAssets": -783968000}, {"maxAge": 1, "endDate": "2019-03-31", "cash": 15763000, "netReceivables": 307685000, "inventory": 137793000, "otherCurrentAssets": 50020000, "totalCurrentAssets": 512972000, "longTermInvestments": 104000, "propertyPlantEquipment": 763745000, "intangibleAssets": 890000, "otherAssets": 78099000, "totalAssets": 1355810000, "accountsPayable": 271223000, "shortLongTermDebt": 496530000, "otherCurrentLiab": 14007000, "longTermDebt": 2500000, "otherLiab": 7561000, "totalCurrentLiabilities": 2164593000, "totalLiab": 2174654000, "commonStock": 233199000, "retainedEarnings": -1382149000, "treasuryStock": 22764000, "capitalSurplus": 307342000, "otherStockholderEquity": 22764000, "totalStockholderEquity": -818844000, "netTangibleAssets": -819734000}, {"maxAge": 1, "endDate": "2018-03-31", "cash": 26284000, "netReceivables": 95129000, "inventory": 159766000, "otherCurrentAssets": 29540000, "totalCurrentAssets": 312863000, "longTermInvestments": 104000, "propertyPlantEquipment": 770666000, "intangibleAssets": 924000, "otherAssets": 83568000, "totalAssets": 1168125000, "accountsPayable": 179302000, "shortLongTermDebt": 496530000, "otherCurrentLiab": 13918000, "longTermDebt": 10070000, "otherLiab": 7675000, "totalCurrentLiabilities": 2029964000, "totalLiab": 2047709000, "commonStock": 233199000, "retainedEarnings": -1442889000, "treasuryStock": 22764000, "capitalSurplus": 307342000, "otherStockholderEquity": 22764000, "totalStockholderEquity": -879584000, "netTangibleAssets": -880508000}, {"maxAge": 1, "endDate": "2017-03-31", "cash": 11738000, "netReceivables": 275855000, "inventory": 337824000, "otherCurrentAssets": 33033000, "totalCurrentAssets": 660695000, "longTermInvestments": 71000, "propertyPlantEquipment": 789831000, "intangibleAssets": 320000, "otherAssets": 82913000, "totalAssets": 1533830000, "accountsPayable": 247790000, "otherCurrentLiab": 18101000, "longTermDebt": 1079981000, "otherLiab": 6827000, "totalCurrentLiabilities": 1141236000, "totalLiab": 2228044000, "commonStock": 233199000, "retainedEarnings": -1257519000, "treasuryStock": 22764000, "capitalSurplus": 307342000, "otherStockholderEquity": 22764000, "totalStockholderEquity": -694214000, "netTangibleAssets": -694534000}], "maxAge": 86400}, "financialData": {"maxAge": 86400, "currentPrice": 8.95, "recommendationKey": "none", "grossProfits": 512823000, "financialCurrency": "INR"}}}