{"MODERN.BO": {"cashflowStatementHistory": {"cashflowStatements": [{"maxAge": 1, "endDate": "2020-03-31", "netIncome": -208819000, "depreciation": 45769000, "changeToNetincome": 125065000, "changeToAccountReceivables": -36678000, "changeToLiabilities": 4573000, "changeToInventory": -21782000, "changeToOperatingActivities": 6837000, "totalCashFromOperatingActivities": -82153000, "capitalExpenditures": -11586000, "investments": -9139000, "otherCashflowsFromInvestingActivities": 73942000, "totalCashflowsFromInvestingActivities": 53340000, "dividendsPaid": -11288000, "netBorrowings": -15021000, "otherCashflowsFromFinancingActivities": -14874000, "totalCashFromFinancingActivities": -41183000, "changeInCash": -69995000}, {"maxAge": 1, "endDate": "2019-03-31", "netIncome": -32701000, "depreciation": 33770000, "changeToNetincome": -89427000, "changeToAccountReceivables": -127306000, "changeToLiabilities": 60605000, "changeToInventory": -31986000, "changeToOperatingActivities": -22227000, "totalCashFromOperatingActivities": -206730000, "capitalExpenditures": -27622000, "investments": -5418000, "otherCashflowsFromInvestingActivities": 24060000, "totalCashflowsFromInvestingActivities": 164777000, "dividendsPaid": -14607000, "netBorrowings": 8539000, "otherCashflowsFromFinancingActivities": -9174000, "totalCashFromFinancingActivities": -15242000, "changeInCash": -57195000}, {"maxAge": 1, "endDate": "2018-03-31", "netIncome": -54044000, "depreciation": 32377000, "changeToNetincome": -56533000, "changeToAccountReceivables": 32233000, "changeToLiabilities": -11132000, "changeToInventory": -21089000, "changeToOperatingActivities": 831795000, "totalCashFromOperatingActivities": 754849000, "capitalExpenditures": -15148000, "investments": -705750000, "otherCashflowsFromInvestingActivities": 1350000, "totalCashflowsFromInvestingActivities": -715550000, "dividendsPaid": -14017000, "netBorrowings": -2679000, "otherCashflowsFromFinancingActivities": -7844000, "totalCashFromFinancingActivities": -24540000, "changeInCash": 14756000}, {"maxAge": 1, "endDate": "2017-03-31", "netIncome": -12119000, "depreciation": 37814000, "changeToNetincome": -45127000, "changeToAccountReceivables": 104165000, "changeToLiabilities": -147766000, "changeToInventory": 2199000, "changeToOperatingActivities": 118243000, "totalCashFromOperatingActivities": 58750000, "capitalExpenditures": -6974000, "investments": -3422000, "otherCashflowsFromInvestingActivities": 866000, "totalCashflowsFromInvestingActivities": -7360000, "dividendsPaid": -13775000, "netBorrowings": -82479000, "otherCashflowsFromFinancingActivities": -19159000, "totalCashFromFinancingActivities": -115413000, "changeInCash": -64023000}], "maxAge": 86400}, "institutionOwnership": {"maxAge": 1, "ownershipList": []}, "balanceSheetHistoryQuarterly": {"balanceSheetStatements": [{"maxAge": 1, "endDate": "2020-03-31", "cash": 4428000, "netReceivables": 549185000, "inventory": 178329000, "otherCurrentAssets": 156201000, "totalCurrentAssets": 889643000, "longTermInvestments": 635980000, "propertyPlantEquipment": 302593000, "goodWill": 227986000, "intangibleAssets": 3066000, "otherAssets": 250231000, "deferredLongTermAssetCharges": 119231000, "totalAssets": 2309499000, "accountsPayable": 200167000, "shortLongTermDebt": 5207000, "otherCurrentLiab": 128864000, "longTermDebt": 9912000, "otherLiab": 1528651000, "totalCurrentLiabilities": 548506000, "totalLiab": 2168907000, "commonStock": 75086000, "retainedEarnings": -14849000, "treasuryStock": 80355000, "otherStockholderEquity": 80355000, "totalStockholderEquity": 140592000, "netTangibleAssets": -90460000}, {"maxAge": 1, "endDate": "2019-12-31", "totalStockholderEquity": 296888000, "netTangibleAssets": 65372000}, {"maxAge": 1, "endDate": "2019-09-30", "cash": 125834000, "shortTermInvestments": 318000, "netReceivables": 714911000, "inventory": 169056000, "otherCurrentAssets": 119689000, "totalCurrentAssets": 1129808000, "longTermInvestments": 694057000, "propertyPlantEquipment": 297641000, "goodWill": 227986000, "intangibleAssets": 3530000, "otherAssets": 227285000, "deferredLongTermAssetCharges": 105912000, "totalAssets": 2580307000, "accountsPayable": 290348000, "otherCurrentLiab": 201617000, "longTermDebt": 11368000, "otherLiab": 1592351000, "totalCurrentLiabilities": 679700000, "totalLiab": 2283419000, "commonStock": 75086000, "treasuryStock": 221802000, "otherStockholderEquity": 221802000, "totalStockholderEquity": 296888000, "netTangibleAssets": 65372000}, {"maxAge": 1, "endDate": "2019-06-30", "totalStockholderEquity": 345323000, "netTangibleAssets": 111738000}], "maxAge": 86400}, "indexTrend": {"maxAge": 1, "symbol": "SP5", "peRatio": 19.7411, "pegRatio": 1.34172, "estimates": [{"period": "0q", "growth": 0.549}, {"period": "+1q", "growth": 0.431}, {"period": "0y", "growth": 0.305}, {"period": "+1y", "growth": 0.109}, {"period": "+5y", "growth": 0.120859005}, {"period": "-5y"}]}, "insiderTransactions": {"transactions": [{"maxAge": 1, "shares": 23912, "filerUrl": "", "transactionText": "", "filerName": "Jatia (Vijay Kumar Mahabirprasad)", "filerRelation": "Executive Chairman", "moneyText": "", "startDate": "2014-12-18", "ownership": "D"}, {"maxAge": 1, "shares": 550000, "filerUrl": "", "transactionText": "", "filerName": "Jatia (Gauri)", "filerRelation": "Director (Non-Executive)", "moneyText": "", "startDate": "2013-05-31", "ownership": "D"}, {"maxAge": 1, "shares": 526113, "filerUrl": "", "transactionText": "", "filerName": "Shree Rani Sati Investment & Finance, Ltd.", "filerRelation": "Promoter", "moneyText": "", "startDate": "2013-05-31", "ownership": "D"}, {"maxAge": 1, "shares": 600000, "filerUrl": "", "transactionText": "", "filerName": "Jatia (Vijay Kumar) HUF", "filerRelation": "UNREPORTED", "moneyText": "", "startDate": "2013-05-31", "ownership": "D"}, {"maxAge": 1, "shares": 1412000, "filerUrl": "", "transactionText": "", "filerName": "Jatia (Vijay Kumar Mahabirprasad)", "filerRelation": "Executive Chairman", "moneyText": "", "startDate": "2013-05-31", "ownership": "D"}, {"maxAge": 1, "shares": 366000, "filerUrl": "", "transactionText": "", "filerName": "Jatia (Vedant)", "filerRelation": "Promoter", "moneyText": "", "startDate": "2013-05-31", "ownership": "D"}, {"maxAge": 1, "shares": 366000, "filerUrl": "", "transactionText": "", "filerName": "Jatia (Sidhant Vijay Kumar)", "filerRelation": "Promoter", "moneyText": "", "startDate": "2013-05-31", "ownership": "D"}, {"maxAge": 1, "shares": 366000, "filerUrl": "", "transactionText": "", "filerName": "Jatia (Mudit)", "filerRelation": "Promoter", "moneyText": "", "startDate": "2013-05-31", "ownership": "D"}, {"maxAge": 1, "shares": 242500, "filerUrl": "", "transactionText": "", "filerName": "Jatia (Vijay Kumar Mahabirprasad)", "filerRelation": "Executive Chairman", "moneyText": "", "startDate": "2010-12-30", "ownership": "D"}, {"maxAge": 1, "shares": 10000, "filerUrl": "", "transactionText": "", "filerName": "Jatia (Gauri)", "filerRelation": "Director (Non-Executive)", "moneyText": "", "startDate": "2010-12-28", "ownership": "D"}, {"maxAge": 1, "shares": 0, "filerUrl": "", "transactionText": "", "filerName": "Jatia (Vijay Kumar Mahabirprasad)", "filerRelation": "Executive Chairman", "moneyText": "", "startDate": "2010-12-28", "ownership": "I"}, {"maxAge": 1, "shares": 6000, "filerUrl": "", "transactionText": "", "filerName": "Jatia (Mudit)", "filerRelation": "Promoter", "moneyText": "", "startDate": "2010-12-28", "ownership": "D"}, {"maxAge": 1, "shares": 70000, "filerUrl": "", "transactionText": "", "filerName": "Jatia (Vijay Kumar Mahabirprasad)", "filerRelation": "Executive Chairman", "moneyText": "", "startDate": "2010-12-28", "ownership": "D"}, {"maxAge": 1, "shares": 15000, "filerUrl": "", "transactionText": "", "filerName": "Jatia (Vedant)", "filerRelation": "Promoter", "moneyText": "", "startDate": "2010-12-28", "ownership": "D"}, {"maxAge": 1, "shares": 475, "filerUrl": "", "transactionText": "", "filerName": "Bubna (Pradip Kumar)", "filerRelation": "Director", "moneyText": "", "startDate": "2009-12-14", "ownership": "D"}, {"maxAge": 1, "shares": 500, "filerUrl": "", "transactionText": "", "filerName": "Bubna (Pradip Kumar)", "filerRelation": "Director", "moneyText": "", "startDate": "2009-12-11", "ownership": "D"}, {"maxAge": 1, "shares": 330, "filerUrl": "", "transactionText": "", "filerName": "Bubna (Pradip Kumar)", "filerRelation": "Director", "moneyText": "", "startDate": "2009-10-27", "ownership": "D"}, {"maxAge": 1, "shares": 1000, "filerUrl": "", "transactionText": "", "filerName": "Bubna (Pradip Kumar)", "filerRelation": "Director", "moneyText": "", "startDate": "2009-10-23", "ownership": "D"}, {"maxAge": 1, "shares": 500, "filerUrl": "", "transactionText": "", "filerName": "Bubna (Pradip Kumar)", "filerRelation": "Director", "moneyText": "", "startDate": "2009-10-20", "ownership": "D"}, {"maxAge": 1, "shares": 140, "filerUrl": "", "transactionText": "", "filerName": "Bubna (Pradip Kumar)", "filerRelation": "Director", "moneyText": "", "startDate": "2009-10-17", "ownership": "D"}, {"maxAge": 1, "shares": 350, "filerUrl": "", "transactionText": "", "filerName": "Bubna (Pradip Kumar)", "filerRelation": "Director", "moneyText": "", "startDate": "2009-10-17", "ownership": "D"}, {"maxAge": 1, "shares": 500, "filerUrl": "", "transactionText": "", "filerName": "Bubna (Pradip Kumar)", "filerRelation": "Director", "moneyText": "", "startDate": "2009-10-16", "ownership": "D"}, {"maxAge": 1, "shares": 1000, "filerUrl": "", "transactionText": "", "filerName": "Bubna (Pradip Kumar)", "filerRelation": "Director", "moneyText": "", "startDate": "2009-10-16", "ownership": "D"}, {"maxAge": 1, "shares": 1000, "filerUrl": "", "transactionText": "", "filerName": "Bubna (Pradip Kumar)", "filerRelation": "Director", "moneyText": "", "startDate": "2009-10-14", "ownership": "D"}, {"maxAge": 1, "shares": 1000, "filerUrl": "", "transactionText": "", "filerName": "Bubna (Pradip Kumar)", "filerRelation": "Director", "moneyText": "", "startDate": "2009-10-12", "ownership": "D"}], "maxAge": 1}, "quoteType": {"exchange": "BSE", "quoteType": "EQUITY", "symbol": "MODERN.BO", "underlyingSymbol": "MODERN.BO", "shortName": "MODERN INDIA LTD.", "longName": "Modern India Limited", "firstTradeDateEpochUtc": "2002-07-08 09:15:00", "timeZoneFullName": "Asia/Kolkata", "timeZoneShortName": "IST", "uuid": "134b94e6-f4d4-307f-a7a4-8f0de9be48be", "messageBoardId": null, "gmtOffSetMilliseconds": 19800000, "maxAge": 1}, "incomeStatementHistory": {"incomeStatementHistory": [{"maxAge": 1, "endDate": "2020-03-31", "totalRevenue": 1774459000, "costOfRevenue": 1493649000, "grossProfit": 280810000, "researchDevelopment": {}, "sellingGeneralAdministrative": 174437000, "nonRecurring": {}, "otherOperatingExpenses": 80585000, "totalOperatingExpenses": 1797322000, "operatingIncome": -22863000, "totalOtherIncomeExpenseNet": -198911000, "ebit": -22863000, "interestExpense": -22090000, "incomeBeforeTax": -221774000, "incomeTaxExpense": -12955000, "minorityInterest": {}, "netIncomeFromContinuingOps": -208819000, "discontinuedOperations": {}, "extraordinaryItems": {}, "effectOfAccountingCharges": {}, "otherItems": {}, "netIncome": -208819000, "netIncomeApplicableToCommonShares": -208819000}, {"maxAge": 1, "endDate": "2019-03-31", "totalRevenue": 1916172000, "costOfRevenue": 1624260000, "grossProfit": 291912000, "researchDevelopment": {}, "sellingGeneralAdministrative": 172427000, "nonRecurring": {}, "otherOperatingExpenses": 99438000, "totalOperatingExpenses": 1932437000, "operatingIncome": -16265000, "totalOtherIncomeExpenseNet": -42037000, "ebit": -16265000, "interestExpense": -9175000, "incomeBeforeTax": -58302000, "incomeTaxExpense": -26192000, "minorityInterest": {}, "netIncomeFromContinuingOps": -32110000, "discontinuedOperations": {}, "extraordinaryItems": {}, "effectOfAccountingCharges": {}, "otherItems": {}, "netIncome": -32701000, "netIncomeApplicableToCommonShares": -32701000}, {"maxAge": 1, "endDate": "2018-03-31", "totalRevenue": 1343652000, "costOfRevenue": 1093279000, "grossProfit": 250373000, "researchDevelopment": {}, "sellingGeneralAdministrative": 171290000, "nonRecurring": {}, "otherOperatingExpenses": 66647000, "totalOperatingExpenses": 1364835000, "operatingIncome": -21183000, "totalOtherIncomeExpenseNet": -52359000, "ebit": -21183000, "interestExpense": -7845000, "incomeBeforeTax": -73542000, "incomeTaxExpense": -21460000, "minorityInterest": 22733000, "netIncomeFromContinuingOps": -52082000, "discontinuedOperations": {}, "extraordinaryItems": {}, "effectOfAccountingCharges": {}, "otherItems": {}, "netIncome": -54044000, "netIncomeApplicableToCommonShares": -54044000}, {"maxAge": 1, "endDate": "2017-03-31", "totalRevenue": 2411817000, "costOfRevenue": 1827367000, "grossProfit": 584450000, "researchDevelopment": {}, "sellingGeneralAdministrative": 175791000, "nonRecurring": {}, "otherOperatingExpenses": 354708000, "totalOperatingExpenses": 2397021000, "operatingIncome": 14796000, "totalOtherIncomeExpenseNet": -44667000, "ebit": 14796000, "interestExpense": -11640000, "incomeBeforeTax": -29871000, "incomeTaxExpense": -19713000, "minorityInterest": 22184000, "netIncomeFromContinuingOps": -10158000, "discontinuedOperations": {}, "extraordinaryItems": {}, "effectOfAccountingCharges": {}, "otherItems": {}, "netIncome": -12119000, "netIncomeApplicableToCommonShares": -12119000}], "maxAge": 86400}, "fundOwnership": {"maxAge": 1, "ownershipList": []}, "summaryDetail": {"maxAge": 1, "priceHint": 2, "previousClose": 44.05, "open": 46.2, "dayLow": 45.0, "dayHigh": 46.2, "regularMarketPreviousClose": 44.05, "regularMarketOpen": 46.2, "regularMarketDayLow": 45.0, "regularMarketDayHigh": 46.2, "volume": 1920, "regularMarketVolume": 1920, "averageVolume": 8245, "averageVolume10days": 1448, "averageDailyVolume10Day": 1448, "bid": 45.15, "ask": 45.5, "bidSize": 0, "askSize": 0, "marketCap": 1693180160, "fiftyTwoWeekLow": 31.9, "fiftyTwoWeekHigh": 99.0, "fiftyDayAverage": 46.74857, "twoHundredDayAverage": 42.616665, "trailingAnnualDividendRate": 0.24, "trailingAnnualDividendYield": 0.005448354, "currency": "INR", "fromCurrency": null, "toCurrency": null, "lastMarket": null, "algorithm": null, "tradeable": false}, "incomeStatementHistoryQuarterly": {"incomeStatementHistory": [{"maxAge": 1, "endDate": "2020-03-31", "totalRevenue": 411023000, "costOfRevenue": 352268000, "grossProfit": 58755000, "researchDevelopment": {}, "sellingGeneralAdministrative": 44749000, "nonRecurring": {}, "otherOperatingExpenses": 75787000, "totalOperatingExpenses": 486677000, "operatingIncome": -75654000, "totalOtherIncomeExpenseNet": -95141000, "ebit": -75654000, "interestExpense": {}, "incomeBeforeTax": -170795000, "incomeTaxExpense": -27800000, "minorityInterest": {}, "netIncomeFromContinuingOps": -142995000, "discontinuedOperations": {}, "extraordinaryItems": {}, "effectOfAccountingCharges": {}, "otherItems": {}, "netIncome": -142995000, "netIncomeApplicableToCommonShares": -142995000}, {"maxAge": 1, "endDate": "2019-12-31", "totalRevenue": 341930000, "costOfRevenue": 266700000, "grossProfit": 75230000, "researchDevelopment": {}, "sellingGeneralAdministrative": 43840000, "nonRecurring": {}, "otherOperatingExpenses": -9860000, "totalOperatingExpenses": 314330000, "operatingIncome": 27600000, "totalOtherIncomeExpenseNet": -36430000, "ebit": 27600000, "interestExpense": -36430000, "incomeBeforeTax": -8830000, "incomeTaxExpense": 16600000, "minorityInterest": {}, "netIncomeFromContinuingOps": -25430000, "discontinuedOperations": {}, "extraordinaryItems": {}, "effectOfAccountingCharges": {}, "otherItems": {}, "netIncome": -25430000, "netIncomeApplicableToCommonShares": -25430000}, {"maxAge": 1, "endDate": "2019-09-30", "totalRevenue": 581282000, "costOfRevenue": 498784000, "grossProfit": 82498000, "researchDevelopment": {}, "sellingGeneralAdministrative": 42449000, "nonRecurring": {}, "otherOperatingExpenses": 15620000, "totalOperatingExpenses": 568180000, "operatingIncome": 13102000, "totalOtherIncomeExpenseNet": -34323000, "ebit": 13102000, "interestExpense": -34324000, "incomeBeforeTax": -21221000, "incomeTaxExpense": -6831000, "minorityInterest": {}, "netIncomeFromContinuingOps": -14390000, "discontinuedOperations": {}, "extraordinaryItems": {}, "effectOfAccountingCharges": {}, "otherItems": {}, "netIncome": -14390000, "netIncomeApplicableToCommonShares": -14390000}, {"maxAge": 1, "endDate": "2019-06-30", "totalRevenue": 440224000, "costOfRevenue": 375897000, "grossProfit": 64327000, "researchDevelopment": {}, "sellingGeneralAdministrative": 43399000, "nonRecurring": {}, "otherOperatingExpenses": -962000, "totalOperatingExpenses": 428135000, "operatingIncome": 12089000, "totalOtherIncomeExpenseNet": -32997000, "ebit": 12089000, "interestExpense": -33017000, "incomeBeforeTax": -20928000, "incomeTaxExpense": 5076000, "minorityInterest": {}, "netIncomeFromContinuingOps": -26004000, "discontinuedOperations": {}, "extraordinaryItems": {}, "effectOfAccountingCharges": {}, "otherItems": {}, "netIncome": -26004000, "netIncomeApplicableToCommonShares": -26004000}], "maxAge": 86400}, "cashflowStatementHistoryQuarterly": {"cashflowStatements": [{"maxAge": 1, "endDate": "2020-03-31", "netIncome": -142995000, "changeToLiabilities": 0}, {"maxAge": 1, "endDate": "2019-12-31", "netIncome": -25430000, "changeToLiabilities": 0}, {"maxAge": 1, "endDate": "2019-09-30", "netIncome": -14390000, "changeToLiabilities": 0}, {"maxAge": 1, "endDate": "2019-06-30", "netIncome": -26004000, "changeToLiabilities": 0}], "maxAge": 86400}, "insiderHolders": {"holders": [{"maxAge": 1, "name": "Bubna (Pradip Kumar)", "relation": "Director", "url": "", "transactionDescription": "Sale", "latestTransDate": "2009-12-14", "positionDirect": 1255, "positionDirectDate": "2009-12-14"}, {"maxAge": 1, "name": "Jatia (Gauri)", "relation": "Director (Non-Executive)", "url": "", "transactionDescription": "Sale", "latestTransDate": "2013-05-31", "positionDirect": 17850, "positionDirectDate": "2013-05-31"}, {"maxAge": 1, "name": "Jatia (Mudit)", "relation": "Promoter", "url": "", "transactionDescription": "Sale", "latestTransDate": "2013-05-31", "positionDirect": 15000, "positionDirectDate": "2013-05-31"}, {"maxAge": 1, "name": "Jatia (Sidhant Vijay Kumar)", "relation": "Promoter", "url": "", "transactionDescription": "Sale", "latestTransDate": "2013-05-31", "positionDirect": 0, "positionDirectDate": "2013-05-31"}, {"maxAge": 1, "name": "Jatia (Vedant)", "relation": "Promoter", "url": "", "transactionDescription": "Sale", "latestTransDate": "2013-05-31", "positionDirect": 15000, "positionDirectDate": "2013-05-31"}, {"maxAge": 1, "name": "Jatia (Vijay Kumar Mahabirprasad)", "relation": "Executive Chairman", "url": "", "transactionDescription": "Purchase", "latestTransDate": "2014-12-18", "positionDirect": 90005, "positionDirectDate": "2014-12-18"}, {"maxAge": 1, "name": "Jatia (Vijay Kumar) HUF", "relation": "UNREPORTED", "url": "", "transactionDescription": "Sale", "latestTransDate": "2013-05-31", "positionDirect": 23912, "positionDirectDate": "2013-05-31"}, {"maxAge": 1, "name": "Shree Rani Sati Investment & Finance, Ltd.", "relation": "Promoter", "url": "", "transactionDescription": "Sale", "latestTransDate": "2013-05-31", "positionDirect": 8299108, "positionDirectDate": "2013-05-31"}], "maxAge": 1}, "calendarEvents": {"maxAge": 1, "earnings": {"earningsDate": ["2020-08-20 05:30:S"]}}, "price": {"maxAge": 1, "regularMarketChangePercent": 0.02383653, "regularMarketChange": 1.0499992, "regularMarketTime": "2021-04-30 15:58:12", "priceHint": 2, "regularMarketPrice": 45.1, "regularMarketDayHigh": 46.2, "regularMarketDayLow": 45.0, "regularMarketVolume": 1920, "averageDailyVolume10Day": 1448, "averageDailyVolume3Month": 8245, "regularMarketPreviousClose": 44.05, "regularMarketSource": "FREE_REALTIME", "regularMarketOpen": 46.2, "exchange": "BSE", "exchangeName": "BSE", "exchangeDataDelayedBy": 0, "marketState": "CLOSED", "quoteType": "EQUITY", "symbol": "MODERN.BO", "underlyingSymbol": null, "shortName": "MODERN INDIA LTD.", "longName": "Modern India Limited", "currency": "INR", "quoteSourceName": "Delayed Quote", "currencySymbol": "\u20b9", "fromCurrency": null, "toCurrency": null, "lastMarket": null, "marketCap": 1693180160}, "balanceSheetHistory": {"balanceSheetStatements": [{"maxAge": 1, "endDate": "2020-03-31", "cash": 4428000, "netReceivables": 549185000, "inventory": 178329000, "otherCurrentAssets": 156201000, "totalCurrentAssets": 889643000, "longTermInvestments": 635980000, "propertyPlantEquipment": 302593000, "goodWill": 227986000, "intangibleAssets": 3066000, "otherAssets": 250231000, "deferredLongTermAssetCharges": 119231000, "totalAssets": 2309499000, "accountsPayable": 200167000, "shortLongTermDebt": 5207000, "otherCurrentLiab": 128864000, "longTermDebt": 9912000, "otherLiab": 1528651000, "totalCurrentLiabilities": 548506000, "totalLiab": 2168907000, "commonStock": 75086000, "retainedEarnings": -14849000, "treasuryStock": 80355000, "otherStockholderEquity": 80355000, "totalStockholderEquity": 140592000, "netTangibleAssets": -90460000}, {"maxAge": 1, "endDate": "2019-03-31", "cash": 4342000, "netReceivables": 546466000, "inventory": 156547000, "otherCurrentAssets": 218790000, "totalCurrentAssets": 980359000, "longTermInvestments": 661957000, "propertyPlantEquipment": 231464000, "goodWill": 227986000, "intangibleAssets": 4948000, "otherAssets": 239359000, "deferredLongTermAssetCharges": 102326000, "totalAssets": 2346073000, "accountsPayable": 195490000, "shortLongTermDebt": 4288000, "otherCurrentLiab": 150582000, "longTermDebt": 11572000, "otherLiab": 1520068000, "totalCurrentLiabilities": 469761000, "totalLiab": 2001401000, "commonStock": 75086000, "retainedEarnings": 205191000, "treasuryStock": 64395000, "otherStockholderEquity": 64395000, "totalStockholderEquity": 344672000, "netTangibleAssets": 111738000}, {"maxAge": 1, "endDate": "2018-03-31", "cash": 46532000, "netReceivables": 412448000, "inventory": 124561000, "otherCurrentAssets": 143974000, "totalCurrentAssets": 942043000, "longTermInvestments": 693030000, "propertyPlantEquipment": 240736000, "goodWill": 236456000, "intangibleAssets": 4381000, "otherAssets": 205017000, "deferredLongTermAssetCharges": 71169000, "totalAssets": 2321663000, "accountsPayable": 134885000, "shortLongTermDebt": 405000, "otherCurrentLiab": 136207000, "longTermDebt": 443000, "otherLiab": 1533305000, "minorityInterest": 22733000, "totalCurrentLiabilities": 380709000, "totalLiab": 1914457000, "commonStock": 75086000, "retainedEarnings": 252217000, "treasuryStock": 57170000, "otherStockholderEquity": 57170000, "totalStockholderEquity": 384473000, "netTangibleAssets": 143636000}, {"maxAge": 1, "endDate": "2017-03-31", "cash": 107182000, "shortTermInvestments": 10104000, "netReceivables": 407796000, "inventory": 137209000, "otherCurrentAssets": 90929000, "totalCurrentAssets": 781047000, "longTermInvestments": 140631000, "propertyPlantEquipment": 228060000, "goodWill": 236211000, "intangibleAssets": 3077000, "otherAssets": 165694000, "deferredLongTermAssetCharges": 46058000, "totalAssets": 1554720000, "accountsPayable": 146017000, "otherCurrentLiab": 61605000, "otherLiab": 771517000, "minorityInterest": 22184000, "totalCurrentLiabilities": 310237000, "totalLiab": 1081754000, "commonStock": 75086000, "retainedEarnings": 318739000, "treasuryStock": 56957000, "otherStockholderEquity": 56957000, "totalStockholderEquity": 450782000, "netTangibleAssets": 211494000}], "maxAge": 86400}, "financialData": {"maxAge": 86400, "currentPrice": 45.1, "recommendationKey": "none", "grossProfits": 280810000, "financialCurrency": "INR"}}}