{"MODISNME.BO": {"recommendationTrend": {"trend": [{"period": "0m", "strongBuy": 0, "buy": 0, "hold": 0, "sell": 0, "strongSell": 0}, {"period": "-1m", "strongBuy": 0, "buy": 0, "hold": 0, "sell": 0, "strongSell": 0}, {"period": "-2m", "strongBuy": 0, "buy": 0, "hold": 0, "sell": 0, "strongSell": 0}, {"period": "-3m", "strongBuy": 0, "buy": 0, "hold": 0, "sell": 0, "strongSell": 0}], "maxAge": 86400}, "cashflowStatementHistory": {"cashflowStatements": [{"maxAge": 1, "endDate": "2020-03-31", "netIncome": 151172000, "depreciation": 61296000, "changeToNetincome": -2387000, "changeToAccountReceivables": -35313000, "changeToLiabilities": 2973000, "changeToInventory": 41640000, "changeToOperatingActivities": -27503000, "totalCashFromOperatingActivities": 192376000, "capitalExpenditures": -143934000, "investments": -11810000, "otherCashflowsFromInvestingActivities": 1705000, "totalCashflowsFromInvestingActivities": -150428000, "dividendsPaid": -58511000, "netBorrowings": 45588000, "otherCashflowsFromFinancingActivities": -18024000, "totalCashFromFinancingActivities": -30947000, "changeInCash": 11001000}, {"maxAge": 1, "endDate": "2019-03-31", "netIncome": 166813000, "depreciation": 63072000, "changeToNetincome": 16128000, "changeToAccountReceivables": -597000, "changeToLiabilities": -10756000, "changeToInventory": -176804000, "changeToOperatingActivities": -26512000, "totalCashFromOperatingActivities": 31919000, "capitalExpenditures": -46583000, "investments": 1489000, "otherCashflowsFromInvestingActivities": 2807000, "totalCashflowsFromInvestingActivities": -38256000, "dividendsPaid": -48621000, "netBorrowings": 79318000, "otherCashflowsFromFinancingActivities": -30152000, "totalCashFromFinancingActivities": 545000, "changeInCash": -5792000}, {"maxAge": 1, "endDate": "2018-03-31", "netIncome": 164023000, "depreciation": 61915000, "changeToNetincome": 20342000, "changeToAccountReceivables": -23937000, "changeToLiabilities": 22274000, "changeToInventory": -53666000, "changeToOperatingActivities": -3795000, "totalCashFromOperatingActivities": 188057000, "capitalExpenditures": -82257000, "investments": -1800000, "otherCashflowsFromInvestingActivities": 1738000, "totalCashflowsFromInvestingActivities": -80102000, "dividendsPaid": -39266000, "netBorrowings": -49066000, "otherCashflowsFromFinancingActivities": -14722000, "totalCashFromFinancingActivities": -103054000, "changeInCash": 4905000}, {"maxAge": 1, "endDate": "2017-03-31", "netIncome": 142640000, "depreciation": 62446000, "changeToNetincome": 14302000, "changeToAccountReceivables": -108109000, "changeToLiabilities": -8067000, "changeToInventory": -17267000, "changeToOperatingActivities": 35275000, "totalCashFromOperatingActivities": 122750000, "capitalExpenditures": -36222000, "investments": -1800000, "otherCashflowsFromInvestingActivities": 4824000, "totalCashflowsFromInvestingActivities": -34332000, "dividendsPaid": -32449000, "netBorrowings": -26009000, "otherCashflowsFromFinancingActivities": -30798000, "totalCashFromFinancingActivities": -89256000, "changeInCash": -838000}], "maxAge": 86400}, "institutionOwnership": {"maxAge": 1, "ownershipList": []}, "balanceSheetHistoryQuarterly": {"balanceSheetStatements": [{"maxAge": 1, "endDate": "2020-06-30", "totalStockholderEquity": 1468475000, "netTangibleAssets": 1467212000}, {"maxAge": 1, "endDate": "2020-03-31", "cash": 11915000, "netReceivables": 453257000, "inventory": 605678000, "otherCurrentAssets": 89441000, "totalCurrentAssets": 1160291000, "longTermInvestments": 16671000, "propertyPlantEquipment": 586338000, "intangibleAssets": 1263000, "otherAssets": 142720000, "totalAssets": 1907283000, "accountsPayable": 47287000, "shortLongTermDebt": 3745000, "otherCurrentLiab": 56740000, "longTermDebt": 280000, "otherLiab": 65348000, "totalCurrentLiabilities": 373180000, "totalLiab": 438808000, "commonStock": 32450000, "retainedEarnings": 1417806000, "treasuryStock": 18219000, "otherStockholderEquity": 18219000, "totalStockholderEquity": 1468475000, "netTangibleAssets": 1467212000}, {"maxAge": 1, "endDate": "2019-12-31", "totalStockholderEquity": 1390287000, "netTangibleAssets": 1388867000}, {"maxAge": 1, "endDate": "2019-09-30", "cash": 42201000, "shortTermInvestments": 3289000, "netReceivables": 406799000, "inventory": 620696000, "otherCurrentAssets": 78789000, "totalCurrentAssets": 1151774000, "longTermInvestments": 16613000, "propertyPlantEquipment": 563015000, "intangibleAssets": 1420000, "otherAssets": 149105000, "totalAssets": 1881927000, "accountsPayable": 39205000, "otherCurrentLiab": 75809000, "longTermDebt": 2565000, "otherLiab": 65372000, "totalCurrentLiabilities": 423703000, "totalLiab": 491640000, "commonStock": 32450000, "treasuryStock": 1357837000, "otherStockholderEquity": 1357837000, "totalStockholderEquity": 1390287000, "netTangibleAssets": 1388867000}], "maxAge": 86400}, "earningsHistory": {"history": [{"maxAge": 1, "epsActual": {}, "epsEstimate": {}, "epsDifference": {}, "surprisePercent": {}, "quarter": {}, "period": "-4q"}, {"maxAge": 1, "epsActual": {}, "epsEstimate": {}, "epsDifference": {}, "surprisePercent": {}, "quarter": {}, "period": "-3q"}, {"maxAge": 1, "epsActual": {}, "epsEstimate": {}, "epsDifference": {}, "surprisePercent": {}, "quarter": {}, "period": "-2q"}, {"maxAge": 1, "epsActual": {}, "epsEstimate": {}, "epsDifference": {}, "surprisePercent": {}, "quarter": {}, "period": "-1q"}], "maxAge": 86400}, "indexTrend": {"maxAge": 1, "symbol": "SP5", "peRatio": 19.7411, "pegRatio": 1.34172, "estimates": [{"period": "0q", "growth": 0.549}, {"period": "+1q", "growth": 0.431}, {"period": "0y", "growth": 0.305}, {"period": "+1y", "growth": 0.109}, {"period": "+5y", "growth": 0.120859005}, {"period": "-5y"}]}, "industryTrend": {"maxAge": 1, "symbol": null, "estimates": []}, "insiderTransactions": {"transactions": [{"maxAge": 1, "shares": 20000, "filerUrl": "", "transactionText": "", "filerName": "Modison Copper Pvt Ltd", "filerRelation": "Promoter", "moneyText": "", "startDate": "2020-03-30", "ownership": "D"}, {"maxAge": 1, "shares": 446, "filerUrl": "", "transactionText": "", "filerName": "Modison Copper Pvt Ltd", "filerRelation": "Promoter", "moneyText": "", "startDate": "2020-03-27", "ownership": "D"}, {"maxAge": 1, "shares": 342, "filerUrl": "", "transactionText": "", "filerName": "Modison Copper Pvt Ltd", "filerRelation": "Promoter", "moneyText": "", "startDate": "2020-03-26", "ownership": "D"}, {"maxAge": 1, "shares": 6245, "filerUrl": "", "transactionText": "", "filerName": "Modison Copper Pvt Ltd", "filerRelation": "Promoter", "moneyText": "", "startDate": "2020-03-23", "ownership": "D"}, {"maxAge": 1, "shares": 500, "filerUrl": "", "transactionText": "", "filerName": "Modison Copper Pvt Ltd", "filerRelation": "Promoter", "moneyText": "", "startDate": "2020-03-20", "ownership": "D"}, {"maxAge": 1, "shares": 15063, "filerUrl": "", "transactionText": "", "filerName": "Modison Copper Pvt Ltd", "filerRelation": "Promoter", "moneyText": "", "startDate": "2020-03-19", "ownership": "D"}, {"maxAge": 1, "shares": 1620, "filerUrl": "", "transactionText": "", "filerName": "Modison Copper Pvt Ltd", "filerRelation": "Promoter", "moneyText": "", "startDate": "2020-03-18", "ownership": "D"}, {"maxAge": 1, "shares": 2518, "filerUrl": "", "transactionText": "", "filerName": "Modison Copper Pvt Ltd", "filerRelation": "Promoter", "moneyText": "", "startDate": "2020-03-17", "ownership": "D"}, {"maxAge": 1, "shares": 9297, "filerUrl": "", "transactionText": "", "filerName": "Modison Copper Pvt Ltd", "filerRelation": "Promoter", "moneyText": "", "startDate": "2020-03-13", "ownership": "D"}, {"maxAge": 1, "shares": 32051, "filerUrl": "", "transactionText": "", "filerName": "Modison Copper Pvt Ltd", "filerRelation": "Promoter", "moneyText": "", "startDate": "2020-03-12", "ownership": "D"}, {"maxAge": 1, "shares": 24970, "filerUrl": "", "transactionText": "", "filerName": "Modison Copper Pvt Ltd", "filerRelation": "Promoter", "moneyText": "", "startDate": "2019-08-09", "ownership": "D"}, {"maxAge": 1, "shares": 39482, "filerUrl": "", "transactionText": "", "filerName": "Modison Copper Pvt Ltd", "filerRelation": "Promoter", "moneyText": "", "startDate": "2019-08-08", "ownership": "D"}, {"maxAge": 1, "shares": 999, "filerUrl": "", "transactionText": "", "filerName": "Modison Copper Pvt Ltd", "filerRelation": "Promoter", "moneyText": "", "startDate": "2019-06-19", "ownership": "D"}, {"maxAge": 1, "shares": 1587, "filerUrl": "", "transactionText": "", "filerName": "Modi (Anshika Rajkumar)", "filerRelation": "Promoter", "moneyText": "", "startDate": "2019-03-19", "ownership": "D"}, {"maxAge": 1, "shares": 20000, "filerUrl": "", "transactionText": "", "filerName": "Modison Copper Pvt Ltd", "filerRelation": "Promoter", "moneyText": "", "startDate": "2019-02-21", "ownership": "D"}, {"maxAge": 1, "shares": 7000, "filerUrl": "", "transactionText": "", "filerName": "Modi (Anshika Rajkumar)", "filerRelation": "Promoter", "moneyText": "", "startDate": "2019-02-15", "ownership": "D"}, {"maxAge": 1, "shares": 10000, "filerUrl": "", "transactionText": "", "filerName": "Modi (Anshika Rajkumar)", "filerRelation": "Promoter", "moneyText": "", "startDate": "2019-02-07", "ownership": "D"}, {"maxAge": 1, "shares": 45000, "filerUrl": "", "transactionText": "", "filerName": "Modison Copper Pvt Ltd", "filerRelation": "Promoter", "moneyText": "", "startDate": "2019-02-07", "ownership": "D"}, {"maxAge": 1, "shares": 24935, "filerUrl": "", "transactionText": "", "filerName": "Modison Copper Pvt Ltd", "filerRelation": "Promoter", "moneyText": "", "startDate": "2019-02-06", "ownership": "D"}, {"maxAge": 1, "shares": 12000, "filerUrl": "", "transactionText": "", "filerName": "Modi (Anshika Rajkumar)", "filerRelation": "Promoter", "moneyText": "", "startDate": "2019-01-24", "ownership": "D"}, {"maxAge": 1, "shares": 13419, "filerUrl": "", "transactionText": "", "filerName": "Modi (Anshika Rajkumar)", "filerRelation": "Promoter", "moneyText": "", "startDate": "2019-01-18", "ownership": "D"}, {"maxAge": 1, "shares": 765, "filerUrl": "", "transactionText": "", "filerName": "Modison Copper Pvt Ltd", "filerRelation": "Promoter", "moneyText": "", "startDate": "2019-01-18", "ownership": "D"}], "maxAge": 1}, "quoteType": {"exchange": "BSE", "quoteType": "EQUITY", "symbol": "MODISNME.BO", "underlyingSymbol": "MODISNME.BO", "shortName": "MODISON METALS LTD.", "longName": "Modison Metals Limited", "firstTradeDateEpochUtc": "2004-11-25 09:15:00", "timeZoneFullName": "Asia/Kolkata", "timeZoneShortName": "IST", "uuid": "244ca249-fdb4-3eec-bc5f-c7b8878b95a4", "messageBoardId": null, "gmtOffSetMilliseconds": 19800000, "maxAge": 1}, "incomeStatementHistory": {"incomeStatementHistory": [{"maxAge": 1, "endDate": "2020-03-31", "totalRevenue": 2192626000, "costOfRevenue": 1529135000, "grossProfit": 663491000, "researchDevelopment": {}, "sellingGeneralAdministrative": 167418000, "nonRecurring": {}, "otherOperatingExpenses": 225467000, "totalOperatingExpenses": 1983814000, "operatingIncome": 208812000, "totalOtherIncomeExpenseNet": -20205000, "ebit": 208812000, "interestExpense": -18016000, "incomeBeforeTax": 188607000, "incomeTaxExpense": 37435000, "minorityInterest": {}, "netIncomeFromContinuingOps": 151172000, "discontinuedOperations": {}, "extraordinaryItems": {}, "effectOfAccountingCharges": {}, "otherItems": {}, "netIncome": 151172000, "netIncomeApplicableToCommonShares": 151172000}, {"maxAge": 1, "endDate": "2019-03-31", "totalRevenue": 2202844000, "costOfRevenue": 1542010000, "grossProfit": 660834000, "researchDevelopment": {}, "sellingGeneralAdministrative": 142018000, "nonRecurring": {}, "otherOperatingExpenses": 222222000, "totalOperatingExpenses": 1969897000, "operatingIncome": 232947000, "totalOtherIncomeExpenseNet": 11592000, "ebit": 232947000, "interestExpense": -20206000, "incomeBeforeTax": 244539000, "incomeTaxExpense": 77726000, "minorityInterest": {}, "netIncomeFromContinuingOps": 166813000, "discontinuedOperations": {}, "extraordinaryItems": {}, "effectOfAccountingCharges": {}, "otherItems": {}, "netIncome": 166813000, "netIncomeApplicableToCommonShares": 166813000}, {"maxAge": 1, "endDate": "2018-03-31", "totalRevenue": 2011704000, "costOfRevenue": 1398625000, "grossProfit": 613079000, "researchDevelopment": {}, "sellingGeneralAdministrative": 131240000, "nonRecurring": {}, "otherOperatingExpenses": 208402000, "totalOperatingExpenses": 1801083000, "operatingIncome": 210621000, "totalOtherIncomeExpenseNet": 24474000, "ebit": 210621000, "interestExpense": -14311000, "incomeBeforeTax": 235095000, "incomeTaxExpense": 71078000, "minorityInterest": 998000, "netIncomeFromContinuingOps": 164017000, "discontinuedOperations": {}, "extraordinaryItems": {}, "effectOfAccountingCharges": {}, "otherItems": {}, "netIncome": 164023000, "netIncomeApplicableToCommonShares": 164023000}, {"maxAge": 1, "endDate": "2017-03-31", "totalRevenue": 1907119000, "costOfRevenue": 1278645000, "grossProfit": 628474000, "researchDevelopment": {}, "sellingGeneralAdministrative": 119906000, "nonRecurring": {}, "otherOperatingExpenses": 197711000, "totalOperatingExpenses": 1660415000, "operatingIncome": 246704000, "totalOtherIncomeExpenseNet": -25820000, "ebit": 246704000, "interestExpense": -24326000, "incomeBeforeTax": 220884000, "incomeTaxExpense": 78213000, "minorityInterest": 1002000, "netIncomeFromContinuingOps": 142671000, "discontinuedOperations": {}, "extraordinaryItems": {}, "effectOfAccountingCharges": {}, "otherItems": {}, "netIncome": 142640000, "netIncomeApplicableToCommonShares": 142640000}], "maxAge": 86400}, "fundOwnership": {"maxAge": 1, "ownershipList": []}, "summaryDetail": {"maxAge": 1, "priceHint": 2, "previousClose": 47.8, "open": 49.05, "dayLow": 47.5, "dayHigh": 54.6, "regularMarketPreviousClose": 47.8, "regularMarketOpen": 49.05, "regularMarketDayLow": 47.5, "regularMarketDayHigh": 54.6, "trailingPE": 11.564852, "volume": 565454, "regularMarketVolume": 565454, "averageVolume": 56078, "averageVolume10days": 32939, "averageDailyVolume10Day": 32939, "bid": 52.25, "ask": 52.5, "bidSize": 0, "askSize": 0, "marketCap": 1695512448, "fiftyTwoWeekLow": 22.05, "fiftyTwoWeekHigh": 58.0, "fiftyDayAverage": 50.652943, "twoHundredDayAverage": 41.51434, "trailingAnnualDividendRate": 1.5, "trailingAnnualDividendYield": 0.031380754, "currency": "INR", "fromCurrency": null, "toCurrency": null, "lastMarket": null, "algorithm": null, "tradeable": false}, "sectorTrend": {"maxAge": 1, "symbol": null, "estimates": []}, "incomeStatementHistoryQuarterly": {"incomeStatementHistory": [{"maxAge": 1, "endDate": "2020-06-30", "totalRevenue": 343292000, "costOfRevenue": 228300000, "grossProfit": 114992000, "researchDevelopment": {}, "sellingGeneralAdministrative": 39833000, "nonRecurring": {}, "otherOperatingExpenses": 38263000, "totalOperatingExpenses": 320852000, "operatingIncome": 22440000, "totalOtherIncomeExpenseNet": -22322000, "ebit": 22440000, "interestExpense": -2905000, "incomeBeforeTax": 118000, "incomeTaxExpense": 943000, "minorityInterest": {}, "netIncomeFromContinuingOps": -825000, "discontinuedOperations": {}, "extraordinaryItems": {}, "effectOfAccountingCharges": {}, "otherItems": {}, "netIncome": -825000, "netIncomeApplicableToCommonShares": -825000}, {"maxAge": 1, "endDate": "2020-03-31", "totalRevenue": 572590000, "costOfRevenue": 396776000, "grossProfit": 175814000, "researchDevelopment": {}, "sellingGeneralAdministrative": 45231000, "nonRecurring": {}, "otherOperatingExpenses": 45209000, "totalOperatingExpenses": 503353000, "operatingIncome": 69237000, "totalOtherIncomeExpenseNet": 16851000, "ebit": 69237000, "interestExpense": -1753000, "incomeBeforeTax": 86088000, "incomeTaxExpense": 23883000, "minorityInterest": {}, "netIncomeFromContinuingOps": 62205000, "discontinuedOperations": {}, "extraordinaryItems": {}, "effectOfAccountingCharges": {}, "otherItems": {}, "netIncome": 62205000, "netIncomeApplicableToCommonShares": 62205000}, {"maxAge": 1, "endDate": "2019-12-31", "totalRevenue": 585524000, "costOfRevenue": 391603000, "grossProfit": 193921000, "researchDevelopment": {}, "sellingGeneralAdministrative": 42517000, "nonRecurring": {}, "otherOperatingExpenses": 60192000, "totalOperatingExpenses": 509939000, "operatingIncome": 75585000, "totalOtherIncomeExpenseNet": -8936000, "ebit": 75585000, "interestExpense": -4493000, "incomeBeforeTax": 66649000, "incomeTaxExpense": 12257000, "minorityInterest": {}, "netIncomeFromContinuingOps": 54392000, "discontinuedOperations": {}, "extraordinaryItems": {}, "effectOfAccountingCharges": {}, "otherItems": {}, "netIncome": 54392000, "netIncomeApplicableToCommonShares": 54392000}, {"maxAge": 1, "endDate": "2019-09-30", "totalRevenue": 542056000, "costOfRevenue": 374193000, "grossProfit": 167863000, "researchDevelopment": {}, "sellingGeneralAdministrative": 40534000, "nonRecurring": {}, "otherOperatingExpenses": 56668000, "totalOperatingExpenses": 486583000, "operatingIncome": 55473000, "totalOtherIncomeExpenseNet": -34458000, "ebit": 55473000, "interestExpense": -6158000, "incomeBeforeTax": 21015000, "incomeTaxExpense": -3684000, "minorityInterest": {}, "netIncomeFromContinuingOps": 24699000, "discontinuedOperations": {}, "extraordinaryItems": {}, "effectOfAccountingCharges": {}, "otherItems": {}, "netIncome": 24699000, "netIncomeApplicableToCommonShares": 24699000}], "maxAge": 86400}, "cashflowStatementHistoryQuarterly": {"cashflowStatements": [{"maxAge": 1, "endDate": "2020-06-30", "netIncome": -825000, "changeToLiabilities": 0}, {"maxAge": 1, "endDate": "2020-03-31", "netIncome": 62205000, "changeToLiabilities": 0}, {"maxAge": 1, "endDate": "2019-12-31", "netIncome": 54392000, "changeToLiabilities": 0}, {"maxAge": 1, "endDate": "2019-09-30", "netIncome": 24699000, "changeToLiabilities": 0}], "maxAge": 86400}, "insiderHolders": {"holders": [{"maxAge": 1, "name": "Modi (Anshika Rajkumar)", "relation": "Promoter", "url": "", "transactionDescription": "Acquisition", "latestTransDate": "2019-03-19", "positionDirect": 74373, "positionDirectDate": "2019-03-19"}, {"maxAge": 1, "name": "Modison Copper Pvt Ltd", "relation": "Promoter", "url": "", "transactionDescription": "Acquisition", "latestTransDate": "2020-03-30", "positionDirect": 409491, "positionDirectDate": "2020-03-30"}], "maxAge": 1}, "earnings": {"maxAge": 86400, "earningsChart": {"quarterly": [], "earningsDate": []}, "financialsChart": {"yearly": [{"date": 2017, "revenue": 1907119000, "earnings": 142640000}, {"date": 2018, "revenue": 2011704000, "earnings": 164023000}, {"date": 2019, "revenue": 2202844000, "earnings": 166813000}, {"date": 2020, "revenue": 2192626000, "earnings": 151172000}], "quarterly": [{"date": "3Q2019", "revenue": 542056000, "earnings": 24699000}, {"date": "4Q2019", "revenue": 585524000, "earnings": 54392000}, {"date": "1Q2020", "revenue": 572590000, "earnings": 62205000}, {"date": "2Q2020", "revenue": 343292000, "earnings": -825000}]}, "financialCurrency": "INR"}, "calendarEvents": {"maxAge": 1, "earnings": {"earningsDate": []}}, "price": {"maxAge": 1, "regularMarketChangePercent": 0.09309625, "regularMarketChange": 4.450001, "regularMarketTime": "2021-04-30 15:49:44", "priceHint": 2, "regularMarketPrice": 52.25, "regularMarketDayHigh": 54.6, "regularMarketDayLow": 47.5, "regularMarketVolume": 565454, "averageDailyVolume10Day": 32939, "averageDailyVolume3Month": 56078, "regularMarketPreviousClose": 47.8, "regularMarketSource": "FREE_REALTIME", "regularMarketOpen": 49.05, "exchange": "BSE", "exchangeName": "BSE", "exchangeDataDelayedBy": 0, "marketState": "CLOSED", "quoteType": "EQUITY", "symbol": "MODISNME.BO", "underlyingSymbol": null, "shortName": "MODISON METALS LTD.", "longName": "Modison Metals Limited", "currency": "INR", "quoteSourceName": "Delayed Quote", "currencySymbol": "\u20b9", "fromCurrency": null, "toCurrency": null, "lastMarket": null, "marketCap": 1695512448}, "balanceSheetHistory": {"balanceSheetStatements": [{"maxAge": 1, "endDate": "2020-03-31", "cash": 11915000, "netReceivables": 453257000, "inventory": 605678000, "otherCurrentAssets": 89441000, "totalCurrentAssets": 1160291000, "longTermInvestments": 16671000, "propertyPlantEquipment": 586338000, "intangibleAssets": 1263000, "otherAssets": 142720000, "totalAssets": 1907283000, "accountsPayable": 47287000, "shortLongTermDebt": 3745000, "otherCurrentLiab": 56740000, "longTermDebt": 280000, "otherLiab": 65348000, "totalCurrentLiabilities": 373180000, "totalLiab": 438808000, "commonStock": 32450000, "retainedEarnings": 1417806000, "treasuryStock": 18219000, "otherStockholderEquity": 18219000, "totalStockholderEquity": 1468475000, "netTangibleAssets": 1467212000}, {"maxAge": 1, "endDate": "2019-03-31", "cash": 914000, "netReceivables": 428736000, "inventory": 647318000, "otherCurrentAssets": 73212000, "totalCurrentAssets": 1150180000, "propertyPlantEquipment": 569839000, "intangibleAssets": 1663000, "otherAssets": 79719000, "totalAssets": 1801401000, "accountsPayable": 44314000, "shortLongTermDebt": 4061000, "otherCurrentLiab": 63908000, "longTermDebt": 4024000, "otherLiab": 75200000, "totalCurrentLiabilities": 345997000, "totalLiab": 425221000, "commonStock": 32450000, "retainedEarnings": 1325152000, "treasuryStock": 18578000, "otherStockholderEquity": 18578000, "totalStockholderEquity": 1376180000, "netTangibleAssets": 1374517000}, {"maxAge": 1, "endDate": "2018-03-31", "cash": 7066000, "netReceivables": 421535000, "inventory": 470514000, "otherCurrentAssets": 43185000, "totalCurrentAssets": 942300000, "longTermInvestments": 1835000, "propertyPlantEquipment": 581813000, "goodWill": 20000, "intangibleAssets": 2038000, "otherAssets": 94530000, "totalAssets": 1622536000, "accountsPayable": 59977000, "shortLongTermDebt": 3766000, "otherCurrentLiab": 56018000, "longTermDebt": 8083000, "otherLiab": 77445000, "minorityInterest": 998000, "totalCurrentLiabilities": 266664000, "totalLiab": 352192000, "commonStock": 32450000, "retainedEarnings": 1217026000, "treasuryStock": 19870000, "otherStockholderEquity": 19870000, "totalStockholderEquity": 1269346000, "netTangibleAssets": 1267288000}, {"maxAge": 1, "endDate": "2017-03-31", "cash": 2161000, "shortTermInvestments": 1900000, "netReceivables": 394686000, "inventory": 416848000, "otherCurrentAssets": 31649000, "totalCurrentAssets": 847244000, "propertyPlantEquipment": 585575000, "goodWill": 20000, "intangibleAssets": 2016000, "otherAssets": 85998000, "totalAssets": 1520853000, "accountsPayable": 37657000, "shortLongTermDebt": 366000, "otherCurrentLiab": 54223000, "otherLiab": 89709000, "minorityInterest": 1002000, "totalCurrentLiabilities": 285445000, "totalLiab": 375154000, "commonStock": 32450000, "retainedEarnings": 1092035000, "treasuryStock": 20212000, "otherStockholderEquity": 20212000, "totalStockholderEquity": 1144697000, "netTangibleAssets": 1142661000}], "maxAge": 86400}, "earningsTrend": {"trend": [{"maxAge": 1, "period": "0q", "endDate": null, "growth": {}, "earningsEstimate": {"avg": 0.0, "low": 0.0, "high": 0.0, "yearAgoEps": {}, "numberOfAnalysts": 0, "growth": {}}, "revenueEstimate": {"avg": 0, "low": 0, "high": 0, "numberOfAnalysts": 0, "yearAgoRevenue": {}, "growth": {}}, "epsTrend": {"current": 0.0, "7daysAgo": 0.0, "30daysAgo": 0.0, "60daysAgo": 0.0, "90daysAgo": 0.0}, "epsRevisions": {"upLast7days": 0, "upLast30days": 0, "downLast30days": 0, "downLast90days": {}}}, {"maxAge": 1, "period": "+1q", "endDate": null, "growth": {}, "earningsEstimate": {"avg": 0.0, "low": 0.0, "high": 0.0, "yearAgoEps": {}, "numberOfAnalysts": 0, "growth": {}}, "revenueEstimate": {"avg": 0, "low": 0, "high": 0, "numberOfAnalysts": 0, "yearAgoRevenue": {}, "growth": {}}, "epsTrend": {"current": 0.0, "7daysAgo": 0.0, "30daysAgo": 0.0, "60daysAgo": 0.0, "90daysAgo": 0.0}, "epsRevisions": {"upLast7days": 0, "upLast30days": 0, "downLast30days": 0, "downLast90days": {}}}, {"maxAge": 1, "period": "0y", "endDate": null, "growth": {}, "earningsEstimate": {"avg": 0.0, "low": 0.0, "high": 0.0, "yearAgoEps": {}, "numberOfAnalysts": 0, "growth": {}}, "revenueEstimate": {"avg": 0, "low": 0, "high": 0, "numberOfAnalysts": 0, "yearAgoRevenue": {}, "growth": {}}, "epsTrend": {"current": 0.0, "7daysAgo": 0.0, "30daysAgo": 0.0, "60daysAgo": 0.0, "90daysAgo": 0.0}, "epsRevisions": {"upLast7days": 0, "upLast30days": 0, "downLast30days": 0, "downLast90days": {}}}, {"maxAge": 1, "period": "+1y", "endDate": null, "growth": {}, "earningsEstimate": {"avg": 0.0, "low": 0.0, "high": 0.0, "yearAgoEps": {}, "numberOfAnalysts": 0, "growth": {}}, "revenueEstimate": {"avg": 0, "low": 0, "high": 0, "numberOfAnalysts": 0, "yearAgoRevenue": {}, "growth": {}}, "epsTrend": {"current": 0.0, "7daysAgo": 0.0, "30daysAgo": 0.0, "60daysAgo": 0.0, "90daysAgo": 0.0}, "epsRevisions": {"upLast7days": 0, "upLast30days": 0, "downLast30days": 0, "downLast90days": {}}}, {"maxAge": 1, "period": "+5y", "endDate": null, "growth": {}, "earningsEstimate": {"avg": {}, "low": {}, "high": {}, "yearAgoEps": {}, "numberOfAnalysts": {}, "growth": {}}, "revenueEstimate": {"avg": {}, "low": {}, "high": {}, "numberOfAnalysts": {}, "yearAgoRevenue": {}, "growth": {}}, "epsTrend": {"current": {}, "7daysAgo": {}, "30daysAgo": {}, "60daysAgo": {}, "90daysAgo": {}}, "epsRevisions": {"upLast7days": {}, "upLast30days": {}, "downLast30days": {}, "downLast90days": {}}}, {"maxAge": 1, "period": "-5y", "endDate": null, "growth": {}, "earningsEstimate": {"avg": {}, "low": {}, "high": {}, "yearAgoEps": {}, "numberOfAnalysts": {}, "growth": {}}, "revenueEstimate": {"avg": {}, "low": {}, "high": {}, "numberOfAnalysts": {}, "yearAgoRevenue": {}, "growth": {}}, "epsTrend": {"current": {}, "7daysAgo": {}, "30daysAgo": {}, "60daysAgo": {}, "90daysAgo": {}}, "epsRevisions": {"upLast7days": {}, "upLast30days": {}, "downLast30days": {}, "downLast90days": {}}}], "maxAge": 1}, "financialData": {"maxAge": 86400, "currentPrice": 52.25, "targetHighPrice": 54.0, "targetLowPrice": 54.0, "targetMeanPrice": 54.0, "targetMedianPrice": 54.0, "recommendationMean": 2.0, "recommendationKey": "buy", "numberOfAnalystOpinions": 1, "grossProfits": 663491000, "financialCurrency": "INR"}}}