{"MODIRUBBER.NS": {"assetProfile": {"address1": "4-7C, DDA Shopping Centre", "address2": "New Friends Colony", "city": "New Delhi", "zip": "110025", "country": "India", "phone": "91 11 4710 9398", "website": "http://www.modirubberlimited.com", "industry": "Real Estate Services", "sector": "Real Estate", "longBusinessSummary": "Modi Rubber Limited, together with its subsidiaries, provides automobile tires, tubes, and flaps in India. The company also manufacture and sell resin coated sand; and operates salons. Modi Rubber Limited was founded in 1971 and is headquartered in New Delhi, India.", "fullTimeEmployees": 26, "companyOfficers": [{"maxAge": 1, "name": "Mr. Alok Kumar Modi", "age": 53, "title": "MD & Exec. Director", "yearBorn": 1967, "fiscalYear": 2020, "totalPay": 0, "exercisedValue": 0, "unexercisedValue": 0}, {"maxAge": 1, "name": "Mr. Kamal  Gupta", "title": "Chief Fin. Officer", "fiscalYear": 2020, "totalPay": 5982240, "exercisedValue": 0, "unexercisedValue": 0}, {"maxAge": 1, "name": "Mr. Sanjeev Kumar Bajpai", "title": "Head of Legal & Company Sec.", "fiscalYear": 2020, "totalPay": 3946021, "exercisedValue": 0, "unexercisedValue": 0}, {"maxAge": 1, "name": "Ms. Piya  Modi", "age": 29, "title": "Whole-Time Director", "yearBorn": 1991, "fiscalYear": 2020, "totalPay": 3024000, "exercisedValue": 0, "unexercisedValue": 0}], "compensationAsOfEpochDate": "2020-12-31 05:30:00", "maxAge": 86400}, "cashflowStatementHistory": {"cashflowStatements": [{"maxAge": 1, "endDate": "2020-03-31", "netIncome": -23320000, "depreciation": 29635000, "changeToNetincome": -10958000, "changeToAccountReceivables": -3881000, "changeToLiabilities": 84000, "changeToOperatingActivities": 51659000, "totalCashFromOperatingActivities": 43314000, "capitalExpenditures": -13807000, "investments": -72026000, "otherCashflowsFromInvestingActivities": 22612000, "totalCashflowsFromInvestingActivities": -63221000, "netBorrowings": -2036000, "otherCashflowsFromFinancingActivities": -1222000, "totalCashFromFinancingActivities": -3258000, "changeInCash": -23165000}, {"maxAge": 1, "endDate": "2019-03-31", "netIncome": 90631000, "depreciation": 33238000, "changeToNetincome": -38280000, "changeToAccountReceivables": -49000, "changeToLiabilities": -13473000, "changeToOperatingActivities": 141715000, "totalCashFromOperatingActivities": 213910000, "capitalExpenditures": -5056000, "investments": -257401000, "otherCashflowsFromInvestingActivities": 16339000, "totalCashflowsFromInvestingActivities": -245786000, "netBorrowings": -3441000, "otherCashflowsFromFinancingActivities": -2838000, "totalCashFromFinancingActivities": -6279000, "changeInCash": -38155000}, {"maxAge": 1, "endDate": "2018-03-31", "netIncome": 153560000, "depreciation": 32081000, "changeToNetincome": -177353000, "changeToAccountReceivables": -7548000, "changeToLiabilities": -17684000, "changeToOperatingActivities": -116470000, "totalCashFromOperatingActivities": -133319000, "capitalExpenditures": -15372000, "investments": 200272000, "otherCashflowsFromInvestingActivities": 64343000, "totalCashflowsFromInvestingActivities": 249243000, "netBorrowings": -3072000, "otherCashflowsFromFinancingActivities": -1741000, "totalCashFromFinancingActivities": -4813000, "changeInCash": 111111000}, {"maxAge": 1, "endDate": "2017-03-31", "netIncome": 244494000, "depreciation": 12910000, "changeToNetincome": -281646000, "changeToAccountReceivables": -12444000, "changeToLiabilities": 113000, "changeToOperatingActivities": 36456000, "totalCashFromOperatingActivities": 170000, "capitalExpenditures": -167916000, "investments": 110790000, "otherCashflowsFromInvestingActivities": 21087000, "totalCashflowsFromInvestingActivities": -34777000, "netBorrowings": 8671000, "otherCashflowsFromFinancingActivities": -1315000, "totalCashFromFinancingActivities": 7356000, "changeInCash": -27251000}], "maxAge": 86400}, "institutionOwnership": {"ownershipList": [], "maxAge": 1}, "majorHoldersBreakdown": {"maxAge": 1, "insidersPercentHeld": 0.87597, "institutionsPercentHeld": 0.0, "institutionsFloatPercentHeld": 0.0, "institutionsCount": 0}, "balanceSheetHistoryQuarterly": {"balanceSheetStatements": [{"maxAge": 1, "endDate": "2020-12-31", "totalStockholderEquity": 4119658000, "netTangibleAssets": 4119504000}, {"maxAge": 1, "endDate": "2020-09-30", "cash": 32386000, "shortTermInvestments": 808151000, "netReceivables": 23517000, "otherCurrentAssets": 27252000, "totalCurrentAssets": 891306000, "longTermInvestments": 3182839000, "propertyPlantEquipment": 282777000, "intangibleAssets": 154000, "otherAssets": 91199000, "deferredLongTermAssetCharges": 34765000, "totalAssets": 4448275000, "accountsPayable": 13776000, "otherCurrentLiab": 274009000, "longTermDebt": 27101000, "otherLiab": 480000, "totalCurrentLiabilities": 287785000, "totalLiab": 328617000, "commonStock": 250405000, "treasuryStock": 3869253000, "otherStockholderEquity": 3869253000, "totalStockholderEquity": 4119658000, "netTangibleAssets": 4119504000}, {"maxAge": 1, "endDate": "2020-06-30", "totalStockholderEquity": 4066953000, "netTangibleAssets": 4066765000}, {"maxAge": 1, "endDate": "2020-03-31", "cash": 61625000, "shortTermInvestments": 663076000, "netReceivables": 26136000, "otherCurrentAssets": 15094000, "totalCurrentAssets": 767163000, "longTermInvestments": 2788467000, "propertyPlantEquipment": 294508000, "intangibleAssets": 188000, "otherAssets": 543875000, "deferredLongTermAssetCharges": 34765000, "totalAssets": 4394201000, "accountsPayable": 111000, "shortLongTermDebt": 4274000, "otherCurrentLiab": 66878000, "longTermDebt": 29174000, "otherLiab": 2111000, "totalCurrentLiabilities": 281755000, "totalLiab": 327248000, "commonStock": 250405000, "retainedEarnings": 1860094000, "treasuryStock": 1378222000, "capitalSurplus": 578232000, "otherStockholderEquity": 1378222000, "totalStockholderEquity": 4066953000, "netTangibleAssets": 4066765000}], "maxAge": 86400}, "indexTrend": {"maxAge": 1, "symbol": "SP5", "peRatio": 19.7411, "pegRatio": 1.34172, "estimates": [{"period": "0q", "growth": 0.549}, {"period": "+1q", "growth": 0.431}, {"period": "0y", "growth": 0.305}, {"period": "+1y", "growth": 0.109}, {"period": "+5y", "growth": 0.120865}, {"period": "-5y"}]}, "defaultKeyStatistics": {"maxAge": 1, "priceHint": 2, "enterpriseValue": 1249104640, "profitMargins": 0.0, "floatShares": 2668714, "sharesOutstanding": 25040500, "heldPercentInsiders": 0.87597, "heldPercentInstitutions": 0.0, "beta": 0.743261, "category": null, "bookValue": 165.67, "priceToBook": 0.47443712, "fundFamily": null, "legalType": null, "lastFiscalYearEnd": "2020-03-31 05:30:00", "nextFiscalYearEnd": "2022-03-31 05:30:00", "mostRecentQuarter": "2020-12-31 05:30:00", "netIncomeToCommon": -104372000, "trailingEps": -4.16, "lastSplitFactor": null, "enterpriseToRevenue": 37.979, "enterpriseToEbitda": -9.086}, "summaryProfile": {"address1": "4-7C, DDA Shopping Centre", "address2": "New Friends Colony", "city": "New Delhi", "zip": "110025", "country": "India", "phone": "91 11 4710 9398", "website": "http://www.modirubberlimited.com", "industry": "Real Estate Services", "sector": "Real Estate", "longBusinessSummary": "Modi Rubber Limited, together with its subsidiaries, provides automobile tires, tubes, and flaps in India. The company also manufacture and sell resin coated sand; and operates salons. Modi Rubber Limited was founded in 1971 and is headquartered in New Delhi, India.", "fullTimeEmployees": 26, "companyOfficers": [], "maxAge": 86400}, "netSharePurchaseActivity": {"maxAge": 1, "period": "6m", "buyInfoCount": 0, "buyInfoShares": 0, "sellInfoCount": 0, "netInfoCount": 0, "netInfoShares": 0, "netPercentInsiderShares": 0.0, "totalInsiderShares": 21958610}, "quoteType": {"exchange": "NSI", "quoteType": "EQUITY", "symbol": "MODIRUBBER.NS", "underlyingSymbol": "MODIRUBBER.NS", "shortName": "MODI RUBBER", "longName": "Modi Rubber Limited", "firstTradeDateEpochUtc": "2018-06-20 09:15:00", "timeZoneFullName": "Asia/Kolkata", "timeZoneShortName": "IST", "uuid": "50f3949f-f542-3685-bbf7-b9b435cd58d5", "gmtOffSetMilliseconds": 19800000, "maxAge": 1}, "incomeStatementHistory": {"incomeStatementHistory": [{"maxAge": 1, "endDate": "2020-03-31", "totalRevenue": 48935000, "costOfRevenue": 34758000, "grossProfit": 14177000, "researchDevelopment": {}, "sellingGeneralAdministrative": 49593000, "nonRecurring": {}, "otherOperatingExpenses": 117426000, "totalOperatingExpenses": 231507000, "operatingIncome": -182572000, "totalOtherIncomeExpenseNet": 189515000, "ebit": -182572000, "interestExpense": -3095000, "incomeBeforeTax": 6943000, "incomeTaxExpense": 30263000, "minorityInterest": {}, "netIncomeFromContinuingOps": -23320000, "discontinuedOperations": {}, "extraordinaryItems": {}, "effectOfAccountingCharges": {}, "otherItems": {}, "netIncome": -23320000, "netIncomeApplicableToCommonShares": -23320000}, {"maxAge": 1, "endDate": "2019-03-31", "totalRevenue": 52370000, "costOfRevenue": 43441000, "grossProfit": 8929000, "researchDevelopment": {}, "sellingGeneralAdministrative": 52758000, "nonRecurring": {}, "otherOperatingExpenses": 115054000, "totalOperatingExpenses": 244619000, "operatingIncome": -192249000, "totalOtherIncomeExpenseNet": 323360000, "ebit": -192249000, "interestExpense": -2838000, "incomeBeforeTax": 131111000, "incomeTaxExpense": 40480000, "minorityInterest": {}, "netIncomeFromContinuingOps": 90631000, "discontinuedOperations": {}, "extraordinaryItems": {}, "effectOfAccountingCharges": {}, "otherItems": {}, "netIncome": 90631000, "netIncomeApplicableToCommonShares": 90631000}, {"maxAge": 1, "endDate": "2018-03-31", "totalRevenue": 59259000, "costOfRevenue": 32345000, "grossProfit": 26914000, "researchDevelopment": {}, "sellingGeneralAdministrative": 55153000, "nonRecurring": {}, "otherOperatingExpenses": 173017000, "totalOperatingExpenses": 292691000, "operatingIncome": -233432000, "totalOtherIncomeExpenseNet": 606208000, "ebit": -233432000, "interestExpense": -1741000, "incomeBeforeTax": 372776000, "incomeTaxExpense": 219216000, "minorityInterest": {}, "netIncomeFromContinuingOps": 153560000, "discontinuedOperations": {}, "extraordinaryItems": {}, "effectOfAccountingCharges": {}, "otherItems": {}, "netIncome": 153560000, "netIncomeApplicableToCommonShares": 153560000}, {"maxAge": 1, "endDate": "2017-03-31", "totalRevenue": 51508000, "costOfRevenue": 24719000, "grossProfit": 26789000, "researchDevelopment": {}, "sellingGeneralAdministrative": 53086000, "nonRecurring": {}, "otherOperatingExpenses": 117433000, "totalOperatingExpenses": 208435000, "operatingIncome": -156927000, "totalOtherIncomeExpenseNet": 390863000, "ebit": -156927000, "interestExpense": -1315000, "incomeBeforeTax": 233936000, "incomeTaxExpense": -10558000, "minorityInterest": {}, "netIncomeFromContinuingOps": 244494000, "discontinuedOperations": {}, "extraordinaryItems": {}, "effectOfAccountingCharges": {}, "otherItems": {}, "netIncome": 244494000, "netIncomeApplicableToCommonShares": 244494000}], "maxAge": 86400}, "fundOwnership": {"ownershipList": [], "maxAge": 1}, "summaryDetail": {"maxAge": 1, "priceHint": 2, "previousClose": 81.75, "open": 83.9, "dayLow": 77.8, "dayHigh": 83.9, "regularMarketPreviousClose": 81.75, "regularMarketOpen": 83.9, "regularMarketDayLow": 77.8, "regularMarketDayHigh": 83.9, "exDividendDate": "2000-01-12 05:30:00", "payoutRatio": 0.0, "beta": 0.743261, "volume": 4005, "regularMarketVolume": 4005, "averageVolume": 7145, "averageVolume10days": 714, "averageDailyVolume10Day": 714, "bid": 0.0, "ask": 0.0, "bidSize": 0, "askSize": 0, "marketCap": 1989853312, "fiftyTwoWeekLow": 23.95, "fiftyTwoWeekHigh": 216.05, "priceToSalesTrailing12Months": 60.50209, "fiftyDayAverage": 140.69698, "twoHundredDayAverage": 62.147144, "currency": "INR", "fromCurrency": null, "lastMarket": null, "algorithm": null, "tradeable": false}, "incomeStatementHistoryQuarterly": {"incomeStatementHistory": [{"maxAge": 1, "endDate": "2020-12-31", "totalRevenue": 3886000, "costOfRevenue": 0, "grossProfit": 3886000, "researchDevelopment": {}, "sellingGeneralAdministrative": 9813000, "nonRecurring": {}, "otherOperatingExpenses": 33138000, "totalOperatingExpenses": 49766000, "operatingIncome": -45880000, "totalOtherIncomeExpenseNet": 83826000, "ebit": -45880000, "interestExpense": -631000, "incomeBeforeTax": 37946000, "incomeTaxExpense": -157000, "minorityInterest": {}, "netIncomeFromContinuingOps": 38103000, "discontinuedOperations": {}, "extraordinaryItems": {}, "effectOfAccountingCharges": {}, "otherItems": {}, "netIncome": 38103000, "netIncomeApplicableToCommonShares": 38103000}, {"maxAge": 1, "endDate": "2020-09-30", "totalRevenue": 4687000, "costOfRevenue": 0, "grossProfit": 4687000, "researchDevelopment": {}, "sellingGeneralAdministrative": 12008000, "nonRecurring": {}, "otherOperatingExpenses": 27036000, "totalOperatingExpenses": 45721000, "operatingIncome": -41034000, "totalOtherIncomeExpenseNet": 34320000, "ebit": -41034000, "interestExpense": -1144000, "incomeBeforeTax": -6714000, "incomeTaxExpense": 0, "minorityInterest": {}, "netIncomeFromContinuingOps": -6714000, "discontinuedOperations": {}, "extraordinaryItems": {}, "effectOfAccountingCharges": {}, "otherItems": {}, "netIncome": -6714000, "netIncomeApplicableToCommonShares": -6714000}, {"maxAge": 1, "endDate": "2020-06-30", "totalRevenue": 10315000, "costOfRevenue": 0, "grossProfit": 10315000, "researchDevelopment": {}, "sellingGeneralAdministrative": 10441000, "nonRecurring": {}, "otherOperatingExpenses": 23785000, "totalOperatingExpenses": 40784000, "operatingIncome": -30469000, "totalOtherIncomeExpenseNet": -36245000, "ebit": -30469000, "interestExpense": -774000, "incomeBeforeTax": -66714000, "incomeTaxExpense": 0, "minorityInterest": {}, "netIncomeFromContinuingOps": -66714000, "discontinuedOperations": {}, "extraordinaryItems": {}, "effectOfAccountingCharges": {}, "otherItems": {}, "netIncome": -66714000, "netIncomeApplicableToCommonShares": -66714000}, {"maxAge": 1, "endDate": "2020-03-31", "totalRevenue": 14001000, "costOfRevenue": 34758000, "grossProfit": -20757000, "researchDevelopment": {}, "sellingGeneralAdministrative": 16309000, "nonRecurring": {}, "otherOperatingExpenses": -1652000, "totalOperatingExpenses": 57164000, "operatingIncome": -43163000, "totalOtherIncomeExpenseNet": 4460000, "ebit": -43163000, "interestExpense": -430000, "incomeBeforeTax": -38703000, "incomeTaxExpense": 30344000, "minorityInterest": {}, "netIncomeFromContinuingOps": -69047000, "discontinuedOperations": {}, "extraordinaryItems": {}, "effectOfAccountingCharges": {}, "otherItems": {}, "netIncome": -69047000, "netIncomeApplicableToCommonShares": -69047000}], "maxAge": 86400}, "cashflowStatementHistoryQuarterly": {"cashflowStatements": [{"maxAge": 1, "endDate": "2020-12-31", "netIncome": 38103000, "changeToLiabilities": 0}, {"maxAge": 1, "endDate": "2020-09-30", "netIncome": -6714000, "changeToLiabilities": 0}, {"maxAge": 1, "endDate": "2020-06-30", "netIncome": -66714000, "changeToLiabilities": 0}, {"maxAge": 1, "endDate": "2020-03-31", "netIncome": -69047000, "changeToLiabilities": 0}], "maxAge": 86400}, "insiderHolders": {"holders": [], "maxAge": 1}, "calendarEvents": {"maxAge": 1, "earnings": {"earningsDate": []}, "exDividendDate": "2000-01-12 05:30:00"}, "upgradeDowngradeHistory": {"history": [], "maxAge": 86400}, "price": {"maxAge": 1, "regularMarketChangePercent": -0.03853213, "regularMarketChange": -3.1500015, "regularMarketTime": "2021-04-30 15:26:23", "priceHint": 2, "regularMarketPrice": 78.6, "regularMarketDayHigh": 83.9, "regularMarketDayLow": 77.8, "regularMarketVolume": 4005, "averageDailyVolume10Day": 714, "averageDailyVolume3Month": 7145, "regularMarketPreviousClose": 81.75, "regularMarketSource": "FREE_REALTIME", "regularMarketOpen": 83.9, "exchange": "NSI", "exchangeName": "NSE", "exchangeDataDelayedBy": 15, "marketState": "CLOSED", "quoteType": "EQUITY", "symbol": "MODIRUBBER.NS", "underlyingSymbol": null, "shortName": "MODI RUBBER", "longName": "Modi Rubber Limited", "currency": "INR", "quoteSourceName": "Delayed Quote", "currencySymbol": "\u20b9", "fromCurrency": null, "lastMarket": null, "marketCap": 1989853312}, "balanceSheetHistory": {"balanceSheetStatements": [{"maxAge": 1, "endDate": "2020-03-31", "cash": 61625000, "shortTermInvestments": 663076000, "netReceivables": 26136000, "otherCurrentAssets": 15094000, "totalCurrentAssets": 767163000, "longTermInvestments": 2788467000, "propertyPlantEquipment": 294508000, "intangibleAssets": 188000, "otherAssets": 543875000, "deferredLongTermAssetCharges": 34765000, "totalAssets": 4394201000, "accountsPayable": 111000, "shortLongTermDebt": 4274000, "otherCurrentLiab": 66878000, "longTermDebt": 29174000, "otherLiab": 2111000, "totalCurrentLiabilities": 281755000, "totalLiab": 327248000, "commonStock": 250405000, "retainedEarnings": 1860094000, "treasuryStock": 1378222000, "capitalSurplus": 578232000, "otherStockholderEquity": 1378222000, "totalStockholderEquity": 4066953000, "netTangibleAssets": 4066765000}, {"maxAge": 1, "endDate": "2019-03-31", "cash": 84790000, "shortTermInvestments": 562866000, "netReceivables": 38309000, "otherCurrentAssets": 15415000, "totalCurrentAssets": 702419000, "longTermInvestments": 2923832000, "propertyPlantEquipment": 293617000, "intangibleAssets": 243000, "otherAssets": 606368000, "deferredLongTermAssetCharges": 48460000, "totalAssets": 4526479000, "accountsPayable": 27000, "shortLongTermDebt": 3443000, "otherCurrentLiab": 42013000, "longTermDebt": 28729000, "otherLiab": 9606000, "totalCurrentLiabilities": 324673000, "totalLiab": 363008000, "commonStock": 250405000, "retainedEarnings": 1956612000, "treasuryStock": 1378222000, "capitalSurplus": 578232000, "otherStockholderEquity": 1378222000, "totalStockholderEquity": 4163471000, "netTangibleAssets": 4163228000}, {"maxAge": 1, "endDate": "2018-03-31", "cash": 122945000, "shortTermInvestments": 503687000, "netReceivables": 232303000, "inventory": 7542000, "otherCurrentAssets": 6058000, "totalCurrentAssets": 873747000, "longTermInvestments": 2632745000, "propertyPlantEquipment": 322822000, "intangibleAssets": 227000, "otherAssets": 664398000, "deferredLongTermAssetCharges": 73208000, "totalAssets": 4493939000, "shortLongTermDebt": 3440000, "otherCurrentLiab": 91352000, "longTermDebt": 32173000, "otherLiab": 9097000, "totalCurrentLiabilities": 391892000, "totalLiab": 433162000, "commonStock": 250405000, "retainedEarnings": 1853918000, "treasuryStock": 1378222000, "capitalSurplus": 578232000, "otherStockholderEquity": 1378222000, "totalStockholderEquity": 4060777000, "netTangibleAssets": 4060550000}, {"maxAge": 1, "endDate": "2017-03-31", "cash": 11834000, "shortTermInvestments": 382877000, "netReceivables": 252136000, "inventory": 7542000, "otherCurrentAssets": 8276000, "totalCurrentAssets": 664350000, "longTermInvestments": 2547940000, "propertyPlantEquipment": 320552000, "intangibleAssets": 232000, "otherAssets": 860678000, "deferredLongTermAssetCharges": 300046000, "totalAssets": 4393752000, "accountsPayable": 113000, "shortLongTermDebt": 3073000, "otherCurrentLiab": 86207000, "longTermDebt": 35612000, "otherLiab": 6797000, "totalCurrentLiabilities": 402657000, "totalLiab": 445066000, "commonStock": 250405000, "retainedEarnings": 1741827000, "treasuryStock": 1378222000, "capitalSurplus": 578232000, "otherStockholderEquity": 1378222000, "totalStockholderEquity": 3948686000, "netTangibleAssets": 3948454000}], "maxAge": 86400}, "financialData": {"maxAge": 86400, "currentPrice": 78.6, "recommendationKey": "none", "totalCash": 840537024, "totalCashPerShare": 33.531, "ebitda": -137479008, "totalDebt": 40352000, "totalRevenue": 32889000, "debtToEquity": 0.979, "revenuePerShare": 1.311, "grossProfits": 14177000, "revenueGrowth": -0.69, "grossMargins": -0.05683, "ebitdaMargins": 0.0, "operatingMargins": -4.8814497, "profitMargins": 0.0, "financialCurrency": "INR"}}}