{"MOHITE.BO": {"recommendationTrend": {"trend": [{"period": "0m", "strongBuy": 0, "buy": 0, "hold": 0, "sell": 0, "strongSell": 0}, {"period": "-1m", "strongBuy": 0, "buy": 0, "hold": 0, "sell": 0, "strongSell": 0}, {"period": "-2m", "strongBuy": 0, "buy": 0, "hold": 0, "sell": 0, "strongSell": 0}, {"period": "-3m", "strongBuy": 0, "buy": 0, "hold": 0, "sell": 0, "strongSell": 0}], "maxAge": 86400}, "cashflowStatementHistory": {"cashflowStatements": [{"maxAge": 1, "endDate": "2020-03-31", "netIncome": 42655423, "depreciation": 60031948, "changeToNetincome": 91910248, "changeToAccountReceivables": -151938748, "changeToLiabilities": 37586039, "changeToInventory": -5386750, "totalCashFromOperatingActivities": 74858160, "capitalExpenditures": -53486245, "investments": 1750000, "totalCashflowsFromInvestingActivities": -51736245, "netBorrowings": 134758592, "otherCashflowsFromFinancingActivities": -88155170, "totalCashFromFinancingActivities": 46603422, "changeInCash": 69725337}, {"maxAge": 1, "endDate": "2019-03-31", "netIncome": 21284703, "depreciation": 72749999, "changeToNetincome": 107393181, "changeToAccountReceivables": 6831918, "changeToLiabilities": -851360, "changeToInventory": 10204000, "totalCashFromOperatingActivities": 217612441, "capitalExpenditures": -60906380, "investments": 1750000, "totalCashflowsFromInvestingActivities": -60906380, "netBorrowings": -17436559, "otherCashflowsFromFinancingActivities": -105958777, "totalCashFromFinancingActivities": -123395336, "changeInCash": 33310725}, {"maxAge": 1, "endDate": "2018-03-31", "netIncome": 13696606, "depreciation": 71903080, "changeToNetincome": 88212376, "changeToAccountReceivables": 10043713, "changeToLiabilities": -16910453, "changeToInventory": -50583000, "totalCashFromOperatingActivities": 116362322, "capitalExpenditures": -43050866, "investments": 1750000, "otherCashflowsFromInvestingActivities": 135200, "totalCashflowsFromInvestingActivities": -42348565, "netBorrowings": 17130622, "otherCashflowsFromFinancingActivities": -90532753, "totalCashFromFinancingActivities": -73402131, "changeInCash": 611626}, {"maxAge": 1, "endDate": "2017-03-31", "netIncome": -34797000, "depreciation": 71772000, "changeToNetincome": 167219000, "changeToAccountReceivables": 2488000, "changeToLiabilities": 421000, "changeToInventory": -51119000, "totalCashFromOperatingActivities": 155984000, "capitalExpenditures": -29734000, "investments": -135000, "otherCashflowsFromInvestingActivities": -10043000, "totalCashflowsFromInvestingActivities": -39912000, "netBorrowings": -28369000, "otherCashflowsFromFinancingActivities": -104537000, "totalCashFromFinancingActivities": -132906000, "changeInCash": -16835000}], "maxAge": 86400}, "institutionOwnership": {"maxAge": 1, "ownershipList": []}, "balanceSheetHistoryQuarterly": {"balanceSheetStatements": [{"maxAge": 1, "endDate": "2020-06-30", "totalStockholderEquity": 917250000, "netTangibleAssets": 917250000}, {"maxAge": 1, "endDate": "2020-03-31", "cash": 533869, "shortTermInvestments": 77883566, "netReceivables": 533325225, "inventory": 406613750, "otherCurrentAssets": 229234868, "totalCurrentAssets": 1252502873, "longTermInvestments": 3110100, "propertyPlantEquipment": 746569425, "otherAssets": 10406116, "totalAssets": 2012588514, "accountsPayable": 38263029, "shortLongTermDebt": 76719324, "otherCurrentLiab": 32598913, "longTermDebt": 666545541, "otherLiab": 21639502, "minorityInterest": 34363920, "totalCurrentLiabilities": 372392240, "totalLiab": 1060577283, "commonStock": 200997000, "retainedEarnings": 716650311, "totalStockholderEquity": 917647311, "netTangibleAssets": 917647311}, {"maxAge": 1, "endDate": "2019-12-31", "totalStockholderEquity": 894993000, "netTangibleAssets": 894666000}, {"maxAge": 1, "endDate": "2019-09-30", "cash": 18871000, "netReceivables": 425605000, "inventory": 375994000, "otherCurrentAssets": 8113000, "totalCurrentAssets": 828583000, "longTermInvestments": 281900000, "propertyPlantEquipment": 755943000, "intangibleAssets": 327000, "otherAssets": 1562000, "totalAssets": 1868315000, "accountsPayable": 34384000, "shortLongTermDebt": 65919000, "otherCurrentLiab": 10754000, "longTermDebt": 637780000, "otherLiab": 24512000, "totalCurrentLiabilities": 311030000, "totalLiab": 973322000, "commonStock": 200997000, "retainedEarnings": 693996000, "totalStockholderEquity": 894993000, "netTangibleAssets": 894666000}], "maxAge": 86400}, "earningsHistory": {"history": [{"maxAge": 1, "epsActual": {}, "epsEstimate": {}, "epsDifference": {}, "surprisePercent": {}, "quarter": {}, "period": "-4q"}, {"maxAge": 1, "epsActual": {}, "epsEstimate": {}, "epsDifference": {}, "surprisePercent": {}, "quarter": {}, "period": "-3q"}, {"maxAge": 1, "epsActual": {}, "epsEstimate": {}, "epsDifference": {}, "surprisePercent": {}, "quarter": {}, "period": "-2q"}, {"maxAge": 1, "epsActual": {}, "epsEstimate": {}, "epsDifference": {}, "surprisePercent": {}, "quarter": {}, "period": "-1q"}], "maxAge": 86400}, "indexTrend": {"maxAge": 1, "symbol": "SP5", "peRatio": 19.7411, "pegRatio": 1.34172, "estimates": [{"period": "0q", "growth": 0.549}, {"period": "+1q", "growth": 0.431}, {"period": "0y", "growth": 0.305}, {"period": "+1y", "growth": 0.109}, {"period": "+5y", "growth": 0.120859005}, {"period": "-5y"}]}, "industryTrend": {"maxAge": 1, "symbol": null, "estimates": []}, "insiderTransactions": {"transactions": [{"maxAge": 1, "shares": 51400, "filerUrl": "", "transactionText": "", "filerName": "Mohite (Dilip Ramchandra)", "filerRelation": "Joint Managing director", "moneyText": "", "startDate": "2017-02-02", "ownership": "D"}, {"maxAge": 1, "shares": 51400, "filerUrl": "", "transactionText": "", "filerName": "Mohite (Monika Shivaji)", "filerRelation": "Joint Managing director", "moneyText": "", "startDate": "2017-02-02", "ownership": "D"}, {"maxAge": 1, "shares": 700000, "filerUrl": "", "transactionText": "", "filerName": "Mohite (Dilip Ramchandra)", "filerRelation": "Promoter", "moneyText": "", "startDate": "2017-01-02", "ownership": "D"}, {"maxAge": 1, "shares": 700000, "filerUrl": "", "transactionText": "", "filerName": "Mohite (Monika Shivaji)", "filerRelation": "Joint Managing director", "moneyText": "", "startDate": "2017-01-02", "ownership": "D"}, {"maxAge": 1, "shares": 800000, "filerUrl": "", "transactionText": "", "filerName": "Mohite (Dilip Ramchandra)", "filerRelation": "Promoter", "moneyText": "", "startDate": "2016-03-15", "ownership": "D"}, {"maxAge": 1, "shares": 800000, "filerUrl": "", "transactionText": "", "filerName": "Mohite (Monika Shivaji)", "filerRelation": "Joint Managing director", "moneyText": "", "startDate": "2016-03-15", "ownership": "D"}, {"maxAge": 1, "shares": 2600000, "filerUrl": "", "transactionText": "", "filerName": "Mohite (Monika Shivaji)", "filerRelation": "Joint Managing director", "moneyText": "", "startDate": "2012-08-30", "ownership": "D"}, {"maxAge": 1, "shares": 2600000, "filerUrl": "", "transactionText": "", "filerName": "Mohite (Dilip Ramchandra)", "filerRelation": "Promoter", "moneyText": "", "startDate": "2012-08-30", "ownership": "D"}, {"maxAge": 1, "shares": 30000, "filerUrl": "", "transactionText": "", "filerName": "Mohite (Shivaji Ramchandra)", "filerRelation": "Managing Director", "moneyText": "", "startDate": "2011-03-21", "ownership": "D"}, {"maxAge": 1, "shares": 500, "filerUrl": "", "transactionText": "", "filerName": "Patil (Dhiraj Shivajirao)", "filerRelation": "Director (Non-Executive)", "moneyText": "", "startDate": "2011-03-09", "ownership": "D"}, {"maxAge": 1, "shares": 40000, "filerUrl": "", "transactionText": "", "filerName": "Mohite (Shivaji Ramchandra)", "filerRelation": "Managing Director", "moneyText": "", "startDate": "2011-03-09", "ownership": "D"}, {"maxAge": 1, "shares": 60000, "filerUrl": "", "transactionText": "", "filerName": "Mohite (Shivaji Ramchandra)", "filerRelation": "Managing Director", "moneyText": "", "startDate": "2011-03-03", "ownership": "D"}, {"maxAge": 1, "shares": 30000, "filerUrl": "", "transactionText": "", "filerName": "Mohite (Shivaji Ramchandra)", "filerRelation": "Managing Director", "moneyText": "", "startDate": "2011-02-25", "ownership": "D"}, {"maxAge": 1, "shares": 16653, "filerUrl": "", "transactionText": "", "filerName": "Mohite (Shivaji Ramchandra)", "filerRelation": "Managing Director", "moneyText": "", "startDate": "2011-02-24", "ownership": "D"}, {"maxAge": 1, "shares": 30000, "filerUrl": "", "transactionText": "", "filerName": "Mohite (Shivaji Ramchandra)", "filerRelation": "Managing Director", "moneyText": "", "startDate": "2011-02-23", "ownership": "D"}, {"maxAge": 1, "shares": 28239, "filerUrl": "", "transactionText": "", "filerName": "Mohite (Shivaji Ramchandra)", "filerRelation": "Managing Director", "moneyText": "", "startDate": "2011-02-22", "ownership": "D"}, {"maxAge": 1, "shares": 33614, "filerUrl": "", "transactionText": "", "filerName": "Mohite (Shivaji Ramchandra)", "filerRelation": "Managing Director", "moneyText": "", "startDate": "2011-02-21", "ownership": "D"}, {"maxAge": 1, "shares": 18562, "filerUrl": "", "transactionText": "", "filerName": "Mohite (Shivaji Ramchandra)", "filerRelation": "Managing Director", "moneyText": "", "startDate": "2011-02-18", "ownership": "D"}, {"maxAge": 1, "shares": 30225, "filerUrl": "", "transactionText": "", "filerName": "Mohite (Shivaji Ramchandra)", "filerRelation": "Managing Director", "moneyText": "", "startDate": "2011-02-17", "ownership": "D"}, {"maxAge": 1, "shares": 10000, "filerUrl": "", "transactionText": "", "filerName": "Mohite (Shivaji Ramchandra)", "filerRelation": "Managing Director", "moneyText": "", "startDate": "2011-02-04", "ownership": "D"}, {"maxAge": 1, "shares": 30000, "filerUrl": "", "transactionText": "", "filerName": "Mohite (Shivaji Ramchandra)", "filerRelation": "Managing Director", "moneyText": "", "startDate": "2011-02-02", "ownership": "D"}, {"maxAge": 1, "shares": 30000, "filerUrl": "", "transactionText": "", "filerName": "Mohite (Shivaji Ramchandra)", "filerRelation": "Managing Director", "moneyText": "", "startDate": "2011-01-31", "ownership": "D"}, {"maxAge": 1, "shares": 27019, "filerUrl": "", "transactionText": "", "filerName": "Mohite (Shivaji Ramchandra)", "filerRelation": "Managing Director", "moneyText": "", "startDate": "2011-01-28", "ownership": "D"}, {"maxAge": 1, "shares": 40400, "filerUrl": "", "transactionText": "", "filerName": "Mohite (Shivaji Ramchandra)", "filerRelation": "Managing Director", "moneyText": "", "startDate": "2011-01-27", "ownership": "D"}, {"maxAge": 1, "shares": 30350, "filerUrl": "", "transactionText": "", "filerName": "Mohite (Shivaji Ramchandra)", "filerRelation": "Managing Director", "moneyText": "", "startDate": "2010-10-11", "ownership": "D"}, {"maxAge": 1, "shares": 13486, "filerUrl": "", "transactionText": "", "filerName": "Mohite (Shivaji Ramchandra)", "filerRelation": "Managing Director", "moneyText": "", "startDate": "2010-10-01", "ownership": "D"}, {"maxAge": 1, "shares": 5189, "filerUrl": "", "transactionText": "", "filerName": "Mohite (Shivaji Ramchandra)", "filerRelation": "Managing Director", "moneyText": "", "startDate": "2010-10-01", "ownership": "D"}, {"maxAge": 1, "shares": 26000, "filerUrl": "", "transactionText": "", "filerName": "Mohite (Shivaji Ramchandra)", "filerRelation": "Managing Director", "moneyText": "", "startDate": "2010-09-30", "ownership": "D"}, {"maxAge": 1, "shares": 125000, "filerUrl": "", "transactionText": "", "filerName": "Mohite (Shivaji Ramchandra)", "filerRelation": "Managing Director", "moneyText": "", "startDate": "2010-09-29", "ownership": "D"}, {"maxAge": 1, "shares": 1000, "filerUrl": "", "transactionText": "", "filerName": "Nawandhar (Vijay Madanlal)", "filerRelation": "Director", "moneyText": "", "startDate": "2010-09-21", "ownership": "D"}, {"maxAge": 1, "shares": 1000, "filerUrl": "", "transactionText": "", "filerName": "Nawandhar (Vijay Madanlal)", "filerRelation": "Director", "moneyText": "", "startDate": "2010-09-20", "ownership": "D"}, {"maxAge": 1, "shares": 1000, "filerUrl": "", "transactionText": "", "filerName": "Nawandhar (Vijay Madanlal)", "filerRelation": "Director", "moneyText": "", "startDate": "2010-09-17", "ownership": "D"}, {"maxAge": 1, "shares": 2000, "filerUrl": "", "transactionText": "", "filerName": "Nawandhar (Vijay Madanlal)", "filerRelation": "Director", "moneyText": "", "startDate": "2010-09-16", "ownership": "D"}], "maxAge": 1}, "quoteType": {"exchange": "BSE", "quoteType": "EQUITY", "symbol": "MOHITE.BO", "underlyingSymbol": "MOHITE.BO", "shortName": "MOHITE INDUSTRIES LIMITED", "longName": "Mohite Industries Limited", "firstTradeDateEpochUtc": "2000-05-11 09:15:00", "timeZoneFullName": "Asia/Kolkata", "timeZoneShortName": "IST", "uuid": "75fd3db9-36cb-37f5-8965-895910bad682", "messageBoardId": null, "gmtOffSetMilliseconds": 19800000, "maxAge": 1}, "incomeStatementHistory": {"incomeStatementHistory": [{"maxAge": 1, "endDate": "2020-03-31", "totalRevenue": 1198381210, "costOfRevenue": 556282949, "grossProfit": 642098261, "researchDevelopment": {}, "sellingGeneralAdministrative": 478472717, "nonRecurring": {}, "otherOperatingExpenses": -25619131, "totalOperatingExpenses": 1069168483, "operatingIncome": 129212727, "totalOtherIncomeExpenseNet": -86954765, "ebit": 129212727, "interestExpense": -86970144, "incomeBeforeTax": 42257962, "incomeTaxExpense": -397461, "minorityInterest": 34363920, "netIncomeFromContinuingOps": 42655423, "discontinuedOperations": {}, "extraordinaryItems": {}, "effectOfAccountingCharges": {}, "otherItems": {}, "netIncome": 42655423, "netIncomeApplicableToCommonShares": 42655423}, {"maxAge": 1, "endDate": "2019-03-31", "totalRevenue": 1164648188, "costOfRevenue": 703511328, "grossProfit": 461136860, "researchDevelopment": {}, "sellingGeneralAdministrative": 263714371, "nonRecurring": {}, "otherOperatingExpenses": -336729, "totalOperatingExpenses": 1039638969, "operatingIncome": 125009219, "totalOtherIncomeExpenseNet": -104855641, "ebit": 125009219, "interestExpense": -104717981, "incomeBeforeTax": 20153578, "incomeTaxExpense": -1131125, "minorityInterest": 34363920, "netIncomeFromContinuingOps": 21284703, "discontinuedOperations": {}, "extraordinaryItems": {}, "effectOfAccountingCharges": {}, "otherItems": {}, "netIncome": 21284703, "netIncomeApplicableToCommonShares": 21284703}, {"maxAge": 1, "endDate": "2018-03-31", "totalRevenue": 1025224502, "costOfRevenue": 579055883, "grossProfit": 446168619, "researchDevelopment": {}, "sellingGeneralAdministrative": 279384245, "nonRecurring": {}, "otherOperatingExpenses": -6664003, "totalOperatingExpenses": 923679205, "operatingIncome": 101545297, "totalOtherIncomeExpenseNet": -89870518, "ebit": 101545297, "interestExpense": -88676904, "incomeBeforeTax": 11674779, "incomeTaxExpense": -2021827, "minorityInterest": 34363920, "netIncomeFromContinuingOps": 13696606, "discontinuedOperations": {}, "extraordinaryItems": {}, "effectOfAccountingCharges": {}, "otherItems": {}, "netIncome": 13696606, "netIncomeApplicableToCommonShares": 13696606}, {"maxAge": 1, "endDate": "2017-03-31", "totalRevenue": 957898000, "costOfRevenue": 502356000, "grossProfit": 455542000, "researchDevelopment": {}, "sellingGeneralAdministrative": 254024000, "nonRecurring": {}, "otherOperatingExpenses": -2518000, "totalOperatingExpenses": 825634000, "operatingIncome": 132264000, "totalOtherIncomeExpenseNet": -172954000, "ebit": 132264000, "interestExpense": -101146000, "incomeBeforeTax": -40690000, "incomeTaxExpense": -5893000, "minorityInterest": 34363920, "netIncomeFromContinuingOps": -34797000, "discontinuedOperations": {}, "extraordinaryItems": {}, "effectOfAccountingCharges": {}, "otherItems": {}, "netIncome": -34797000, "netIncomeApplicableToCommonShares": -34797000}], "maxAge": 86400}, "fundOwnership": {"maxAge": 1, "ownershipList": []}, "summaryDetail": {"maxAge": 1, "priceHint": 2, "previousClose": 15.7, "open": 15.7, "dayLow": 15.7, "dayHigh": 15.7, "regularMarketPreviousClose": 15.7, "regularMarketOpen": 15.7, "regularMarketDayLow": 15.7, "regularMarketDayHigh": 15.7, "trailingPE": 9.549878, "volume": 2, "regularMarketVolume": 2, "averageVolume": 735, "averageVolume10days": 1849, "averageDailyVolume10Day": 1849, "bid": 0.0, "ask": 15.25, "bidSize": 0, "askSize": 0, "marketCap": 315565280, "fiftyTwoWeekLow": 6.25, "fiftyTwoWeekHigh": 15.7, "fiftyDayAverage": 8.906571, "twoHundredDayAverage": 8.668695, "currency": "INR", "fromCurrency": null, "toCurrency": null, "lastMarket": null, "algorithm": null, "tradeable": false}, "sectorTrend": {"maxAge": 1, "symbol": null, "estimates": []}, "incomeStatementHistoryQuarterly": {"incomeStatementHistory": [{"maxAge": 1, "endDate": "2020-06-30", "totalRevenue": 12466000, "costOfRevenue": 863000, "grossProfit": 11603000, "researchDevelopment": {}, "sellingGeneralAdministrative": 3327000, "nonRecurring": {}, "otherOperatingExpenses": 665000, "totalOperatingExpenses": 19542000, "operatingIncome": -7076000, "totalOtherIncomeExpenseNet": -29000, "ebit": -7076000, "interestExpense": -29000, "incomeBeforeTax": -7105000, "incomeTaxExpense": 0, "minorityInterest": {}, "netIncomeFromContinuingOps": -7105000, "discontinuedOperations": {}, "extraordinaryItems": {}, "effectOfAccountingCharges": {}, "otherItems": {}, "netIncome": -7105000, "netIncomeApplicableToCommonShares": -7105000}, {"maxAge": 1, "endDate": "2020-03-31", "totalRevenue": 424874210, "costOfRevenue": 35880949, "grossProfit": 388993261, "researchDevelopment": {}, "sellingGeneralAdministrative": 392679717, "nonRecurring": {}, "otherOperatingExpenses": -52144131, "totalOperatingExpenses": 381042483, "operatingIncome": 43831727, "totalOtherIncomeExpenseNet": -21867765, "ebit": 43831727, "interestExpense": -21883144, "incomeBeforeTax": 21963962, "incomeTaxExpense": -397461, "minorityInterest": 34363920, "netIncomeFromContinuingOps": 22361423, "discontinuedOperations": {}, "extraordinaryItems": {}, "effectOfAccountingCharges": {}, "otherItems": {}, "netIncome": 22361423, "netIncomeApplicableToCommonShares": 22361423}, {"maxAge": 1, "endDate": "2019-12-31", "totalRevenue": 250051000, "costOfRevenue": 153360000, "grossProfit": 96691000, "researchDevelopment": {}, "sellingGeneralAdministrative": 35873000, "nonRecurring": {}, "otherOperatingExpenses": 4330000, "totalOperatingExpenses": 212811000, "operatingIncome": 37240000, "totalOtherIncomeExpenseNet": -22060000, "ebit": 37240000, "interestExpense": -22060000, "incomeBeforeTax": 15180000, "incomeTaxExpense": 0, "minorityInterest": 34363920, "netIncomeFromContinuingOps": 15180000, "discontinuedOperations": {}, "extraordinaryItems": {}, "effectOfAccountingCharges": {}, "otherItems": {}, "netIncome": 15180000, "netIncomeApplicableToCommonShares": 15180000}, {"maxAge": 1, "endDate": "2019-09-30", "totalRevenue": 291283000, "costOfRevenue": 213327000, "grossProfit": 77956000, "researchDevelopment": {}, "sellingGeneralAdministrative": 27187000, "nonRecurring": {}, "otherOperatingExpenses": 8918000, "totalOperatingExpenses": 267517000, "operatingIncome": 23766000, "totalOtherIncomeExpenseNet": -21076000, "ebit": 23766000, "interestExpense": -21076000, "incomeBeforeTax": 2690000, "incomeTaxExpense": 0, "minorityInterest": 34363920, "netIncomeFromContinuingOps": 2690000, "discontinuedOperations": {}, "extraordinaryItems": {}, "effectOfAccountingCharges": {}, "otherItems": {}, "netIncome": 2690000, "netIncomeApplicableToCommonShares": 2690000}], "maxAge": 86400}, "cashflowStatementHistoryQuarterly": {"cashflowStatements": [{"maxAge": 1, "endDate": "2020-06-30", "netIncome": -7105000, "changeToLiabilities": 0}, {"maxAge": 1, "endDate": "2020-03-31", "netIncome": 22361423, "changeToLiabilities": 0}, {"maxAge": 1, "endDate": "2019-12-31", "netIncome": 15180000, "changeToLiabilities": 0}, {"maxAge": 1, "endDate": "2019-09-30", "netIncome": 2690000, "changeToLiabilities": 0}], "maxAge": 86400}, "insiderHolders": {"holders": [{"maxAge": 1, "name": "Mohite (Dilip Ramchandra)", "relation": "Joint Managing director", "url": "", "transactionDescription": "Other", "latestTransDate": "2017-02-02", "positionDirect": 0, "positionDirectDate": "2017-02-02"}, {"maxAge": 1, "name": "Mohite (Monika Shivaji)", "relation": "Joint Managing director", "url": "", "transactionDescription": "Other", "latestTransDate": "2017-02-02", "positionDirect": 4656339, "positionDirectDate": "2017-02-02"}, {"maxAge": 1, "name": "Mohite (Shivaji Ramchandra)", "relation": "Managing Director", "url": "", "transactionDescription": "Sale", "latestTransDate": "2011-03-21", "positionDirect": 9028824, "positionDirectDate": "2011-03-21"}, {"maxAge": 1, "name": "Nawandhar (Vijay Madanlal)", "relation": "Director", "url": "", "transactionDescription": "Sale", "latestTransDate": "2010-09-21", "positionDirect": 7648, "positionDirectDate": "2010-09-21"}, {"maxAge": 1, "name": "Patil (Dhiraj Shivajirao)", "relation": "Director (Non-Executive)", "url": "", "transactionDescription": "Sale", "latestTransDate": "2011-03-09", "positionDirect": 4500, "positionDirectDate": "2011-03-09"}], "maxAge": 1}, "earnings": {"maxAge": 86400, "earningsChart": {"quarterly": [], "earningsDate": ["2020-09-15 05:30:S"]}, "financialsChart": {"yearly": [{"date": 2017, "revenue": 957898000, "earnings": -34797000}, {"date": 2018, "revenue": 1025224502, "earnings": 13696606}, {"date": 2019, "revenue": 1164648188, "earnings": 21284703}, {"date": 2020, "revenue": 1198381210, "earnings": 42655423}], "quarterly": [{"date": "3Q2019", "revenue": 291283000, "earnings": 2690000}, {"date": "4Q2019", "revenue": 250051000, "earnings": 15180000}, {"date": "1Q2020", "revenue": 424874210, "earnings": 22361423}, {"date": "2Q2020", "revenue": 12466000, "earnings": -7105000}]}, "financialCurrency": "INR"}, "calendarEvents": {"maxAge": 1, "earnings": {"earningsDate": ["2020-09-15 05:30:S"]}}, "price": {"maxAge": 1, "regularMarketChangePercent": 0.0, "regularMarketChange": 0.0, "regularMarketTime": "2021-04-28 14:02:19", "priceHint": 2, "regularMarketPrice": 15.7, "regularMarketDayHigh": 15.7, "regularMarketDayLow": 15.7, "regularMarketVolume": 2, "averageDailyVolume10Day": 1849, "averageDailyVolume3Month": 735, "regularMarketPreviousClose": 15.7, "regularMarketSource": "FREE_REALTIME", "regularMarketOpen": 15.7, "exchange": "BSE", "exchangeName": "BSE", "exchangeDataDelayedBy": 0, "marketState": "CLOSED", "quoteType": "EQUITY", "symbol": "MOHITE.BO", "underlyingSymbol": null, "shortName": "MOHITE INDUSTRIES LIMITED", "longName": "Mohite Industries Limited", "currency": "INR", "quoteSourceName": "Delayed Quote", "currencySymbol": "\u20b9", "fromCurrency": null, "toCurrency": null, "lastMarket": null, "marketCap": 315565280}, "balanceSheetHistory": {"balanceSheetStatements": [{"maxAge": 1, "endDate": "2020-03-31", "cash": 533869, "shortTermInvestments": 77883566, "netReceivables": 533325225, "inventory": 406613750, "otherCurrentAssets": 229234868, "totalCurrentAssets": 1252502873, "longTermInvestments": 3110100, "propertyPlantEquipment": 746569425, "otherAssets": 10406116, "totalAssets": 2012588514, "accountsPayable": 38263029, "shortLongTermDebt": 76719324, "otherCurrentLiab": 32598913, "longTermDebt": 666545541, "otherLiab": 21639502, "minorityInterest": 34363920, "totalCurrentLiabilities": 372392240, "totalLiab": 1060577283, "commonStock": 200997000, "retainedEarnings": 716650311, "totalStockholderEquity": 917647311, "netTangibleAssets": 917647311}, {"maxAge": 1, "endDate": "2019-03-31", "cash": 2285963, "shortTermInvestments": 6352250, "netReceivables": 415550609, "inventory": 401227000, "otherCurrentAssets": 194748276, "totalCurrentAssets": 1025457056, "longTermInvestments": 1360100, "propertyPlantEquipment": 753115129, "intangibleAssets": 326728, "otherAssets": 10462837, "totalAssets": 1790721850, "accountsPayable": 34863334, "shortLongTermDebt": 72818520, "otherCurrentLiab": 18147474, "longTermDebt": 532164300, "otherLiab": 24511963, "totalCurrentLiabilities": 345817952, "totalLiab": 902494215, "commonStock": 200997000, "retainedEarnings": 687230635, "treasuryStock": 686099000, "otherStockholderEquity": 686099000, "totalStockholderEquity": 888227635, "netTangibleAssets": 887900907}, {"maxAge": 1, "endDate": "2018-03-31", "cash": 1957746, "shortTermInvestments": 13250653, "netReceivables": 422382527, "inventory": 411431000, "otherCurrentAssets": 163140531, "totalCurrentAssets": 1017362520, "longTermInvestments": 1360100, "propertyPlantEquipment": 764958748, "otherAssets": 3210340, "totalAssets": 1786891708, "accountsPayable": 33055000, "shortLongTermDebt": 72818520, "otherCurrentLiab": 14312962, "longTermDebt": 519606360, "otherLiab": 29893088, "totalCurrentLiabilities": 370449328, "totalLiab": 919948776, "commonStock": 200997000, "retainedEarnings": 665945932, "totalStockholderEquity": 866942932, "netTangibleAssets": 866942932}, {"maxAge": 1, "endDate": "2017-03-31", "cash": 1191000, "shortTermInvestments": 12938000, "netReceivables": 430988000, "inventory": 360848000, "otherCurrentAssets": 165241000, "totalCurrentAssets": 976292000, "longTermInvestments": 1360000, "propertyPlantEquipment": 794378000, "otherAssets": 2967000, "totalAssets": 1774997000, "accountsPayable": 47725000, "shortLongTermDebt": 51053000, "otherCurrentLiab": 13667000, "longTermDebt": 378590000, "otherLiab": 34065000, "totalCurrentLiabilities": 509096000, "totalLiab": 921751000, "commonStock": 200997000, "retainedEarnings": 652249000, "totalStockholderEquity": 853246000, "netTangibleAssets": 853246000}], "maxAge": 86400}, "earningsTrend": {"trend": [{"maxAge": 1, "period": "0q", "endDate": null, "growth": {}, "earningsEstimate": {"avg": 0.0, "low": 0.0, "high": 0.0, "yearAgoEps": {}, "numberOfAnalysts": 0, "growth": {}}, "revenueEstimate": {"avg": 0, "low": 0, "high": 0, "numberOfAnalysts": 0, "yearAgoRevenue": {}, "growth": {}}, "epsTrend": {"current": 0.0, "7daysAgo": 0.0, "30daysAgo": 0.0, "60daysAgo": 0.0, "90daysAgo": 0.0}, "epsRevisions": {"upLast7days": 0, "upLast30days": 0, "downLast30days": 0, "downLast90days": {}}}, {"maxAge": 1, "period": "+1q", "endDate": null, "growth": {}, "earningsEstimate": {"avg": 0.0, "low": 0.0, "high": 0.0, "yearAgoEps": {}, "numberOfAnalysts": 0, "growth": {}}, "revenueEstimate": {"avg": 0, "low": 0, "high": 0, "numberOfAnalysts": 0, "yearAgoRevenue": {}, "growth": {}}, "epsTrend": {"current": 0.0, "7daysAgo": 0.0, "30daysAgo": 0.0, "60daysAgo": 0.0, "90daysAgo": 0.0}, "epsRevisions": {"upLast7days": 0, "upLast30days": 0, "downLast30days": 0, "downLast90days": {}}}, {"maxAge": 1, "period": "0y", "endDate": null, "growth": {}, "earningsEstimate": {"avg": 0.0, "low": 0.0, "high": 0.0, "yearAgoEps": {}, "numberOfAnalysts": 0, "growth": {}}, "revenueEstimate": {"avg": 0, "low": 0, "high": 0, "numberOfAnalysts": 0, "yearAgoRevenue": {}, "growth": {}}, "epsTrend": {"current": 0.0, "7daysAgo": 0.0, "30daysAgo": 0.0, "60daysAgo": 0.0, "90daysAgo": 0.0}, "epsRevisions": {"upLast7days": 0, "upLast30days": 0, "downLast30days": 0, "downLast90days": {}}}, {"maxAge": 1, "period": "+1y", "endDate": null, "growth": {}, "earningsEstimate": {"avg": 0.0, "low": 0.0, "high": 0.0, "yearAgoEps": {}, "numberOfAnalysts": 0, "growth": {}}, "revenueEstimate": {"avg": 0, "low": 0, "high": 0, "numberOfAnalysts": 0, "yearAgoRevenue": {}, "growth": {}}, "epsTrend": {"current": 0.0, "7daysAgo": 0.0, "30daysAgo": 0.0, "60daysAgo": 0.0, "90daysAgo": 0.0}, "epsRevisions": {"upLast7days": 0, "upLast30days": 0, "downLast30days": 0, "downLast90days": {}}}, {"maxAge": 1, "period": "+5y", "endDate": null, "growth": {}, "earningsEstimate": {"avg": {}, "low": {}, "high": {}, "yearAgoEps": {}, "numberOfAnalysts": {}, "growth": {}}, "revenueEstimate": {"avg": {}, "low": {}, "high": {}, "numberOfAnalysts": {}, "yearAgoRevenue": {}, "growth": {}}, "epsTrend": {"current": {}, "7daysAgo": {}, "30daysAgo": {}, "60daysAgo": {}, "90daysAgo": {}}, "epsRevisions": {"upLast7days": {}, "upLast30days": {}, "downLast30days": {}, "downLast90days": {}}}, {"maxAge": 1, "period": "-5y", "endDate": null, "growth": {}, "earningsEstimate": {"avg": {}, "low": {}, "high": {}, "yearAgoEps": {}, "numberOfAnalysts": {}, "growth": {}}, "revenueEstimate": {"avg": {}, "low": {}, "high": {}, "numberOfAnalysts": {}, "yearAgoRevenue": {}, "growth": {}}, "epsTrend": {"current": {}, "7daysAgo": {}, "30daysAgo": {}, "60daysAgo": {}, "90daysAgo": {}}, "epsRevisions": {"upLast7days": {}, "upLast30days": {}, "downLast30days": {}, "downLast90days": {}}}], "maxAge": 1}, "financialData": {"maxAge": 86400, "currentPrice": 15.7, "targetHighPrice": 41.0, "targetLowPrice": 41.0, "targetMeanPrice": 41.0, "targetMedianPrice": 41.0, "recommendationKey": "none", "numberOfAnalystOpinions": 1, "grossProfits": 642098261, "financialCurrency": "INR"}}}