{"MOIL.NS": {"assetProfile": {"address1": "MOIL Bhawan", "address2": "1A Katol Road", "city": "Nagpur", "zip": "440013", "country": "India", "phone": "91 71 2280 6182", "fax": "91 71 2259 1661", "website": "http://www.moil.nic.in", "industry": "Other Industrial Metals & Mining", "sector": "Basic Materials", "longBusinessSummary": "MOIL Limited engages in the exploration, exploitation, and marketing of various grades of manganese ore and value added products in India. It operates through three segments: Mining, Manufacturing, and Power Generation. The company manufactures and sells various grades of manganese ores, such as high grade ores for the production of ferro manganese; medium grade ores for the production of silico manganese; blast furnace grade ores for producing hot metals; and dioxide for dry battery cells and chemical industries. It also offers electrolytic manganese dioxide for the manufacture of dry battery cells; ferro manganese; and ferro manganese slag. The company operates 11 mines, including seven mines located in the Nagpur and Bhandara districts of Maharashtra; and four mines in the Balaghat district of Madhya Pradesh. In addition, it operates wind energy farms with an installed capacity of 4.8 MW at Nagda Hills and 15.2 MW at Ratedi Hills in Dewas district of Madhya Pradesh. The company was formerly known as Manganese Ore (India) Limited. MOIL Limited was founded in 1896 and is headquartered in Nagpur, India.", "fullTimeEmployees": 5982, "companyOfficers": [{"maxAge": 1, "name": "Mr. Mukund Prabhakar Chaudhari", "age": 58, "title": "Chairman & MD", "yearBorn": 1962, "fiscalYear": 2020, "totalPay": 9110505, "exercisedValue": 0, "unexercisedValue": 0}, {"maxAge": 1, "name": "Mr. Rakesh  Tumane", "age": 50, "title": "Director of Fin. & Director", "yearBorn": 1970, "fiscalYear": 2020, "totalPay": 7340237, "exercisedValue": 0, "unexercisedValue": 0}, {"maxAge": 1, "name": "Mr. Neeraj Dutt Pandey", "age": 44, "title": "Company Sec. & Compliance Officer", "yearBorn": 1976, "fiscalYear": 2020, "totalPay": 3041126, "exercisedValue": 0, "unexercisedValue": 0}, {"maxAge": 1, "name": "Ms. Usha  Singh", "age": 54, "title": "Director of HR & Exec. Director", "yearBorn": 1966, "fiscalYear": 2020, "totalPay": 5649707, "exercisedValue": 0, "unexercisedValue": 0}, {"maxAge": 1, "name": "Mr. Dipankar S. Shome", "age": 59, "title": "Director of Production & Planning and Director", "yearBorn": 1961, "fiscalYear": 2020, "totalPay": 7227950, "exercisedValue": 0, "unexercisedValue": 0}, {"maxAge": 1, "name": "Mr. C. B. Atulkar", "title": "Exec. Director of Technical", "exercisedValue": 0, "unexercisedValue": 0}, {"maxAge": 1, "name": "Ms. Preeti A. Joshi", "title": "Deputy Gen. Mang. of Legal", "exercisedValue": 0, "unexercisedValue": 0}, {"maxAge": 1, "name": "Mr. Madhav C. Kinkhede", "age": 64, "title": "Sr. Deputy Gen. Mang. of Marketing", "yearBorn": 1956, "exercisedValue": 0, "unexercisedValue": 0}, {"maxAge": 1, "name": "Mr. P. V. V. Patnaik", "age": 57, "title": "Director of Commercial & Director", "yearBorn": 1963, "exercisedValue": 0, "unexercisedValue": 0}, {"maxAge": 1, "name": "Mr. D. R. Raipure", "title": "Chief of Civil", "exercisedValue": 0, "unexercisedValue": 0}], "compensationAsOfEpochDate": "2020-12-31 05:30:00", "maxAge": 86400}, "recommendationTrend": {"trend": [{"period": "0m", "strongBuy": 0, "buy": 0, "hold": 0, "sell": 0, "strongSell": 0}, {"period": "-1m", "strongBuy": 2, "buy": 3, "hold": 0, "sell": 0, "strongSell": 0}, {"period": "-2m", "strongBuy": 3, "buy": 3, "hold": 0, "sell": 0, "strongSell": 0}, {"period": "-3m", "strongBuy": 3, "buy": 3, "hold": 0, "sell": 0, "strongSell": 0}], "maxAge": 86400}, "cashflowStatementHistory": {"cashflowStatements": [{"maxAge": 1, "endDate": "2020-03-31", "netIncome": 2482202000, "depreciation": 939377000, "changeToNetincome": -1602684000, "changeToAccountReceivables": -21931000, "changeToLiabilities": 0, "changeToInventory": -753063000, "changeToOperatingActivities": -486308000, "totalCashFromOperatingActivities": 579831000, "capitalExpenditures": -1998690000, "investments": 6258355000, "otherCashflowsFromInvestingActivities": 1619340000, "totalCashflowsFromInvestingActivities": 5879005000, "dividendsPaid": -1484811000, "otherCashflowsFromFinancingActivities": -1053962000, "totalCashFromFinancingActivities": -5621486000, "changeInCash": 837350000, "repurchaseOfStock": -3082713000}, {"maxAge": 1, "endDate": "2019-03-31", "netIncome": 4784617000, "depreciation": 668247000, "changeToNetincome": -1882620000, "changeToAccountReceivables": 581712000, "changeToLiabilities": 0, "changeToInventory": -53390000, "changeToOperatingActivities": 139255000, "totalCashFromOperatingActivities": 4237821000, "capitalExpenditures": -2083000000, "investments": -2149453000, "otherCashflowsFromInvestingActivities": 1693551000, "totalCashflowsFromInvestingActivities": -2538902000, "dividendsPaid": -1416849000, "otherCashflowsFromFinancingActivities": -311214000, "totalCashFromFinancingActivities": -1728063000, "changeInCash": -29144000, "repurchaseOfStock": -3082713000}, {"maxAge": 1, "endDate": "2018-03-31", "netIncome": 4174263000, "depreciation": 624496000, "changeToNetincome": -1509493000, "changeToAccountReceivables": 512342000, "changeToLiabilities": 0, "changeToInventory": 248907000, "changeToOperatingActivities": 1235697000, "totalCashFromOperatingActivities": 5286212000, "capitalExpenditures": -2070346000, "investments": -1322887000, "otherCashflowsFromInvestingActivities": 1524746000, "totalCashflowsFromInvestingActivities": -1868487000, "dividendsPaid": -1598254000, "otherCashflowsFromFinancingActivities": -535887000, "totalCashFromFinancingActivities": -4238154000, "changeInCash": -820429000, "repurchaseOfStock": -2104013000}, {"maxAge": 1, "endDate": "2017-03-31", "netIncome": 3074058000, "depreciation": 547117000, "changeToNetincome": -1766966000, "changeToAccountReceivables": -992045000, "changeToLiabilities": 0, "changeToInventory": 408147000, "changeToOperatingActivities": -91944000, "totalCashFromOperatingActivities": 1178367000, "capitalExpenditures": -1062523000, "investments": 2089900000, "otherCashflowsFromInvestingActivities": 1729373000, "totalCashflowsFromInvestingActivities": 2756750000, "dividendsPaid": -665939000, "otherCashflowsFromFinancingActivities": -139455000, "totalCashFromFinancingActivities": -9438819000, "changeInCash": -5503702000, "repurchaseOfStock": -8633425000}], "maxAge": 86400}, "indexTrend": {"maxAge": 1, "symbol": "SP5", "peRatio": 19.7411, "pegRatio": 1.34172, "estimates": [{"period": "0q", "growth": 0.549}, {"period": "+1q", "growth": 0.431}, {"period": "0y", "growth": 0.305}, {"period": "+1y", "growth": 0.109}, {"period": "+5y", "growth": 0.120865}, {"period": "-5y"}]}, "defaultKeyStatistics": {"maxAge": 1, "priceHint": 2, "enterpriseValue": 19331612672, "forwardPE": 7.62708, "profitMargins": 0.0759, "floatShares": 83118948, "sharesOutstanding": 237328000, "heldPercentInsiders": 0.64368, "heldPercentInstitutions": 0.15912, "beta": 0.673366, "category": null, "bookValue": 114.401, "priceToBook": 1.4427322, "fundFamily": null, "legalType": null, "lastFiscalYearEnd": "2020-03-31 05:30:00", "nextFiscalYearEnd": "2022-03-31 05:30:00", "mostRecentQuarter": "2020-12-31 05:30:00", "earningsQuarterlyGrowth": -0.073, "netIncomeToCommon": 740683008, "trailingEps": 3.107, "forwardEps": 23.38, "pegRatio": 2.48, "lastSplitFactor": "2:1", "lastSplitDate": "2017-09-27 05:30:00", "enterpriseToRevenue": 1.981, "enterpriseToEbitda": 13.565}, "industryTrend": {"maxAge": 1, "symbol": null, "estimates": []}, "quoteType": {"exchange": "NSI", "quoteType": "EQUITY", "symbol": "MOIL.NS", "underlyingSymbol": "MOIL.NS", "shortName": "MOIL LTD", "longName": "MOIL Limited", "firstTradeDateEpochUtc": "2010-12-15 09:15:00", "timeZoneFullName": "Asia/Kolkata", "timeZoneShortName": "IST", "uuid": "b95ba1f5-02a2-30e4-8010-013f5e05677a", "gmtOffSetMilliseconds": 19800000, "maxAge": 1}, "incomeStatementHistory": {"incomeStatementHistory": [{"maxAge": 1, "endDate": "2020-03-31", "totalRevenue": 10380651000, "costOfRevenue": 2221328000, "grossProfit": 8159323000, "researchDevelopment": {}, "sellingGeneralAdministrative": 5309930000, "nonRecurring": {}, "otherOperatingExpenses": 157300000, "totalOperatingExpenses": 8704975000, "operatingIncome": 1675676000, "totalOtherIncomeExpenseNet": 1729239000, "ebit": 1675676000, "interestExpense": {}, "incomeBeforeTax": 3404915000, "incomeTaxExpense": 922713000, "minorityInterest": {}, "netIncomeFromContinuingOps": 2482202000, "discontinuedOperations": {}, "extraordinaryItems": {}, "effectOfAccountingCharges": {}, "otherItems": {}, "netIncome": 2482202000, "netIncomeApplicableToCommonShares": 2482202000}, {"maxAge": 1, "endDate": "2019-03-31", "totalRevenue": 14406660000, "costOfRevenue": 2756298000, "grossProfit": 11650362000, "researchDevelopment": {}, "sellingGeneralAdministrative": 5320548000, "nonRecurring": {}, "otherOperatingExpenses": 180052000, "totalOperatingExpenses": 9014288000, "operatingIncome": 5392372000, "totalOtherIncomeExpenseNet": 1850875000, "ebit": 5392372000, "interestExpense": {}, "incomeBeforeTax": 7243247000, "incomeTaxExpense": 2458630000, "minorityInterest": {}, "netIncomeFromContinuingOps": 4784617000, "discontinuedOperations": {}, "extraordinaryItems": {}, "effectOfAccountingCharges": {}, "otherItems": {}, "netIncome": 4784617000, "netIncomeApplicableToCommonShares": 4784617000}, {"maxAge": 1, "endDate": "2018-03-31", "totalRevenue": 13189295000, "costOfRevenue": 2451258000, "grossProfit": 10738037000, "researchDevelopment": {}, "sellingGeneralAdministrative": 5062168000, "nonRecurring": {}, "otherOperatingExpenses": 140343000, "totalOperatingExpenses": 8374640000, "operatingIncome": 4814655000, "totalOtherIncomeExpenseNet": 1618912000, "ebit": 4814655000, "interestExpense": {}, "incomeBeforeTax": 6433567000, "incomeTaxExpense": 2259304000, "minorityInterest": {}, "netIncomeFromContinuingOps": 4174263000, "discontinuedOperations": {}, "extraordinaryItems": {}, "effectOfAccountingCharges": {}, "otherItems": {}, "netIncome": 4174263000, "netIncomeApplicableToCommonShares": 4174263000}, {"maxAge": 1, "endDate": "2017-03-31", "totalRevenue": 9819261000, "costOfRevenue": 2585643000, "grossProfit": 7233618000, "researchDevelopment": {}, "sellingGeneralAdministrative": 3939245000, "nonRecurring": {}, "otherOperatingExpenses": -499000, "totalOperatingExpenses": 7118334000, "operatingIncome": 2700927000, "totalOtherIncomeExpenseNet": 1933808000, "ebit": 2700927000, "interestExpense": -27765000, "incomeBeforeTax": 4634735000, "incomeTaxExpense": 1560677000, "minorityInterest": {}, "netIncomeFromContinuingOps": 3074058000, "discontinuedOperations": {}, "extraordinaryItems": {}, "effectOfAccountingCharges": {}, "otherItems": {}, "netIncome": 3074058000, "netIncomeApplicableToCommonShares": 3074058000}], "maxAge": 86400}, "fundOwnership": {"ownershipList": [{"maxAge": 1, "reportDate": "2020-12-31", "organization": "MFS International New Discovery Fund", "pctHeld": 0.0257, "position": 6090545, "value": 871252462}, {"maxAge": 1, "reportDate": "2021-01-31", "organization": "DFA Emerging Markets Core Equity Portfolio", "pctHeld": 0.0027, "position": 644598, "value": 87117419}, {"maxAge": 1, "reportDate": "2021-02-28", "organization": "WisdomTree Tr-WisdomTree Emerging Markets Small Cap Dividend Fund", "pctHeld": 0.0023, "position": 537257, "value": 80830315}, {"maxAge": 1, "reportDate": "2021-01-31", "organization": "DFA Investment Dimensions-DFA Emerging Mkts Value", "pctHeld": 0.002, "position": 478127, "value": 64618864}, {"maxAge": 1, "reportDate": "2021-01-31", "organization": "DFA Emerging Markets Small Cap Series", "pctHeld": 0.0018000001, "position": 423849, "value": 57283192}, {"maxAge": 1, "reportDate": "2020-11-30", "organization": "Valic Company II-International Opportunities Fd", "pctHeld": 0.0011, "position": 269938, "value": 33377833}, {"maxAge": 1, "reportDate": "2021-02-28", "organization": "WisdomTree Tr-WisdomTree India Earnings Fd", "pctHeld": 0.00059999997, "position": 132518, "value": 19937333}, {"maxAge": 1, "reportDate": "2021-01-31", "organization": "DFA Investment Dimensions-Emerging Markets Social Core Equity", "pctHeld": 0.0002, "position": 36155, "value": 4886348}, {"maxAge": 1, "reportDate": "2021-03-31", "organization": "SPDR (R) Idx Shares-SPDR (R) Emerging Markets Small Cap ETF", "pctHeld": 0.0001, "position": 32821, "value": 4941201}, {"maxAge": 1, "reportDate": "2021-01-31", "organization": "DFA Investment Dimensions-World Ex U.S. Core Equity Port", "pctHeld": 0.0001, "position": 25672, "value": 3469570}], "maxAge": 1}, "summaryDetail": {"maxAge": 1, "priceHint": 2, "previousClose": 160.55, "open": 163.7, "dayLow": 162.0, "dayHigh": 171.35, "regularMarketPreviousClose": 160.55, "regularMarketOpen": 163.7, "regularMarketDayLow": 162.0, "regularMarketDayHigh": 171.35, "dividendRate": 5.0, "dividendYield": 0.0311, "exDividendDate": "2021-02-17 05:30:00", "payoutRatio": 1.8519, "fiveYearAvgDividendYield": 3.27, "beta": 0.673366, "trailingPE": 53.121983, "forwardPE": 7.059453, "volume": 3052542, "regularMarketVolume": 3052542, "averageVolume": 848941, "averageVolume10days": 3325342, "averageDailyVolume10Day": 3325342, "bid": 0.0, "ask": 0.0, "bidSize": 0, "askSize": 0, "marketCap": 39207628800, "fiftyTwoWeekLow": 101.25, "fiftyTwoWeekHigh": 177.9, "priceToSalesTrailing12Months": 4.0175915, "fiftyDayAverage": 150.8, "twoHundredDayAverage": 140.4227, "trailingAnnualDividendRate": 5.5, "trailingAnnualDividendYield": 0.03425724, "currency": "INR", "fromCurrency": null, "lastMarket": null, "algorithm": null, "tradeable": false}, "insiderHolders": {"holders": [{"maxAge": 1, "name": "Governor of Maharashtra", "relation": "Promoter", "url": "", "transactionDescription": "Other", "latestTransDate": "2016-09-29", "positionDirect": 6066067, "positionDirectDate": "2016-09-29"}, {"maxAge": 1, "name": "President of India", "relation": "Promoter", "url": "", "transactionDescription": "Sale", "latestTransDate": "2020-01-16", "positionDirect": 127783925, "positionDirectDate": "2020-01-16"}], "maxAge": 1}, "calendarEvents": {"maxAge": 1, "earnings": {"earningsDate": []}, "exDividendDate": "2021-02-17 05:30:00"}, "upgradeDowngradeHistory": {"history": [], "maxAge": 86400}, "price": {"maxAge": 1, "regularMarketChangePercent": 0.02802865, "regularMarketChange": 4.5, "regularMarketTime": "2021-04-30 15:29:55", "priceHint": 2, "regularMarketPrice": 165.05, "regularMarketDayHigh": 171.35, "regularMarketDayLow": 162.0, "regularMarketVolume": 3052542, "averageDailyVolume10Day": 3325342, "averageDailyVolume3Month": 848941, "regularMarketPreviousClose": 160.55, "regularMarketSource": "FREE_REALTIME", "regularMarketOpen": 163.7, "exchange": "NSI", "exchangeName": "NSE", "exchangeDataDelayedBy": 15, "marketState": "CLOSED", "quoteType": "EQUITY", "symbol": "MOIL.NS", "underlyingSymbol": null, "shortName": "MOIL LTD", "longName": "MOIL Limited", "currency": "INR", "quoteSourceName": "Delayed Quote", "currencySymbol": "\u20b9", "fromCurrency": null, "lastMarket": null, "marketCap": 39207628800}, "balanceSheetHistory": {"balanceSheetStatements": [{"maxAge": 1, "endDate": "2020-03-31", "cash": 1049963000, "shortTermInvestments": 17008885000, "netReceivables": 3314741000, "inventory": 1779290000, "otherCurrentAssets": 292907000, "totalCurrentAssets": 23520197000, "longTermInvestments": 858000, "propertyPlantEquipment": 8203591000, "intangibleAssets": 90110000, "otherAssets": 1163544000, "deferredLongTermAssetCharges": 159963000, "totalAssets": 32978300000, "accountsPayable": 409457000, "otherCurrentLiab": 1783043000, "otherLiab": 192912000, "totalCurrentLiabilities": 5151544000, "totalLiab": 5344456000, "commonStock": 2373279000, "retainedEarnings": 24970088000, "treasuryStock": 290477000, "otherStockholderEquity": 290477000, "totalStockholderEquity": 27633844000, "netTangibleAssets": 27543734000}, {"maxAge": 1, "endDate": "2019-03-31", "cash": 212613000, "shortTermInvestments": 23267340000, "netReceivables": 3133213000, "inventory": 1026227000, "otherCurrentAssets": 284487000, "totalCurrentAssets": 27972467000, "longTermInvestments": 831000, "propertyPlantEquipment": 7150862000, "intangibleAssets": 121375000, "otherAssets": 803107000, "deferredLongTermAssetCharges": 179302000, "totalAssets": 36048642000, "accountsPayable": 438572000, "otherCurrentLiab": 1331694000, "otherLiab": 162081000, "totalCurrentLiabilities": 5059425000, "totalLiab": 5221506000, "commonStock": 2576089000, "retainedEarnings": 28163380000, "treasuryStock": 87667000, "otherStockholderEquity": 87667000, "totalStockholderEquity": 30827136000, "netTangibleAssets": 30705761000}, {"maxAge": 1, "endDate": "2018-03-31", "cash": 241757000, "shortTermInvestments": 21117987000, "netReceivables": 3365337000, "inventory": 972837000, "otherCurrentAssets": 264511000, "totalCurrentAssets": 26049550000, "longTermInvestments": 789000, "propertyPlantEquipment": 5673235000, "intangibleAssets": 189398000, "otherAssets": 451016000, "totalAssets": 32363988000, "accountsPayable": 515769000, "otherCurrentLiab": 1283282000, "otherLiab": 190333000, "totalCurrentLiabilities": 4227411000, "totalLiab": 4417744000, "commonStock": 2576089000, "retainedEarnings": 25282488000, "treasuryStock": 87667000, "otherStockholderEquity": 87667000, "totalStockholderEquity": 27946244000, "netTangibleAssets": 27756846000}, {"maxAge": 1, "endDate": "2017-03-31", "cash": 1062186000, "shortTermInvestments": 19795100000, "netReceivables": 3583510000, "inventory": 1221744000, "otherCurrentAssets": 53990000, "totalCurrentAssets": 25836840000, "longTermInvestments": 873000, "propertyPlantEquipment": 4214842000, "intangibleAssets": 208728000, "otherAssets": 642649000, "totalAssets": 30903932000, "accountsPayable": 417017000, "otherCurrentLiab": 1038323000, "otherLiab": 191618000, "totalCurrentLiabilities": 2658867000, "totalLiab": 2850485000, "commonStock": 1331878000, "retainedEarnings": 26373447000, "treasuryStock": 348122000, "otherStockholderEquity": 348122000, "totalStockholderEquity": 28053447000, "netTangibleAssets": 27844719000}], "maxAge": 86400}, "earningsTrend": {"trend": [{"maxAge": 1, "period": "0q", "endDate": "2018-06-30", "growth": {}, "earningsEstimate": {"avg": 0.0, "low": 0.0, "high": 0.0, "yearAgoEps": 3.67, "numberOfAnalysts": 0, "growth": {}}, "revenueEstimate": {"avg": 0, "low": 0, "high": 0, "numberOfAnalysts": 0, "yearAgoRevenue": {}, "growth": {}}, "epsTrend": {"current": 0.0, "7daysAgo": 0.0, "30daysAgo": 0.0, "60daysAgo": 0.0, "90daysAgo": 0.0}, "epsRevisions": {"upLast7days": 0, "upLast30days": 0, "downLast30days": 0, "downLast90days": {}}}, {"maxAge": 1, "period": "+1q", "endDate": "2018-09-30", "growth": {}, "earningsEstimate": {"avg": 0.0, "low": 0.0, "high": 0.0, "yearAgoEps": 6.88, "numberOfAnalysts": 0, "growth": {}}, "revenueEstimate": {"avg": 0, "low": 0, "high": 0, "numberOfAnalysts": 0, "yearAgoRevenue": {}, "growth": {}}, "epsTrend": {"current": 0.0, "7daysAgo": 0.0, "30daysAgo": 0.0, "60daysAgo": 0.0, "90daysAgo": 0.0}, "epsRevisions": {"upLast7days": 0, "upLast30days": 0, "downLast30days": 0, "downLast90days": {}}}, {"maxAge": 1, "period": "0y", "endDate": "2019-03-31", "growth": -0.027, "earningsEstimate": {"avg": 20.52, "low": 18.9, "high": 23.55, "yearAgoEps": 21.08, "numberOfAnalysts": 5, "growth": -0.027}, "revenueEstimate": {"avg": 15177600000, "low": 13983000000, "high": 16329500000, "numberOfAnalysts": 5, "yearAgoRevenue": 13234600000, "growth": 0.147}, "epsTrend": {"current": 20.52, "7daysAgo": 20.52, "30daysAgo": 20.28, "60daysAgo": 19.54, "90daysAgo": 19.05}, "epsRevisions": {"upLast7days": 1, "upLast30days": 1, "downLast30days": 0, "downLast90days": {}}}, {"maxAge": 1, "period": "+1y", "endDate": "2020-03-31", "growth": 0.055, "earningsEstimate": {"avg": 21.64, "low": 18.15, "high": 23.77, "yearAgoEps": 20.52, "numberOfAnalysts": 5, "growth": 0.055}, "revenueEstimate": {"avg": 16582000000, "low": 15088400000, "high": 19822500000, "numberOfAnalysts": 5, "yearAgoRevenue": 15177600000, "growth": 0.093}, "epsTrend": {"current": 21.64, "7daysAgo": 21.64, "30daysAgo": 21.11, "60daysAgo": 22.4, "90daysAgo": 21.8}, "epsRevisions": {"upLast7days": 0, "upLast30days": 0, "downLast30days": 0, "downLast90days": {}}}, {"maxAge": 1, "period": "+5y", "endDate": null, "growth": 0.0343, "earningsEstimate": {"avg": {}, "low": {}, "high": {}, "yearAgoEps": {}, "numberOfAnalysts": {}, "growth": {}}, "revenueEstimate": {"avg": {}, "low": {}, "high": {}, "numberOfAnalysts": {}, "yearAgoRevenue": {}, "growth": {}}, "epsTrend": {"current": {}, "7daysAgo": {}, "30daysAgo": {}, "60daysAgo": {}, "90daysAgo": {}}, "epsRevisions": {"upLast7days": {}, "upLast30days": {}, "downLast30days": {}, "downLast90days": {}}}, {"maxAge": 1, "period": "-5y", "endDate": null, "growth": 0.23911, "earningsEstimate": {"avg": {}, "low": {}, "high": {}, "yearAgoEps": {}, "numberOfAnalysts": {}, "growth": {}}, "revenueEstimate": {"avg": {}, "low": {}, "high": {}, "numberOfAnalysts": {}, "yearAgoRevenue": {}, "growth": {}}, "epsTrend": {"current": {}, "7daysAgo": {}, "30daysAgo": {}, "60daysAgo": {}, "90daysAgo": {}}, "epsRevisions": {"upLast7days": {}, "upLast30days": {}, "downLast30days": {}, "downLast90days": {}}}], "maxAge": 1}, "institutionOwnership": {"ownershipList": [], "maxAge": 1}, "majorHoldersBreakdown": {"maxAge": 1, "insidersPercentHeld": 0.64368, "institutionsPercentHeld": 0.15912, "institutionsFloatPercentHeld": 0.44657, "institutionsCount": 20}, "balanceSheetHistoryQuarterly": {"balanceSheetStatements": [{"maxAge": 1, "endDate": "2020-12-31", "totalStockholderEquity": 27052980000, "netTangibleAssets": 26972640000}, {"maxAge": 1, "endDate": "2020-09-30", "cash": 16749930000, "shortTermInvestments": 1935513000, "netReceivables": 1793226000, "inventory": 1263279000, "otherCurrentAssets": 684470000, "totalCurrentAssets": 22426418000, "longTermInvestments": 237514000, "propertyPlantEquipment": 8339272000, "intangibleAssets": 80340000, "otherAssets": 1571416000, "deferredLongTermAssetCharges": 181294000, "totalAssets": 32654960000, "accountsPayable": 337209000, "otherCurrentLiab": 5055867000, "otherLiab": 208904000, "totalCurrentLiabilities": 5393076000, "totalLiab": 5601980000, "commonStock": 2373279000, "treasuryStock": 24679701000, "otherStockholderEquity": 24679701000, "totalStockholderEquity": 27052980000, "netTangibleAssets": 26972640000}, {"maxAge": 1, "endDate": "2020-06-30", "totalStockholderEquity": 27633844000, "netTangibleAssets": 27543734000}, {"maxAge": 1, "endDate": "2020-03-31", "cash": 1049963000, "shortTermInvestments": 17008885000, "netReceivables": 3314741000, "inventory": 1779290000, "otherCurrentAssets": 292907000, "totalCurrentAssets": 23520197000, "longTermInvestments": 858000, "propertyPlantEquipment": 8203591000, "intangibleAssets": 90110000, "otherAssets": 1163544000, "deferredLongTermAssetCharges": 159963000, "totalAssets": 32978300000, "accountsPayable": 409457000, "otherCurrentLiab": 1783043000, "otherLiab": 192912000, "totalCurrentLiabilities": 5151544000, "totalLiab": 5344456000, "commonStock": 2373279000, "retainedEarnings": 24970088000, "treasuryStock": 290477000, "otherStockholderEquity": 290477000, "totalStockholderEquity": 27633844000, "netTangibleAssets": 27543734000}], "maxAge": 86400}, "earningsHistory": {"history": [{"maxAge": 1, "epsActual": 3.67, "epsEstimate": 4.45, "epsDifference": -0.78, "surprisePercent": -0.175, "quarter": "2017-06-30", "period": "-4q"}, {"maxAge": 1, "epsActual": 6.88, "epsEstimate": 5.7, "epsDifference": 1.18, "surprisePercent": 0.207, "quarter": "2017-09-30", "period": "-3q"}, {"maxAge": 1, "epsActual": 3.9, "epsEstimate": 9.9, "epsDifference": -6.0, "surprisePercent": -0.606, "quarter": "2017-12-31", "period": "-2q"}, {"maxAge": 1, "epsActual": 4.81, "epsEstimate": 4.8, "epsDifference": 0.01, "surprisePercent": 0.002, "quarter": "2018-03-31", "period": "-1q"}], "maxAge": 86400}, "summaryProfile": {"address1": "MOIL Bhawan", "address2": "1A Katol Road", "city": "Nagpur", "zip": "440013", "country": "India", "phone": "91 71 2280 6182", "fax": "91 71 2259 1661", "website": "http://www.moil.nic.in", "industry": "Other Industrial Metals & Mining", "sector": "Basic Materials", "longBusinessSummary": "MOIL Limited engages in the exploration, exploitation, and marketing of various grades of manganese ore and value added products in India. It operates through three segments: Mining, Manufacturing, and Power Generation. The company manufactures and sells various grades of manganese ores, such as high grade ores for the production of ferro manganese; medium grade ores for the production of silico manganese; blast furnace grade ores for producing hot metals; and dioxide for dry battery cells and chemical industries. It also offers electrolytic manganese dioxide for the manufacture of dry battery cells; ferro manganese; and ferro manganese slag. The company operates 11 mines, including seven mines located in the Nagpur and Bhandara districts of Maharashtra; and four mines in the Balaghat district of Madhya Pradesh. In addition, it operates wind energy farms with an installed capacity of 4.8 MW at Nagda Hills and 15.2 MW at Ratedi Hills in Dewas district of Madhya Pradesh. The company was formerly known as Manganese Ore (India) Limited. MOIL Limited was founded in 1896 and is headquartered in Nagpur, India.", "fullTimeEmployees": 5982, "companyOfficers": [], "maxAge": 86400}, "netSharePurchaseActivity": {"maxAge": 1, "period": "6m", "buyInfoCount": 0, "buyInfoShares": 0, "sellInfoCount": 0, "netInfoCount": 0, "netInfoShares": 0, "netPercentInsiderShares": 0.0, "totalInsiderShares": 152418672}, "insiderTransactions": {"transactions": [{"maxAge": 1, "shares": 16496768, "filerUrl": "", "transactionText": "", "filerName": "President of India", "filerRelation": "Promoter", "moneyText": "", "startDate": "2020-01-16", "ownership": "D"}, {"maxAge": 1, "shares": 69411258, "filerUrl": "", "transactionText": "", "filerName": "President of India", "filerRelation": "Promoter", "moneyText": "", "startDate": "2018-03-27", "ownership": "D"}, {"maxAge": 1, "shares": 2663756, "filerUrl": "", "transactionText": "", "filerName": "President of India", "filerRelation": "Promoter", "moneyText": "", "startDate": "2017-01-25", "ownership": "D"}, {"maxAge": 1, "shares": 10655024, "filerUrl": "", "transactionText": "", "filerName": "President of India", "filerRelation": "Promoter", "moneyText": "", "startDate": "2017-01-24", "ownership": "D"}, {"maxAge": 1, "shares": 1691333, "filerUrl": "", "transactionText": "", "filerName": "Governor of Maharashtra", "filerRelation": "Promoter", "moneyText": "", "startDate": "2016-09-29", "ownership": "D"}], "maxAge": 1}, "sectorTrend": {"maxAge": 1, "symbol": null, "estimates": []}, "incomeStatementHistoryQuarterly": {"incomeStatementHistory": [{"maxAge": 1, "endDate": "2020-12-31", "totalRevenue": 2677044000, "costOfRevenue": -174586000, "grossProfit": 2851630000, "researchDevelopment": {}, "sellingGeneralAdministrative": 1149546000, "nonRecurring": {}, "otherOperatingExpenses": 941774000, "totalOperatingExpenses": 2170534000, "operatingIncome": 506510000, "totalOtherIncomeExpenseNet": 193306000, "ebit": 506510000, "interestExpense": {}, "incomeBeforeTax": 699816000, "incomeTaxExpense": 185976000, "minorityInterest": {}, "netIncomeFromContinuingOps": 513840000, "discontinuedOperations": {}, "extraordinaryItems": {}, "effectOfAccountingCharges": {}, "otherItems": {}, "netIncome": 513840000, "netIncomeApplicableToCommonShares": 513840000}, {"maxAge": 1, "endDate": "2020-09-30", "totalRevenue": 3072012000, "costOfRevenue": 1149736000, "grossProfit": 1922276000, "researchDevelopment": {}, "sellingGeneralAdministrative": 1045381000, "nonRecurring": {}, "otherOperatingExpenses": 810797000, "totalOperatingExpenses": 3245568000, "operatingIncome": -173556000, "totalOtherIncomeExpenseNet": 260010000, "ebit": -173556000, "interestExpense": {}, "incomeBeforeTax": 86454000, "incomeTaxExpense": 13147000, "minorityInterest": {}, "netIncomeFromContinuingOps": 73307000, "discontinuedOperations": {}, "extraordinaryItems": {}, "effectOfAccountingCharges": {}, "otherItems": {}, "netIncome": 73307000, "netIncomeApplicableToCommonShares": 73307000}, {"maxAge": 1, "endDate": "2020-06-30", "totalRevenue": 1523348000, "costOfRevenue": -590236000, "grossProfit": 2113584000, "researchDevelopment": {}, "sellingGeneralAdministrative": 1086624000, "nonRecurring": {}, "otherOperatingExpenses": 544102000, "totalOperatingExpenses": 1259347000, "operatingIncome": 264001000, "totalOtherIncomeExpenseNet": -242806000, "ebit": 264001000, "interestExpense": {}, "incomeBeforeTax": 21195000, "incomeTaxExpense": 2395000, "minorityInterest": {}, "netIncomeFromContinuingOps": 18800000, "discontinuedOperations": {}, "extraordinaryItems": {}, "effectOfAccountingCharges": {}, "otherItems": {}, "netIncome": 18800000, "netIncomeApplicableToCommonShares": 18800000}, {"maxAge": 1, "endDate": "2020-03-31", "totalRevenue": 2486584000, "costOfRevenue": 2426746000, "grossProfit": 59838000, "researchDevelopment": {}, "sellingGeneralAdministrative": 2209608000, "nonRecurring": {}, "otherOperatingExpenses": -2350420000, "totalOperatingExpenses": 2531480000, "operatingIncome": -44896000, "totalOtherIncomeExpenseNet": 261088000, "ebit": -44896000, "interestExpense": {}, "incomeBeforeTax": 216192000, "incomeTaxExpense": 81456000, "minorityInterest": {}, "netIncomeFromContinuingOps": 134736000, "discontinuedOperations": {}, "extraordinaryItems": {}, "effectOfAccountingCharges": {}, "otherItems": {}, "netIncome": 134736000, "netIncomeApplicableToCommonShares": 134736000}], "maxAge": 86400}, "cashflowStatementHistoryQuarterly": {"cashflowStatements": [{"maxAge": 1, "endDate": "2020-12-31", "netIncome": 513840000, "changeToLiabilities": 0}, {"maxAge": 1, "endDate": "2020-09-30", "netIncome": 73307000, "changeToLiabilities": 0}, {"maxAge": 1, "endDate": "2020-06-30", "netIncome": 18800000, "changeToLiabilities": 0}, {"maxAge": 1, "endDate": "2020-03-31", "netIncome": 134736000, "depreciation": 168506000, "changeToNetincome": -300294000, "changeToAccountReceivables": -5428000, "changeToLiabilities": 0, "changeToInventory": -219322000, "changeToOperatingActivities": 3957504000, "totalCashFromOperatingActivities": 3757940000, "capitalExpenditures": -708387000, "investments": 2349691000, "otherCashflowsFromInvestingActivities": 333398000, "totalCashflowsFromInvestingActivities": 1974702000, "dividendsPaid": -553127000, "otherCashflowsFromFinancingActivities": -1053293000, "totalCashFromFinancingActivities": -4689133000, "changeInCash": 1043509000, "repurchaseOfStock": -3082713000}], "maxAge": 86400}, "earnings": {"maxAge": 86400, "earningsChart": {"quarterly": [{"date": "2Q2017", "actual": 3.67, "estimate": 4.45}, {"date": "3Q2017", "actual": 6.88, "estimate": 5.7}, {"date": "4Q2017", "actual": 3.9, "estimate": 9.9}, {"date": "1Q2018", "actual": 4.81, "estimate": 4.8}], "currentQuarterEstimateDate": "2Q", "currentQuarterEstimateYear": 2018, "earningsDate": []}, "financialsChart": {"yearly": [{"date": 2017, "revenue": 9819261000, "earnings": 3074058000}, {"date": 2018, "revenue": 13189295000, "earnings": 4174263000}, {"date": 2019, "revenue": 14406660000, "earnings": 4784617000}, {"date": 2020, "revenue": 10380651000, "earnings": 2482202000}], "quarterly": [{"date": "1Q2020", "revenue": 2486584000, "earnings": 134736000}, {"date": "2Q2020", "revenue": 1523348000, "earnings": 18800000}, {"date": "3Q2020", "revenue": 3072012000, "earnings": 73307000}, {"date": "4Q2020", "revenue": 2677044000, "earnings": 513840000}]}, "financialCurrency": "INR"}, "financialData": {"maxAge": 86400, "currentPrice": 165.05, "targetHighPrice": 283.0, "targetLowPrice": 222.5, "targetMeanPrice": 258.9, "targetMedianPrice": 264.0, "recommendationMean": 1.6, "recommendationKey": "buy", "numberOfAnalystOpinions": 5, "totalCash": 18685442048, "totalCashPerShare": 78.911, "ebitda": 1425097728, "totalDebt": 0, "totalRevenue": 9758988288, "revenuePerShare": 40.943, "grossProfits": 8159323000, "earningsGrowth": 0.009, "revenueGrowth": 0.045, "grossMargins": 0.69619006, "ebitdaMargins": 0.14603, "operatingMargins": 0.05657, "profitMargins": 0.0759, "financialCurrency": "INR"}}}