{"MONARCH.BO": {"recommendationTrend": {"trend": [{"period": "0m", "strongBuy": 0, "buy": 0, "hold": 0, "sell": 0, "strongSell": 0}, {"period": "-1m", "strongBuy": 0, "buy": 0, "hold": 0, "sell": 0, "strongSell": 0}, {"period": "-2m", "strongBuy": 0, "buy": 0, "hold": 0, "sell": 0, "strongSell": 0}, {"period": "-3m", "strongBuy": 0, "buy": 0, "hold": 0, "sell": 0, "strongSell": 0}], "maxAge": 86400}, "cashflowStatementHistory": {"cashflowStatements": [{"maxAge": 1, "endDate": "2020-03-31", "netIncome": 22514844, "depreciation": 8603368, "changeToNetincome": 32849245, "changeToAccountReceivables": 82945798, "changeToLiabilities": 2477746198, "changeToInventory": 5289381, "changeToOperatingActivities": 14439388, "totalCashFromOperatingActivities": 2644607509, "capitalExpenditures": -18647467, "investments": -1267447441, "otherCashflowsFromInvestingActivities": 78609261, "totalCashflowsFromInvestingActivities": -1207485647, "netBorrowings": -148201470, "otherCashflowsFromFinancingActivities": -78611848, "totalCashFromFinancingActivities": -226813318, "changeInCash": 1210308544}, {"maxAge": 1, "endDate": "2019-03-31", "netIncome": 130522951, "depreciation": 9097313, "changeToNetincome": -69071235, "changeToAccountReceivables": -169090331, "changeToLiabilities": 115482013, "changeToInventory": -1865845, "changeToOperatingActivities": 10131407, "totalCashFromOperatingActivities": 25432313, "capitalExpenditures": -16441768, "investments": 45211064, "otherCashflowsFromInvestingActivities": -217016323, "totalCashflowsFromInvestingActivities": -188247027, "netBorrowings": 126663555, "otherCashflowsFromFinancingActivities": -47753642, "totalCashFromFinancingActivities": 78909913, "changeInCash": -83904802}, {"maxAge": 1, "endDate": "2018-03-31", "netIncome": 188719722, "depreciation": 8820038, "changeToNetincome": 65447917, "changeToAccountReceivables": 361072804, "changeToLiabilities": -549560213, "changeToInventory": 67003043, "changeToOperatingActivities": 218274065, "totalCashFromOperatingActivities": 360300499, "capitalExpenditures": -9486912, "investments": -60026918, "otherCashflowsFromInvestingActivities": 48737643, "totalCashflowsFromInvestingActivities": -20776187, "netBorrowings": -23128614, "otherCashflowsFromFinancingActivities": -68484232, "totalCashFromFinancingActivities": -91612846, "changeInCash": 247911466}, {"maxAge": 1, "endDate": "2017-03-31", "netIncome": 124313144, "depreciation": 12946011, "changeToNetincome": -525533, "changeToAccountReceivables": -393450498, "changeToLiabilities": 799584673, "changeToInventory": -33357136, "changeToOperatingActivities": 23383347, "totalCashFromOperatingActivities": 533136921, "capitalExpenditures": -13136887, "investments": -228099450, "otherCashflowsFromInvestingActivities": -45929433, "totalCashflowsFromInvestingActivities": -287165770, "netBorrowings": -172503573, "otherCashflowsFromFinancingActivities": -30340633, "totalCashFromFinancingActivities": -202844206, "changeInCash": 43126945}], "maxAge": 86400}, "institutionOwnership": {"maxAge": 1, "ownershipList": []}, "balanceSheetHistoryQuarterly": {"balanceSheetStatements": [{"maxAge": 1, "endDate": "2020-06-30"}, {"maxAge": 1, "endDate": "2020-03-31", "cash": 2279449537, "netReceivables": 698922757, "otherCurrentAssets": 18553696, "totalCurrentAssets": 3024552191, "longTermInvestments": 12300460, "propertyPlantEquipment": 39680765, "intangibleAssets": 315437, "otherAssets": 1577631368, "deferredLongTermAssetCharges": 56217415, "totalAssets": 4654480221, "accountsPayable": 3527563600, "shortLongTermDebt": 1754519, "otherCurrentLiab": 161065111, "longTermDebt": 24655010, "otherLiab": 15507491, "totalCurrentLiabilities": 3793281043, "totalLiab": 3833443544, "commonStock": 310495180, "retainedEarnings": 157612944, "treasuryStock": 5359315, "capitalSurplus": 347569238, "otherStockholderEquity": 5359315, "totalStockholderEquity": 821036677, "netTangibleAssets": 820721240}, {"maxAge": 1, "endDate": "2019-12-31", "totalStockholderEquity": 818379000, "netTangibleAssets": 817954000}, {"maxAge": 1, "endDate": "2019-09-30", "cash": 939504000, "netReceivables": 1274264000, "inventory": 49231000, "totalCurrentAssets": 2262999000, "longTermInvestments": 13496000, "propertyPlantEquipment": 34442000, "intangibleAssets": 425000, "otherAssets": 453920000, "deferredLongTermAssetCharges": 59097000, "totalAssets": 2765282000, "accountsPayable": 1279263000, "shortLongTermDebt": 287179000, "otherCurrentLiab": 170701000, "longTermDebt": 195574000, "otherLiab": 14186000, "totalCurrentLiabilities": 1737143000, "totalLiab": 1946903000, "commonStock": 310495000, "treasuryStock": 507884000, "otherStockholderEquity": 507884000, "totalStockholderEquity": 818379000, "netTangibleAssets": 817954000}], "maxAge": 86400}, "earningsHistory": {"history": [{"maxAge": 1, "epsActual": {}, "epsEstimate": {}, "epsDifference": {}, "surprisePercent": {}, "quarter": {}, "period": "-4q"}, {"maxAge": 1, "epsActual": {}, "epsEstimate": {}, "epsDifference": {}, "surprisePercent": {}, "quarter": {}, "period": "-3q"}, {"maxAge": 1, "epsActual": {}, "epsEstimate": {}, "epsDifference": {}, "surprisePercent": {}, "quarter": {}, "period": "-2q"}, {"maxAge": 1, "epsActual": 1.43, "epsEstimate": 0.9, "epsDifference": 0.53, "surprisePercent": 0.589, "quarter": "2018-06-30", "period": "-1q"}], "maxAge": 86400}, "indexTrend": {"maxAge": 1, "symbol": "SP5", "peRatio": 19.7411, "pegRatio": 1.34172, "estimates": [{"period": "0q", "growth": 0.549}, {"period": "+1q", "growth": 0.431}, {"period": "0y", "growth": 0.305}, {"period": "+1y", "growth": 0.109}, {"period": "+5y", "growth": 0.120859005}, {"period": "-5y"}]}, "industryTrend": {"maxAge": 1, "symbol": null, "estimates": []}, "insiderTransactions": {"transactions": [{"maxAge": 1, "shares": 219001, "value": 78183, "filerUrl": "", "transactionText": "Sale at price 0.36 per share.", "filerName": "Jain (Suresh P)", "filerRelation": "Promoter", "moneyText": "", "startDate": "2020-08-25", "ownership": "D"}, {"maxAge": 1, "shares": 76, "filerUrl": "", "transactionText": "", "filerName": "Bhandari (Raj Nathmal)", "filerRelation": "UNREPORTED", "moneyText": "", "startDate": "2020-05-29", "ownership": "D"}, {"maxAge": 1, "shares": 135735, "filerUrl": "", "transactionText": "", "filerName": "Jain (Suresh P)", "filerRelation": "Promoter", "moneyText": "", "startDate": "2020-04-01", "ownership": "D"}, {"maxAge": 1, "shares": 145264, "filerUrl": "", "transactionText": "", "filerName": "Jain (Suresh P)", "filerRelation": "Promoter", "moneyText": "", "startDate": "2020-03-17", "ownership": "D"}, {"maxAge": 1, "shares": 200000, "filerUrl": "", "transactionText": "", "filerName": "Jain (Suresh P)", "filerRelation": "Promoter", "moneyText": "", "startDate": "2019-03-22", "ownership": "D"}], "maxAge": 1}, "quoteType": {"exchange": "BSE", "quoteType": "EQUITY", "symbol": "MONARCH.BO", "underlyingSymbol": "MONARCH.BO", "shortName": "Monarch Networth Capital Limit", "longName": "Monarch Networth Capital Limited", "firstTradeDateEpochUtc": "2002-01-17 09:15:00", "timeZoneFullName": "Asia/Kolkata", "timeZoneShortName": "IST", "uuid": "e3bfb3e5-b4bb-37d2-817e-c3d26dbf78b2", "messageBoardId": null, "gmtOffSetMilliseconds": 19800000, "maxAge": 1}, "incomeStatementHistory": {"incomeStatementHistory": [{"maxAge": 1, "endDate": "2020-03-31", "totalRevenue": 572919501, "costOfRevenue": 164541255, "grossProfit": 408378246, "researchDevelopment": {}, "sellingGeneralAdministrative": 308412705, "nonRecurring": {}, "otherOperatingExpenses": 59453881, "totalOperatingExpenses": 541230496, "operatingIncome": 31689005, "totalOtherIncomeExpenseNet": 3506040, "ebit": 0, "interestExpense": {}, "incomeBeforeTax": 35195045, "incomeTaxExpense": 12680201, "minorityInterest": {}, "netIncomeFromContinuingOps": 22514844, "discontinuedOperations": {}, "extraordinaryItems": {}, "effectOfAccountingCharges": {}, "otherItems": {}, "netIncome": 22514844, "netIncomeApplicableToCommonShares": 22514844}, {"maxAge": 1, "endDate": "2019-03-31", "totalRevenue": 658014306, "costOfRevenue": 195915105, "grossProfit": 462099201, "researchDevelopment": {}, "sellingGeneralAdministrative": 302001192, "nonRecurring": {}, "otherOperatingExpenses": 29592026, "totalOperatingExpenses": 536831676, "operatingIncome": 121182630, "totalOtherIncomeExpenseNet": 28222703, "ebit": 0, "interestExpense": {}, "incomeBeforeTax": 149405333, "incomeTaxExpense": 18882382, "minorityInterest": {}, "netIncomeFromContinuingOps": 130522951, "discontinuedOperations": {}, "extraordinaryItems": {}, "effectOfAccountingCharges": {}, "otherItems": {}, "netIncome": 130522951, "netIncomeApplicableToCommonShares": 130522951}, {"maxAge": 1, "endDate": "2018-03-31", "totalRevenue": 881139717, "costOfRevenue": 262895545, "grossProfit": 618244172, "researchDevelopment": {}, "sellingGeneralAdministrative": 294005514, "nonRecurring": {}, "otherOperatingExpenses": 100867975, "totalOperatingExpenses": 666727695, "operatingIncome": 214412022, "totalOtherIncomeExpenseNet": 760880, "ebit": 0, "interestExpense": {}, "incomeBeforeTax": 215172902, "incomeTaxExpense": 26453180, "minorityInterest": {}, "netIncomeFromContinuingOps": 188719722, "discontinuedOperations": {}, "extraordinaryItems": {}, "effectOfAccountingCharges": {}, "otherItems": {}, "netIncome": 188719722, "netIncomeApplicableToCommonShares": 188719722}, {"maxAge": 1, "endDate": "2017-03-31", "totalRevenue": 644877404, "costOfRevenue": 208442785, "grossProfit": 436434619, "researchDevelopment": {}, "sellingGeneralAdministrative": 184492307, "nonRecurring": {}, "otherOperatingExpenses": 104353742, "totalOperatingExpenses": 510477758, "operatingIncome": 134399646, "totalOtherIncomeExpenseNet": -2302036, "ebit": 0, "interestExpense": {}, "incomeBeforeTax": 132097610, "incomeTaxExpense": 7782169, "minorityInterest": 10771, "netIncomeFromContinuingOps": 124315441, "discontinuedOperations": {}, "extraordinaryItems": {}, "effectOfAccountingCharges": {}, "otherItems": {}, "netIncome": 124313144, "netIncomeApplicableToCommonShares": 124313144}], "maxAge": 86400}, "fundOwnership": {"maxAge": 1, "ownershipList": []}, "summaryDetail": {"maxAge": 1, "priceHint": 2, "previousClose": 61.15, "open": 60.1, "dayLow": 60.0, "dayHigh": 62.4, "regularMarketPreviousClose": 61.15, "regularMarketOpen": 60.1, "regularMarketDayLow": 60.0, "regularMarketDayHigh": 62.4, "trailingPE": 84.13793, "forwardPE": 8.751794, "volume": 2896, "regularMarketVolume": 2896, "averageVolume": 60334, "averageVolume10days": 97650, "averageDailyVolume10Day": 97650, "bid": 61.0, "ask": 62.2, "bidSize": 0, "askSize": 0, "marketCap": 1894019456, "fiftyTwoWeekLow": 14.2, "fiftyTwoWeekHigh": 67.5, "fiftyDayAverage": 53.16, "twoHundredDayAverage": 34.90219, "currency": "INR", "fromCurrency": null, "toCurrency": null, "lastMarket": null, "algorithm": null, "tradeable": false}, "sectorTrend": {"maxAge": 1, "symbol": null, "estimates": []}, "incomeStatementHistoryQuarterly": {"incomeStatementHistory": [{"maxAge": 1, "endDate": "2020-06-30", "totalRevenue": 150514000, "costOfRevenue": 0, "grossProfit": 150514000, "researchDevelopment": {}, "sellingGeneralAdministrative": 57936000, "nonRecurring": {}, "otherOperatingExpenses": 63914000, "totalOperatingExpenses": 124028000, "operatingIncome": 26486000, "totalOtherIncomeExpenseNet": -32000, "ebit": 0, "interestExpense": {}, "incomeBeforeTax": 26454000, "incomeTaxExpense": 7581000, "minorityInterest": {}, "netIncomeFromContinuingOps": 18873000, "discontinuedOperations": {}, "extraordinaryItems": {}, "effectOfAccountingCharges": {}, "otherItems": {}, "netIncome": 18873000, "netIncomeApplicableToCommonShares": 18873000}, {"maxAge": 1, "endDate": "2020-03-31", "totalRevenue": 140059501, "costOfRevenue": 164541255, "grossProfit": -24481754, "researchDevelopment": {}, "sellingGeneralAdministrative": 109370705, "nonRecurring": {}, "otherOperatingExpenses": -141054119, "totalOperatingExpenses": 135046496, "operatingIncome": 5013005, "totalOtherIncomeExpenseNet": 4028040, "ebit": 0, "interestExpense": {}, "incomeBeforeTax": 9041045, "incomeTaxExpense": 3303201, "minorityInterest": {}, "netIncomeFromContinuingOps": 5737844, "discontinuedOperations": {}, "extraordinaryItems": {}, "effectOfAccountingCharges": {}, "otherItems": {}, "netIncome": 5737844, "netIncomeApplicableToCommonShares": 5737844}, {"maxAge": 1, "endDate": "2019-12-31", "totalRevenue": 131705000, "costOfRevenue": 0, "grossProfit": 131705000, "researchDevelopment": {}, "sellingGeneralAdministrative": 62583000, "nonRecurring": {}, "otherOperatingExpenses": 67179000, "totalOperatingExpenses": 132134000, "operatingIncome": -429000, "totalOtherIncomeExpenseNet": 0, "ebit": 0, "interestExpense": {}, "incomeBeforeTax": -429000, "incomeTaxExpense": 1287000, "minorityInterest": {}, "netIncomeFromContinuingOps": -1716000, "discontinuedOperations": {}, "extraordinaryItems": {}, "effectOfAccountingCharges": {}, "otherItems": {}, "netIncome": -1716000, "netIncomeApplicableToCommonShares": -1716000}, {"maxAge": 1, "endDate": "2019-09-30", "totalRevenue": 135125000, "costOfRevenue": 0, "grossProfit": 135125000, "researchDevelopment": {}, "sellingGeneralAdministrative": 66427000, "nonRecurring": {}, "otherOperatingExpenses": 62868000, "totalOperatingExpenses": 131424000, "operatingIncome": 3701000, "totalOtherIncomeExpenseNet": -46000, "ebit": 0, "interestExpense": {}, "incomeBeforeTax": 3655000, "incomeTaxExpense": 1090000, "minorityInterest": {}, "netIncomeFromContinuingOps": 2565000, "discontinuedOperations": {}, "extraordinaryItems": {}, "effectOfAccountingCharges": {}, "otherItems": {}, "netIncome": 2564000, "netIncomeApplicableToCommonShares": 2564000}], "maxAge": 86400}, "cashflowStatementHistoryQuarterly": {"cashflowStatements": [{"maxAge": 1, "endDate": "2020-06-30", "netIncome": 18873000, "changeToLiabilities": 0}, {"maxAge": 1, "endDate": "2020-03-31", "netIncome": 5737844, "changeToLiabilities": 0}, {"maxAge": 1, "endDate": "2019-12-31", "netIncome": -1716000, "changeToLiabilities": 0}, {"maxAge": 1, "endDate": "2019-09-30", "netIncome": 2564000, "changeToLiabilities": 0}], "maxAge": 86400}, "insiderHolders": {"holders": [{"maxAge": 1, "name": "Bhandari (Raj Nathmal)", "relation": "UNREPORTED", "url": "", "transactionDescription": "Sale", "latestTransDate": "2020-05-29", "positionDirect": 802, "positionDirectDate": "2020-05-29"}, {"maxAge": 1, "name": "Jain (Suresh P)", "relation": "Promoter", "url": "", "transactionDescription": "Sale", "latestTransDate": "2020-08-25", "positionDirect": 1942137, "positionDirectDate": "2020-08-25"}], "maxAge": 1}, "earnings": {"maxAge": 86400, "earningsChart": {"quarterly": [{"date": "2Q2018", "actual": 1.43, "estimate": 0.9}], "currentQuarterEstimateDate": "3Q", "currentQuarterEstimateYear": 2018, "earningsDate": ["2020-08-20 05:30:S"]}, "financialsChart": {"yearly": [{"date": 2017, "revenue": 644877404, "earnings": 124313144}, {"date": 2018, "revenue": 881139717, "earnings": 188719722}, {"date": 2019, "revenue": 658014306, "earnings": 130522951}, {"date": 2020, "revenue": 572919501, "earnings": 22514844}], "quarterly": [{"date": "3Q2019", "revenue": 135125000, "earnings": 2564000}, {"date": "4Q2019", "revenue": 131705000, "earnings": -1716000}, {"date": "1Q2020", "revenue": 140059501, "earnings": 5737844}, {"date": "2Q2020", "revenue": 150514000, "earnings": 18873000}]}, "financialCurrency": "INR"}, "calendarEvents": {"maxAge": 1, "earnings": {"earningsDate": ["2020-08-20 05:30:S"]}}, "price": {"maxAge": 1, "regularMarketChangePercent": -0.0024530094, "regularMarketChange": -0.15000153, "regularMarketTime": "2021-04-30 15:21:04", "priceHint": 2, "regularMarketPrice": 61.0, "regularMarketDayHigh": 62.4, "regularMarketDayLow": 60.0, "regularMarketVolume": 2896, "averageDailyVolume10Day": 97650, "averageDailyVolume3Month": 60334, "regularMarketPreviousClose": 61.15, "regularMarketSource": "FREE_REALTIME", "regularMarketOpen": 60.1, "exchange": "BSE", "exchangeName": "BSE", "exchangeDataDelayedBy": 0, "marketState": "CLOSED", "quoteType": "EQUITY", "symbol": "MONARCH.BO", "underlyingSymbol": null, "shortName": "Monarch Networth Capital Limit", "longName": "Monarch Networth Capital Limited", "currency": "INR", "quoteSourceName": "Delayed Quote", "currencySymbol": "\u20b9", "fromCurrency": null, "toCurrency": null, "lastMarket": null, "marketCap": 1894019456}, "balanceSheetHistory": {"balanceSheetStatements": [{"maxAge": 1, "endDate": "2020-03-31", "cash": 2279449537, "netReceivables": 698922757, "otherCurrentAssets": 18553696, "totalCurrentAssets": 3024552191, "longTermInvestments": 12300460, "propertyPlantEquipment": 39680765, "intangibleAssets": 315437, "otherAssets": 1577631368, "deferredLongTermAssetCharges": 56217415, "totalAssets": 4654480221, "accountsPayable": 3527563600, "shortLongTermDebt": 1754519, "otherCurrentLiab": 161065111, "longTermDebt": 24655010, "otherLiab": 15507491, "totalCurrentLiabilities": 3793281043, "totalLiab": 3833443544, "commonStock": 310495180, "retainedEarnings": 157612944, "treasuryStock": 5359315, "capitalSurplus": 347569238, "otherStockholderEquity": 5359315, "totalStockholderEquity": 821036677, "netTangibleAssets": 820721240}, {"maxAge": 1, "endDate": "2019-03-31", "cash": 944238977, "netReceivables": 824981030, "otherCurrentAssets": 20154636, "totalCurrentAssets": 1822290225, "longTermInvestments": 15516002, "propertyPlantEquipment": 29736069, "intangibleAssets": 534724, "otherAssets": 436666116, "deferredLongTermAssetCharges": 59098606, "totalAssets": 2304743136, "accountsPayable": 1049817402, "shortLongTermDebt": 660748, "otherCurrentLiab": 157246362, "longTermDebt": 1171129, "otherLiab": 15085070, "totalCurrentLiabilities": 1486523293, "totalLiab": 1502779492, "commonStock": 310495180, "retainedEarnings": 135120018, "treasuryStock": 8779208, "capitalSurplus": 347569238, "otherStockholderEquity": 8779208, "totalStockholderEquity": 801963644, "netTangibleAssets": 801428920}, {"maxAge": 1, "endDate": "2018-03-31", "cash": 685482116, "netReceivables": 594045237, "otherCurrentAssets": 100960244, "totalCurrentAssets": 1411537334, "longTermInvestments": 17016854, "propertyPlantEquipment": 29941392, "intangibleAssets": 760764, "otherAssets": 559535955, "deferredLongTermAssetCharges": 44704473, "totalAssets": 2018792299, "accountsPayable": 934383756, "shortLongTermDebt": 601043, "otherCurrentLiab": 196251297, "longTermDebt": 29283730, "otherLiab": 12604257, "totalCurrentLiabilities": 1292926167, "totalLiab": 1334814154, "commonStock": 310495180, "retainedEarnings": 14597067, "treasuryStock": 11316660, "capitalSurplus": 347569238, "otherStockholderEquity": 11316660, "totalStockholderEquity": 683978145, "netTangibleAssets": 683217381}, {"maxAge": 1, "endDate": "2017-03-31", "cash": 383788860, "netReceivables": 1103731116, "inventory": 60582, "otherCurrentAssets": 13837650, "totalCurrentAssets": 1599410407, "longTermInvestments": 32280033, "propertyPlantEquipment": 29873367, "intangibleAssets": 346012, "otherAssets": 538097292, "deferredLongTermAssetCharges": 19717780, "totalAssets": 2200007111, "accountsPayable": 1484144715, "shortLongTermDebt": 546727, "otherCurrentLiab": 47848961, "longTermDebt": 34624316, "otherLiab": 11432801, "minorityInterest": 10771, "totalCurrentLiabilities": 1712323069, "totalLiab": 1758380186, "commonStock": 303116000, "retainedEarnings": -207559410, "treasuryStock": 49406668, "capitalSurplus": 296652896, "otherStockholderEquity": 49406668, "totalStockholderEquity": 441616154, "netTangibleAssets": 441270142}], "maxAge": 86400}, "earningsTrend": {"trend": [{"maxAge": 1, "period": "0q", "endDate": "2018-09-30", "growth": {}, "earningsEstimate": {"avg": 0.0, "low": 0.0, "high": 0.0, "yearAgoEps": {}, "numberOfAnalysts": 0, "growth": {}}, "revenueEstimate": {"avg": 0, "low": 0, "high": 0, "numberOfAnalysts": 0, "yearAgoRevenue": {}, "growth": {}}, "epsTrend": {"current": 0.0, "7daysAgo": 0.0, "30daysAgo": 0.0, "60daysAgo": 0.0, "90daysAgo": 0.0}, "epsRevisions": {"upLast7days": 0, "upLast30days": 0, "downLast30days": 0, "downLast90days": {}}}, {"maxAge": 1, "period": "+1q", "endDate": "2018-12-31", "growth": {}, "earningsEstimate": {"avg": 0.0, "low": 0.0, "high": 0.0, "yearAgoEps": {}, "numberOfAnalysts": 0, "growth": {}}, "revenueEstimate": {"avg": 0, "low": 0, "high": 0, "numberOfAnalysts": 0, "yearAgoRevenue": {}, "growth": {}}, "epsTrend": {"current": 0.0, "7daysAgo": 0.0, "30daysAgo": 0.0, "60daysAgo": 0.0, "90daysAgo": 0.0}, "epsRevisions": {"upLast7days": 0, "upLast30days": 0, "downLast30days": 0, "downLast90days": {}}}, {"maxAge": 1, "period": "0y", "endDate": "2019-03-31", "growth": {}, "earningsEstimate": {"avg": 0.0, "low": 0.0, "high": 0.0, "yearAgoEps": {}, "numberOfAnalysts": 0, "growth": {}}, "revenueEstimate": {"avg": 853740000, "low": 853740000, "high": 853740000, "numberOfAnalysts": 1, "yearAgoRevenue": {}, "growth": {}}, "epsTrend": {"current": 0.0, "7daysAgo": 6.03, "30daysAgo": 6.03, "60daysAgo": 6.03, "90daysAgo": 6.03}, "epsRevisions": {"upLast7days": 0, "upLast30days": 0, "downLast30days": 0, "downLast90days": {}}}, {"maxAge": 1, "period": "+1y", "endDate": "2020-03-31", "growth": {}, "earningsEstimate": {"avg": 0.0, "low": 0.0, "high": 0.0, "yearAgoEps": {}, "numberOfAnalysts": 0, "growth": {}}, "revenueEstimate": {"avg": 1010830000, "low": 1010830000, "high": 1010830000, "numberOfAnalysts": 1, "yearAgoRevenue": 853740000, "growth": 0.184}, "epsTrend": {"current": 0.0, "7daysAgo": 6.97, "30daysAgo": 6.97, "60daysAgo": 6.97, "90daysAgo": 6.97}, "epsRevisions": {"upLast7days": 0, "upLast30days": 0, "downLast30days": 0, "downLast90days": {}}}, {"maxAge": 1, "period": "+5y", "endDate": null, "growth": {}, "earningsEstimate": {"avg": {}, "low": {}, "high": {}, "yearAgoEps": {}, "numberOfAnalysts": {}, "growth": {}}, "revenueEstimate": {"avg": {}, "low": {}, "high": {}, "numberOfAnalysts": {}, "yearAgoRevenue": {}, "growth": {}}, "epsTrend": {"current": {}, "7daysAgo": {}, "30daysAgo": {}, "60daysAgo": {}, "90daysAgo": {}}, "epsRevisions": {"upLast7days": {}, "upLast30days": {}, "downLast30days": {}, "downLast90days": {}}}, {"maxAge": 1, "period": "-5y", "endDate": null, "growth": {}, "earningsEstimate": {"avg": {}, "low": {}, "high": {}, "yearAgoEps": {}, "numberOfAnalysts": {}, "growth": {}}, "revenueEstimate": {"avg": {}, "low": {}, "high": {}, "numberOfAnalysts": {}, "yearAgoRevenue": {}, "growth": {}}, "epsTrend": {"current": {}, "7daysAgo": {}, "30daysAgo": {}, "60daysAgo": {}, "90daysAgo": {}}, "epsRevisions": {"upLast7days": {}, "upLast30days": {}, "downLast30days": {}, "downLast90days": {}}}], "maxAge": 1}, "financialData": {"maxAge": 86400, "currentPrice": 61.0, "recommendationKey": "none", "grossProfits": 408378246, "financialCurrency": "INR"}}}