{"MORARJEE.NS": {"assetProfile": {"address1": "503, Peninsula Tower-1", "address2": "5th Floor Peninsula Corporate Marg Ganpatrao Kadam Marg, Lower Parel", "city": "Mumbai", "zip": "400013", "country": "India", "phone": "91 22 6615 4651", "fax": "91 22 6615 4607", "website": "http://www.morarjee.com", "industry": "Textile Manufacturing", "sector": "Consumer Cyclical", "longBusinessSummary": "Morarjee Textiles Limited manufactures and sells yarns and fabrics in India and internationally. The company primarily offers premium cotton shirting fabrics. It also provides printed fabrics, including satin, cambric, poplin, lawn, and silk; and yarn dyed shirting, voiles, and white fabrics. The company was founded in 1871 and is based in Mumbai, India. Morarjee Textiles Limited is a subsidiary of Ashok Piramal Group Textiles Trust.", "companyOfficers": [{"maxAge": 1, "name": "Mr. Rajendar Kumar Rewari", "age": 64, "title": "MD & Director", "yearBorn": 1956, "fiscalYear": 2020, "totalPay": 13948322, "exercisedValue": 0, "unexercisedValue": 0}, {"maxAge": 1, "name": "Mr. Harshvardhan Ashok Piramal B.Sc., MBA", "age": 47, "title": "Exec. Vice Chairman", "yearBorn": 1973, "fiscalYear": 2020, "totalPay": 16382085, "exercisedValue": 0, "unexercisedValue": 0}, {"maxAge": 1, "name": "Mr. Subhash Chandra Kashimpuria", "age": 64, "title": "CFO and Head of Fin. & Accounts", "yearBorn": 1956, "fiscalYear": 2020, "totalPay": 5170000, "exercisedValue": 0, "unexercisedValue": 0}, {"maxAge": 1, "name": "Ms. Nishthi Haresh Dharmani", "title": "Company Sec. & Compliance Officer", "fiscalYear": 2020, "totalPay": 107000, "exercisedValue": 0, "unexercisedValue": 0}, {"maxAge": 1, "name": "Mr. Dinesh  Jain", "title": "Group Chief Financial Officer", "exercisedValue": 0, "unexercisedValue": 0}, {"maxAge": 1, "name": "Mr. R. K. Bhatnagar", "age": 68, "title": "Pres of Shirtings Fabric Division", "yearBorn": 1952, "fiscalYear": 2009, "exercisedValue": 0, "unexercisedValue": 0}, {"maxAge": 1, "name": "Mr. Pradeep  Modi", "title": "Exec.", "exercisedValue": 0, "unexercisedValue": 0}, {"maxAge": 1, "name": "Ms. Rita  Batra", "title": "Exec.", "exercisedValue": 0, "unexercisedValue": 0}], "compensationAsOfEpochDate": "2020-12-31 05:30:00", "maxAge": 86400}, "cashflowStatementHistory": {"cashflowStatements": [{"maxAge": 1, "endDate": "2020-03-31", "netIncome": -264532000, "depreciation": 234009000, "changeToNetincome": 458957000, "changeToAccountReceivables": -12851000, "changeToLiabilities": 1137158000, "changeToInventory": 194458000, "totalCashFromOperatingActivities": 1750356000, "capitalExpenditures": -3273000, "investments": 59305000, "otherCashflowsFromInvestingActivities": 3670000, "totalCashflowsFromInvestingActivities": 59702000, "netBorrowings": -1410409000, "otherCashflowsFromFinancingActivities": -456521000, "totalCashFromFinancingActivities": -1866930000, "changeInCash": -56872000}, {"maxAge": 1, "endDate": "2019-03-31", "netIncome": -245521000, "depreciation": 228424000, "changeToNetincome": 426373000, "changeToAccountReceivables": 28709000, "changeToLiabilities": 268585000, "changeToInventory": -9003000, "totalCashFromOperatingActivities": 701260000, "capitalExpenditures": -16395000, "investments": -4533000, "otherCashflowsFromInvestingActivities": 4985000, "totalCashflowsFromInvestingActivities": -13194000, "netBorrowings": -211665000, "otherCashflowsFromFinancingActivities": -439349000, "totalCashFromFinancingActivities": -651014000, "changeInCash": 37052000}, {"maxAge": 1, "endDate": "2018-03-31", "netIncome": 4974000, "depreciation": 224836000, "changeToNetincome": 463976000, "changeToAccountReceivables": 18120000, "changeToLiabilities": -142866000, "changeToInventory": -45720000, "totalCashFromOperatingActivities": 526883000, "capitalExpenditures": -60548000, "investments": -25161000, "otherCashflowsFromInvestingActivities": 3611000, "totalCashflowsFromInvestingActivities": -81135000, "dividendsPaid": -50865000, "netBorrowings": 124682000, "otherCashflowsFromFinancingActivities": -502776000, "totalCashFromFinancingActivities": -428959000, "changeInCash": 16789000}, {"maxAge": 1, "endDate": "2017-03-31", "netIncome": 120322000, "depreciation": 189030000, "changeToNetincome": 362997000, "changeToAccountReceivables": -124526000, "changeToLiabilities": 191281000, "changeToInventory": -133651000, "totalCashFromOperatingActivities": 608696000, "capitalExpenditures": -1425604000, "investments": 69699000, "otherCashflowsFromInvestingActivities": 4563000, "totalCashflowsFromInvestingActivities": -1350523000, "dividendsPaid": -50865000, "netBorrowings": 1262097000, "otherCashflowsFromFinancingActivities": -468862000, "totalCashFromFinancingActivities": 742370000, "changeInCash": 543000}], "maxAge": 86400}, "institutionOwnership": {"ownershipList": [], "maxAge": 1}, "majorHoldersBreakdown": {"maxAge": 1, "insidersPercentHeld": 0.69944, "institutionsPercentHeld": 0.04361, "institutionsFloatPercentHeld": 0.14508, "institutionsCount": 1}, "balanceSheetHistoryQuarterly": {"balanceSheetStatements": [{"maxAge": 1, "endDate": "2020-12-31", "totalStockholderEquity": 222000000, "netTangibleAssets": 208800000}, {"maxAge": 1, "endDate": "2020-09-30", "cash": 35800000, "netReceivables": 301300000, "inventory": 750100000, "otherCurrentAssets": 836700000, "totalCurrentAssets": 1923900000, "longTermInvestments": 5500000, "propertyPlantEquipment": 4419400000, "intangibleAssets": 13200000, "otherAssets": 325500000, "deferredLongTermAssetCharges": 304100000, "totalAssets": 6687500000, "accountsPayable": 925300000, "shortLongTermDebt": 849500000, "otherCurrentLiab": 32900000, "longTermDebt": 2284300000, "otherLiab": 239100000, "totalCurrentLiabilities": 3939400000, "totalLiab": 6465500000, "commonStock": 254300000, "retainedEarnings": -32300000, "totalStockholderEquity": 222000000, "netTangibleAssets": 208800000}, {"maxAge": 1, "endDate": "2020-06-30", "totalStockholderEquity": 568800000, "netTangibleAssets": 555000000}, {"maxAge": 1, "endDate": "2020-03-31", "cash": 2702000, "shortTermInvestments": 17168000, "netReceivables": 694308000, "inventory": 854482000, "otherCurrentAssets": 516018000, "totalCurrentAssets": 2084678000, "longTermInvestments": 5632000, "propertyPlantEquipment": 4534844000, "intangibleAssets": 13893000, "otherAssets": 206544000, "deferredLongTermAssetCharges": 179426000, "totalAssets": 6845591000, "accountsPayable": 888752000, "shortLongTermDebt": 532222000, "otherCurrentLiab": 1207857000, "longTermDebt": 2322659000, "otherLiab": 237896000, "totalCurrentLiabilities": 3711980000, "totalLiab": 6276782000, "commonStock": 254326000, "retainedEarnings": 314483000, "totalStockholderEquity": 568809000, "netTangibleAssets": 554916000}], "maxAge": 86400}, "indexTrend": {"maxAge": 1, "symbol": "SP5", "peRatio": 19.7411, "pegRatio": 1.34172, "estimates": [{"period": "0q", "growth": 0.549}, {"period": "+1q", "growth": 0.431}, {"period": "0y", "growth": 0.305}, {"period": "+1y", "growth": 0.109}, {"period": "+5y", "growth": 0.120865}, {"period": "-5y"}]}, "defaultKeyStatistics": {"maxAge": 1, "priceHint": 2, "enterpriseValue": 5734170624, "profitMargins": -0.27919, "floatShares": 10963658, "sharesOutstanding": 36332300, "heldPercentInsiders": 0.69944, "heldPercentInstitutions": 0.04361, "beta": 1.070351, "category": null, "bookValue": 6.112, "priceToBook": 2.2578535, "fundFamily": null, "legalType": null, "lastFiscalYearEnd": "2020-03-31 05:30:00", "nextFiscalYearEnd": "2022-03-31 05:30:00", "mostRecentQuarter": "2020-12-31 05:30:00", "netIncomeToCommon": -602531968, "trailingEps": -16.577, "lastSplitFactor": null, "enterpriseToRevenue": 2.657, "enterpriseToEbitda": -180.743}, "summaryProfile": {"address1": "503, Peninsula Tower-1", "address2": "5th Floor Peninsula Corporate Marg Ganpatrao Kadam Marg, Lower Parel", "city": "Mumbai", "zip": "400013", "country": "India", "phone": "91 22 6615 4651", "fax": "91 22 6615 4607", "website": "http://www.morarjee.com", "industry": "Textile Manufacturing", "sector": "Consumer Cyclical", "longBusinessSummary": "Morarjee Textiles Limited manufactures and sells yarns and fabrics in India and internationally. The company primarily offers premium cotton shirting fabrics. It also provides printed fabrics, including satin, cambric, poplin, lawn, and silk; and yarn dyed shirting, voiles, and white fabrics. The company was founded in 1871 and is based in Mumbai, India. Morarjee Textiles Limited is a subsidiary of Ashok Piramal Group Textiles Trust.", "companyOfficers": [], "maxAge": 86400}, "netSharePurchaseActivity": {"maxAge": 1, "period": "6m", "buyInfoCount": 0, "buyInfoShares": 0, "sellInfoCount": 0, "netInfoCount": 0, "netInfoShares": 0, "netPercentInsiderShares": 0.0, "totalInsiderShares": 25435920}, "insiderTransactions": {"transactions": [{"maxAge": 1, "shares": 150000, "value": 29490, "filerUrl": "", "transactionText": "Acquisition at price 0.20 per share.", "filerName": "Gupta (Sunita)", "filerRelation": "UNREPORTED", "moneyText": "", "startDate": "2020-12-10", "ownership": "D"}, {"maxAge": 1, "shares": 150000, "value": 29490, "filerUrl": "", "transactionText": "Sale at price 0.20 per share.", "filerName": "Shrikrishna Finvest And Capital Management Pvt. Ltd.", "filerRelation": "Institution- Corporation", "moneyText": "", "startDate": "2020-12-10", "ownership": "D"}, {"maxAge": 1, "shares": 160000, "value": 30384, "filerUrl": "", "transactionText": "Acquisition at price 0.19 per share.", "filerName": "Gupta (Sunita)", "filerRelation": "UNREPORTED", "moneyText": "", "startDate": "2020-12-09", "ownership": "D"}, {"maxAge": 1, "shares": 160000, "value": 30384, "filerUrl": "", "transactionText": "Sale at price 0.19 per share.", "filerName": "Shrikrishna Finvest And Capital Management Pvt. Ltd.", "filerRelation": "Institution- Corporation", "moneyText": "", "startDate": "2020-12-09", "ownership": "D"}, {"maxAge": 1, "shares": 147651, "value": 29530, "filerUrl": "", "transactionText": "Sale at price 0.20 per share.", "filerName": "Shrikrishna Finvest And Capital Management Pvt. Ltd.", "filerRelation": "Institution- Corporation", "moneyText": "", "startDate": "2020-12-08", "ownership": "D"}, {"maxAge": 1, "shares": 147651, "value": 29530, "filerUrl": "", "transactionText": "Acquisition at price 0.20 per share.", "filerName": "Gupta (Sneha)", "filerRelation": "UNREPORTED", "moneyText": "", "startDate": "2020-12-08", "ownership": "D"}, {"maxAge": 1, "shares": 160000, "value": 28192, "filerUrl": "", "transactionText": "Sale at price 0.18 per share.", "filerName": "Shrikrishna Finvest And Capital Management Pvt. Ltd.", "filerRelation": "Institution- Corporation", "moneyText": "", "startDate": "2020-12-07", "ownership": "D"}, {"maxAge": 1, "shares": 145065, "value": 25560, "filerUrl": "", "transactionText": "Acquisition at price 0.18 per share.", "filerName": "Gupta (Sneha)", "filerRelation": "UNREPORTED", "moneyText": "", "startDate": "2020-12-07", "ownership": "D"}, {"maxAge": 1, "shares": 27597, "filerUrl": "", "transactionText": "", "filerName": "PAT Financial Consultants Pvt Ltd", "filerRelation": "Institution- Corporation", "moneyText": "", "startDate": "2015-01-16", "ownership": "D"}, {"maxAge": 1, "shares": 4723432, "filerUrl": "", "transactionText": "", "filerName": "Topstar Mercantile Pvt Ltd", "filerRelation": "Institution- Corporation", "moneyText": "", "startDate": "2009-12-10", "ownership": "D"}, {"maxAge": 1, "shares": 6284687, "filerUrl": "", "transactionText": "", "filerName": "Ashok Piramal Group Textiles Trust", "filerRelation": "Institution- Corporation", "moneyText": "", "startDate": "2009-03-02", "ownership": "D"}], "maxAge": 1}, "quoteType": {"exchange": "NSI", "quoteType": "EQUITY", "symbol": "MORARJEE.NS", "underlyingSymbol": "MORARJEE.NS", "shortName": "MORARJEE TEXTILES", "longName": "Morarjee Textiles Limited", "firstTradeDateEpochUtc": "2007-12-03 09:15:00", "timeZoneFullName": "Asia/Kolkata", "timeZoneShortName": "IST", "uuid": "4faec598-1e50-3e55-bd25-8d4a36c13aca", "gmtOffSetMilliseconds": 19800000, "maxAge": 1}, "incomeStatementHistory": {"incomeStatementHistory": [{"maxAge": 1, "endDate": "2020-03-31", "totalRevenue": 3820377000, "costOfRevenue": 2783602000, "grossProfit": 1036775000, "researchDevelopment": {}, "sellingGeneralAdministrative": 624855000, "nonRecurring": {}, "otherOperatingExpenses": -21000, "totalOperatingExpenses": 3635968000, "operatingIncome": 184409000, "totalOtherIncomeExpenseNet": -556820000, "ebit": 184409000, "interestExpense": -545608000, "incomeBeforeTax": -372411000, "incomeTaxExpense": -107879000, "minorityInterest": {}, "netIncomeFromContinuingOps": -264532000, "discontinuedOperations": {}, "extraordinaryItems": {}, "effectOfAccountingCharges": {}, "otherItems": {}, "netIncome": -264532000, "netIncomeApplicableToCommonShares": -264532000}, {"maxAge": 1, "endDate": "2019-03-31", "totalRevenue": 3486079000, "costOfRevenue": 2394839000, "grossProfit": 1091240000, "researchDevelopment": {}, "sellingGeneralAdministrative": 689732000, "nonRecurring": {}, "otherOperatingExpenses": -24000, "totalOperatingExpenses": 3307056000, "operatingIncome": 179023000, "totalOtherIncomeExpenseNet": -523603000, "ebit": 179023000, "interestExpense": -516981000, "incomeBeforeTax": -344580000, "incomeTaxExpense": -99059000, "minorityInterest": {}, "netIncomeFromContinuingOps": -245521000, "discontinuedOperations": {}, "extraordinaryItems": {}, "effectOfAccountingCharges": {}, "otherItems": {}, "netIncome": -245521000, "netIncomeApplicableToCommonShares": -245521000}, {"maxAge": 1, "endDate": "2018-03-31", "totalRevenue": 3609575000, "costOfRevenue": 2245476000, "grossProfit": 1364099000, "researchDevelopment": {}, "sellingGeneralAdministrative": 686982000, "nonRecurring": {}, "otherOperatingExpenses": -13005000, "totalOperatingExpenses": 3138244000, "operatingIncome": 471331000, "totalOtherIncomeExpenseNet": -462230000, "ebit": 471331000, "interestExpense": -478680000, "incomeBeforeTax": 9101000, "incomeTaxExpense": 4127000, "minorityInterest": {}, "netIncomeFromContinuingOps": 4974000, "discontinuedOperations": {}, "extraordinaryItems": {}, "effectOfAccountingCharges": {}, "otherItems": {}, "netIncome": 4974000, "netIncomeApplicableToCommonShares": 4974000}, {"maxAge": 1, "endDate": "2017-03-31", "totalRevenue": 3770425000, "costOfRevenue": 2475552000, "grossProfit": 1294873000, "researchDevelopment": {}, "sellingGeneralAdministrative": 687633000, "nonRecurring": {}, "otherOperatingExpenses": -24000, "totalOperatingExpenses": 3343994000, "operatingIncome": 426431000, "totalOtherIncomeExpenseNet": -320799000, "ebit": 426431000, "interestExpense": -371056000, "incomeBeforeTax": 105632000, "incomeTaxExpense": -14690000, "minorityInterest": {}, "netIncomeFromContinuingOps": 120322000, "discontinuedOperations": {}, "extraordinaryItems": {}, "effectOfAccountingCharges": {}, "otherItems": {}, "netIncome": 120322000, "netIncomeApplicableToCommonShares": 120322000}], "maxAge": 86400}, "fundOwnership": {"ownershipList": [], "maxAge": 1}, "summaryDetail": {"maxAge": 1, "priceHint": 2, "previousClose": 13.85, "open": 14.35, "dayLow": 13.7, "dayHigh": 14.4, "regularMarketPreviousClose": 13.85, "regularMarketOpen": 14.35, "regularMarketDayLow": 13.7, "regularMarketDayHigh": 14.4, "exDividendDate": "2017-08-10 05:30:00", "payoutRatio": 0.0, "beta": 1.070351, "volume": 8551, "regularMarketVolume": 8551, "averageVolume": 19476, "averageVolume10days": 6108, "averageDailyVolume10Day": 6108, "bid": 0.0, "ask": 0.0, "bidSize": 0, "askSize": 0, "marketCap": 501748672, "fiftyTwoWeekLow": 7.65, "fiftyTwoWeekHigh": 18.45, "priceToSalesTrailing12Months": 0.23248726, "fiftyDayAverage": 14.719697, "twoHundredDayAverage": 12.133572, "trailingAnnualDividendRate": 1.4, "trailingAnnualDividendYield": 0.101083025, "currency": "INR", "fromCurrency": null, "lastMarket": null, "algorithm": null, "tradeable": false}, "incomeStatementHistoryQuarterly": {"incomeStatementHistory": [{"maxAge": 1, "endDate": "2020-12-31", "totalRevenue": 738000000, "costOfRevenue": 451200000, "grossProfit": 286800000, "researchDevelopment": {}, "sellingGeneralAdministrative": 65800000, "nonRecurring": {}, "otherOperatingExpenses": 145200000, "totalOperatingExpenses": 720400000, "operatingIncome": 17600000, "totalOtherIncomeExpenseNet": -150700000, "ebit": 17600000, "interestExpense": -153500000, "incomeBeforeTax": -133100000, "incomeTaxExpense": 0, "minorityInterest": {}, "netIncomeFromContinuingOps": -133100000, "discontinuedOperations": {}, "extraordinaryItems": {}, "effectOfAccountingCharges": {}, "otherItems": {}, "netIncome": -133100000, "netIncomeApplicableToCommonShares": -133100000}, {"maxAge": 1, "endDate": "2020-09-30", "totalRevenue": 414500000, "costOfRevenue": 268000000, "grossProfit": 146500000, "researchDevelopment": {}, "sellingGeneralAdministrative": 53600000, "nonRecurring": {}, "otherOperatingExpenses": 132400000, "totalOperatingExpenses": 512800000, "operatingIncome": -98300000, "totalOtherIncomeExpenseNet": -125500000, "ebit": -98300000, "interestExpense": -127600000, "incomeBeforeTax": -223800000, "incomeTaxExpense": -45100000, "minorityInterest": {}, "netIncomeFromContinuingOps": -178700000, "discontinuedOperations": {}, "extraordinaryItems": {}, "effectOfAccountingCharges": {}, "otherItems": {}, "netIncome": -178700000, "netIncomeApplicableToCommonShares": -178700000}, {"maxAge": 1, "endDate": "2020-06-30", "totalRevenue": 140600000, "costOfRevenue": 96000000, "grossProfit": 44600000, "researchDevelopment": {}, "sellingGeneralAdministrative": 48200000, "nonRecurring": {}, "otherOperatingExpenses": 78200000, "totalOperatingExpenses": 281200000, "operatingIncome": -140600000, "totalOtherIncomeExpenseNet": -107300000, "ebit": -140600000, "interestExpense": -110700000, "incomeBeforeTax": -247900000, "incomeTaxExpense": -79700000, "minorityInterest": {}, "netIncomeFromContinuingOps": -168200000, "discontinuedOperations": {}, "extraordinaryItems": {}, "effectOfAccountingCharges": {}, "otherItems": {}, "netIncome": -168200000, "netIncomeApplicableToCommonShares": -168200000}, {"maxAge": 1, "endDate": "2020-03-31", "totalRevenue": 865077000, "costOfRevenue": 1118002000, "grossProfit": -252925000, "researchDevelopment": {}, "sellingGeneralAdministrative": 372055000, "nonRecurring": {}, "otherOperatingExpenses": -632321000, "totalOperatingExpenses": 906968000, "operatingIncome": -41891000, "totalOtherIncomeExpenseNet": -134920000, "ebit": -41891000, "interestExpense": -118208000, "incomeBeforeTax": -176811000, "incomeTaxExpense": -54279000, "minorityInterest": {}, "netIncomeFromContinuingOps": -122532000, "discontinuedOperations": {}, "extraordinaryItems": {}, "effectOfAccountingCharges": {}, "otherItems": {}, "netIncome": -122532000, "netIncomeApplicableToCommonShares": -122532000}], "maxAge": 86400}, "cashflowStatementHistoryQuarterly": {"cashflowStatements": [{"maxAge": 1, "endDate": "2020-12-31", "netIncome": -133100000, "changeToLiabilities": 0}, {"maxAge": 1, "endDate": "2020-09-30", "netIncome": -178700000, "changeToLiabilities": 0}, {"maxAge": 1, "endDate": "2020-06-30", "netIncome": -168200000, "changeToLiabilities": 0}, {"maxAge": 1, "endDate": "2020-03-31", "netIncome": -122532000, "changeToLiabilities": 0}], "maxAge": 86400}, "insiderHolders": {"holders": [{"maxAge": 1, "name": "Ashok Piramal Group Textiles Trust", "relation": "Institution- Corporation", "url": "", "transactionDescription": "Acquisition", "latestTransDate": "2009-03-02", "positionDirect": 6284687, "positionDirectDate": "2009-03-02"}, {"maxAge": 1, "name": "Gupta (Sneha)", "relation": "UNREPORTED", "url": "", "transactionDescription": "Acquisition", "latestTransDate": "2020-12-08", "positionDirect": 292716, "positionDirectDate": "2020-12-08"}, {"maxAge": 1, "name": "Gupta (Sunita)", "relation": "UNREPORTED", "url": "", "transactionDescription": "Acquisition", "latestTransDate": "2020-12-10", "positionDirect": 426000, "positionDirectDate": "2020-12-10"}, {"maxAge": 1, "name": "PAT Financial Consultants Pvt Ltd", "relation": "Institution- Corporation", "url": "", "transactionDescription": "Acquisition", "latestTransDate": "2015-01-16", "positionDirect": 276544, "positionDirectDate": "2015-01-16"}, {"maxAge": 1, "name": "Shrikrishna Finvest And Capital Management Pvt. Ltd.", "relation": "Institution- Corporation", "url": "", "transactionDescription": "Sale", "latestTransDate": "2020-12-10", "positionDirect": 0, "positionDirectDate": "2020-12-10"}, {"maxAge": 1, "name": "Topstar Mercantile Pvt Ltd", "relation": "Institution- Corporation", "url": "", "transactionDescription": "Sale", "latestTransDate": "2009-12-10", "positionDirect": 0, "positionDirectDate": "2009-12-10"}], "maxAge": 1}, "calendarEvents": {"maxAge": 1, "earnings": {"earningsDate": []}, "exDividendDate": "2017-08-10 05:30:00"}, "upgradeDowngradeHistory": {"history": [], "maxAge": 86400}, "price": {"maxAge": 1, "regularMarketChangePercent": -0.003610122, "regularMarketChange": -0.05000019, "regularMarketTime": "2021-04-30 15:27:42", "priceHint": 2, "regularMarketPrice": 13.8, "regularMarketDayHigh": 14.4, "regularMarketDayLow": 13.7, "regularMarketVolume": 8551, "averageDailyVolume10Day": 6108, "averageDailyVolume3Month": 19476, "regularMarketPreviousClose": 13.85, "regularMarketSource": "FREE_REALTIME", "regularMarketOpen": 14.35, "exchange": "NSI", "exchangeName": "NSE", "exchangeDataDelayedBy": 15, "marketState": "CLOSED", "quoteType": "EQUITY", "symbol": "MORARJEE.NS", "underlyingSymbol": null, "shortName": "MORARJEE TEXTILES", "longName": "Morarjee Textiles Limited", "currency": "INR", "quoteSourceName": "Delayed Quote", "currencySymbol": "\u20b9", "fromCurrency": null, "lastMarket": null, "marketCap": 501748672}, "balanceSheetHistory": {"balanceSheetStatements": [{"maxAge": 1, "endDate": "2020-03-31", "cash": 2702000, "shortTermInvestments": 17168000, "netReceivables": 694308000, "inventory": 854482000, "otherCurrentAssets": 516018000, "totalCurrentAssets": 2084678000, "longTermInvestments": 5632000, "propertyPlantEquipment": 4534844000, "intangibleAssets": 13893000, "otherAssets": 206544000, "deferredLongTermAssetCharges": 179426000, "totalAssets": 6845591000, "accountsPayable": 888752000, "shortLongTermDebt": 532222000, "otherCurrentLiab": 1207857000, "longTermDebt": 2322659000, "otherLiab": 237896000, "totalCurrentLiabilities": 3711980000, "totalLiab": 6276782000, "commonStock": 254326000, "retainedEarnings": 314483000, "totalStockholderEquity": 568809000, "netTangibleAssets": 554916000}, {"maxAge": 1, "endDate": "2019-03-31", "cash": 59574000, "shortTermInvestments": 35899000, "netReceivables": 719773000, "inventory": 1048940000, "otherCurrentAssets": 440102000, "totalCurrentAssets": 2304288000, "longTermInvestments": 52253000, "propertyPlantEquipment": 4754617000, "intangibleAssets": 16219000, "otherAssets": 98244000, "deferredLongTermAssetCharges": 71660000, "totalAssets": 7225621000, "accountsPayable": 924912000, "shortLongTermDebt": 563112000, "otherCurrentLiab": 41258000, "longTermDebt": 3290033000, "otherLiab": 239440000, "totalCurrentLiabilities": 2863032000, "totalLiab": 6392505000, "commonStock": 254326000, "retainedEarnings": 578790000, "totalStockholderEquity": 833116000, "netTangibleAssets": 816897000}, {"maxAge": 1, "endDate": "2018-03-31", "cash": 22522000, "shortTermInvestments": 31366000, "netReceivables": 869703000, "inventory": 1039937000, "otherCurrentAssets": 301222000, "totalCurrentAssets": 2264750000, "longTermInvestments": 52930000, "propertyPlantEquipment": 4973970000, "intangibleAssets": 17776000, "otherAssets": 24221000, "totalAssets": 7333647000, "accountsPayable": 621988000, "shortLongTermDebt": 405534000, "otherCurrentLiab": 49669000, "longTermDebt": 3635597000, "otherLiab": 315610000, "totalCurrentLiabilities": 2305299000, "totalLiab": 6256506000, "commonStock": 254326000, "retainedEarnings": 822815000, "totalStockholderEquity": 1077141000, "netTangibleAssets": 1059365000}, {"maxAge": 1, "endDate": "2017-03-31", "cash": 5733000, "shortTermInvestments": 6205000, "netReceivables": 883767000, "inventory": 994217000, "otherCurrentAssets": 256610000, "totalCurrentAssets": 2146532000, "longTermInvestments": 52005000, "propertyPlantEquipment": 5136294000, "intangibleAssets": 18428000, "otherAssets": 33280000, "totalAssets": 7386539000, "accountsPayable": 784242000, "shortLongTermDebt": 656586000, "otherCurrentLiab": 69437000, "longTermDebt": 3076493000, "otherLiab": 321007000, "totalCurrentLiabilities": 2853764000, "totalLiab": 6251264000, "commonStock": 254326000, "retainedEarnings": 880949000, "totalStockholderEquity": 1135275000, "netTangibleAssets": 1116847000}], "maxAge": 86400}, "financialData": {"maxAge": 86400, "currentPrice": 13.8, "recommendationKey": "none", "totalCash": 35800000, "totalCashPerShare": 0.984, "ebitda": -31725500, "totalDebt": 5266299904, "totalRevenue": 2158177024, "debtToEquity": 2372.207, "revenuePerShare": 59.378, "grossProfits": 1036775000, "revenueGrowth": -0.334, "grossMargins": 0.10424, "ebitdaMargins": -0.0147, "operatingMargins": -0.12195, "profitMargins": -0.27919, "financialCurrency": "INR"}}}