{"MORARKFI.BO": {"cashflowStatementHistory": {"cashflowStatements": [{"maxAge": 1, "endDate": "2020-03-31", "netIncome": 49465557, "depreciation": 35924, "changeToNetincome": 292840, "changeToAccountReceivables": 89484, "changeToLiabilities": 16532, "changeToInventory": 322446, "changeToOperatingActivities": -48796523, "totalCashFromOperatingActivities": 1133420, "investments": -27025676, "otherCashflowsFromInvestingActivities": 48663884, "totalCashflowsFromInvestingActivities": 21638208, "changeInCash": 22771628}, {"maxAge": 1, "endDate": "2019-03-31", "netIncome": 4665949, "depreciation": 38053, "changeToNetincome": 679741, "changeToAccountReceivables": 177168, "changeToLiabilities": -21941, "changeToInventory": 130957, "changeToOperatingActivities": -4287651, "totalCashFromOperatingActivities": 702534, "investments": 248694, "otherCashflowsFromInvestingActivities": 4464525, "totalCashflowsFromInvestingActivities": 4713219, "dividendsPaid": -4502100, "otherCashflowsFromFinancingActivities": -925420, "totalCashFromFinancingActivities": -5427520, "changeInCash": -11767}, {"maxAge": 1, "endDate": "2018-03-31", "netIncome": 23399367, "depreciation": 40346, "changeToNetincome": 334260, "changeToAccountReceivables": -348890, "changeToLiabilities": 127874, "changeToInventory": -254105, "changeToOperatingActivities": -4287651, "totalCashFromOperatingActivities": 22964592, "investments": -22348176, "otherCashflowsFromInvestingActivities": 4464525, "totalCashflowsFromInvestingActivities": -22348176, "dividendsPaid": -4502100, "otherCashflowsFromFinancingActivities": -925420, "totalCashFromFinancingActivities": -5427520, "changeInCash": 616416}, {"maxAge": 1, "endDate": "2017-03-31", "netIncome": 1814589, "depreciation": 43211, "changeToNetincome": 836449, "changeToAccountReceivables": 378772, "changeToLiabilities": 232862, "changeToInventory": 139893, "changeToOperatingActivities": -4287651, "totalCashFromOperatingActivities": 2609327, "investments": -2697412, "otherCashflowsFromInvestingActivities": 4464525, "totalCashflowsFromInvestingActivities": -2697412, "dividendsPaid": -4502100, "otherCashflowsFromFinancingActivities": -925420, "totalCashFromFinancingActivities": -5427520, "changeInCash": -88085}], "maxAge": 86400}, "institutionOwnership": {"maxAge": 1, "ownershipList": []}, "balanceSheetHistoryQuarterly": {"balanceSheetStatements": [{"maxAge": 1, "endDate": "2020-06-30", "totalStockholderEquity": 164328883, "netTangibleAssets": 164328883}, {"maxAge": 1, "endDate": "2020-03-31", "cash": 23432875, "netReceivables": 33854, "otherCurrentAssets": 1628830, "totalCurrentAssets": 26564681, "longTermInvestments": 137911422, "propertyPlantEquipment": 661385, "totalAssets": 165137488, "accountsPayable": 26260, "otherCurrentLiab": 24190, "otherLiab": 446325, "totalCurrentLiabilities": 362280, "totalLiab": 808605, "commonStock": 45021000, "retainedEarnings": 112777883, "treasuryStock": 6530000, "otherStockholderEquity": 6530000, "totalStockholderEquity": 164328883, "netTangibleAssets": 164328883}, {"maxAge": 1, "endDate": "2019-12-31", "totalStockholderEquity": 140434000, "netTangibleAssets": 140434000}, {"maxAge": 1, "endDate": "2019-09-30", "cash": 840000, "totalCurrentAssets": 840000, "longTermInvestments": 138203000, "propertyPlantEquipment": 679000, "otherAssets": 1845000, "deferredLongTermAssetCharges": 13000, "totalAssets": 141567000, "otherCurrentLiab": 132000, "otherLiab": 1001000, "totalCurrentLiabilities": 132000, "totalLiab": 1133000, "commonStock": 45021000, "treasuryStock": 95413000, "otherStockholderEquity": 95413000, "totalStockholderEquity": 140434000, "netTangibleAssets": 140434000}], "maxAge": 86400}, "indexTrend": {"maxAge": 1, "symbol": "SP5", "peRatio": 19.7411, "pegRatio": 1.34172, "estimates": [{"period": "0q", "growth": 0.549}, {"period": "+1q", "growth": 0.431}, {"period": "0y", "growth": 0.305}, {"period": "+1y", "growth": 0.109}, {"period": "+5y", "growth": 0.120859005}, {"period": "-5y"}]}, "insiderTransactions": {"transactions": [{"maxAge": 1, "shares": 1000, "filerUrl": "", "transactionText": "", "filerName": "Morarka (Smriti G)", "filerRelation": "Promoter", "moneyText": "", "startDate": "2020-03-13", "ownership": "D"}, {"maxAge": 1, "shares": 1995, "filerUrl": "", "transactionText": "", "filerName": "Morarka (Smriti G)", "filerRelation": "Promoter", "moneyText": "", "startDate": "2020-03-12", "ownership": "D"}, {"maxAge": 1, "shares": 1320, "filerUrl": "", "transactionText": "", "filerName": "Morarka (Smriti G)", "filerRelation": "Promoter", "moneyText": "", "startDate": "2019-04-02", "ownership": "D"}, {"maxAge": 1, "shares": 100, "filerUrl": "", "transactionText": "", "filerName": "Morarka (Smriti G)", "filerRelation": "Promoter", "moneyText": "", "startDate": "2019-02-21", "ownership": "D"}, {"maxAge": 1, "shares": 360, "filerUrl": "", "transactionText": "", "filerName": "Morarka (Smriti G)", "filerRelation": "Promoter", "moneyText": "", "startDate": "2019-02-01", "ownership": "D"}, {"maxAge": 1, "shares": 900, "filerUrl": "", "transactionText": "", "filerName": "Morarka (Smriti G)", "filerRelation": "Promoter", "moneyText": "", "startDate": "2019-01-21", "ownership": "D"}, {"maxAge": 1, "shares": 295, "filerUrl": "", "transactionText": "", "filerName": "Morarka (Smriti G)", "filerRelation": "Promoter", "moneyText": "", "startDate": "2019-01-08", "ownership": "D"}, {"maxAge": 1, "shares": 275, "filerUrl": "", "transactionText": "", "filerName": "Morarka (Smriti G)", "filerRelation": "Promoter", "moneyText": "", "startDate": "2019-01-07", "ownership": "D"}, {"maxAge": 1, "shares": 100, "filerUrl": "", "transactionText": "", "filerName": "Morarka (Smriti G)", "filerRelation": "Promoter", "moneyText": "", "startDate": "2019-01-03", "ownership": "D"}, {"maxAge": 1, "shares": 9, "filerUrl": "", "transactionText": "", "filerName": "Morarka (Smriti G)", "filerRelation": "Promoter", "moneyText": "", "startDate": "2018-12-12", "ownership": "D"}, {"maxAge": 1, "shares": 480, "filerUrl": "", "transactionText": "", "filerName": "Morarka (Smriti G)", "filerRelation": "Promoter", "moneyText": "", "startDate": "2018-12-07", "ownership": "D"}, {"maxAge": 1, "shares": 1920, "filerUrl": "", "transactionText": "", "filerName": "Morarka (Smriti G)", "filerRelation": "Promoter", "moneyText": "", "startDate": "2018-12-06", "ownership": "D"}, {"maxAge": 1, "shares": 572, "filerUrl": "", "transactionText": "", "filerName": "Morarka (Smriti G)", "filerRelation": "Promoter", "moneyText": "", "startDate": "2018-12-03", "ownership": "D"}, {"maxAge": 1, "shares": 1, "filerUrl": "", "transactionText": "", "filerName": "Morarka (Smriti G)", "filerRelation": "Promoter", "moneyText": "", "startDate": "2018-11-22", "ownership": "D"}, {"maxAge": 1, "shares": 537, "filerUrl": "", "transactionText": "", "filerName": "Morarka (Smriti G)", "filerRelation": "Promoter", "moneyText": "", "startDate": "2018-11-19", "ownership": "D"}, {"maxAge": 1, "shares": 500, "filerUrl": "", "transactionText": "", "filerName": "Morarka (Smriti G)", "filerRelation": "Promoter", "moneyText": "", "startDate": "2018-10-26", "ownership": "D"}], "maxAge": 1}, "quoteType": {"exchange": "BSE", "quoteType": "EQUITY", "symbol": "MORARKFI.BO", "underlyingSymbol": "MORARKFI.BO", "shortName": "MORARKA FINANCE LTD.", "longName": "Morarka Finance Limited", "firstTradeDateEpochUtc": "2002-01-31 09:15:00", "timeZoneFullName": "Asia/Kolkata", "timeZoneShortName": "IST", "uuid": "5a450d31-8056-3b97-bb7d-9c34bc5b1543", "messageBoardId": null, "gmtOffSetMilliseconds": 19800000, "maxAge": 1}, "incomeStatementHistory": {"incomeStatementHistory": [{"maxAge": 1, "endDate": "2020-03-31", "totalRevenue": 54304975, "costOfRevenue": 322446, "grossProfit": 53982529, "researchDevelopment": {}, "sellingGeneralAdministrative": 2619422, "nonRecurring": {}, "otherOperatingExpenses": 1568787, "totalOperatingExpenses": 4546579, "operatingIncome": 49758396, "totalOtherIncomeExpenseNet": 1, "ebit": 49758396, "interestExpense": {}, "incomeBeforeTax": 49758397, "incomeTaxExpense": 292840, "minorityInterest": {}, "netIncomeFromContinuingOps": 49465557, "discontinuedOperations": {}, "extraordinaryItems": {}, "effectOfAccountingCharges": {}, "otherItems": {}, "netIncome": 49465557, "netIncomeApplicableToCommonShares": 49465557}, {"maxAge": 1, "endDate": "2019-03-31", "totalRevenue": 9578801, "costOfRevenue": 130957, "grossProfit": 9447844, "researchDevelopment": {}, "sellingGeneralAdministrative": 2945965, "nonRecurring": {}, "otherOperatingExpenses": 1026388, "totalOperatingExpenses": 4141363, "operatingIncome": 5437438, "totalOtherIncomeExpenseNet": -91747, "ebit": 5437438, "interestExpense": {}, "incomeBeforeTax": 5345691, "incomeTaxExpense": 679742, "minorityInterest": {}, "netIncomeFromContinuingOps": 4665949, "discontinuedOperations": {}, "extraordinaryItems": {}, "effectOfAccountingCharges": {}, "otherItems": {}, "netIncome": 4665949, "netIncomeApplicableToCommonShares": 4665949}, {"maxAge": 1, "endDate": "2018-03-31", "totalRevenue": 27535989, "costOfRevenue": -254105, "grossProfit": 27790094, "researchDevelopment": {}, "sellingGeneralAdministrative": 2747212, "nonRecurring": {}, "otherOperatingExpenses": 1268910, "totalOperatingExpenses": 3802363, "operatingIncome": 23733626, "totalOtherIncomeExpenseNet": 1, "ebit": 23733626, "interestExpense": {}, "incomeBeforeTax": 23733627, "incomeTaxExpense": 334260, "minorityInterest": {}, "netIncomeFromContinuingOps": 23399367, "discontinuedOperations": {}, "extraordinaryItems": {}, "effectOfAccountingCharges": {}, "otherItems": {}, "netIncome": 23399367, "netIncomeApplicableToCommonShares": 23399367}, {"maxAge": 1, "endDate": "2017-03-31", "totalRevenue": 4234098, "costOfRevenue": 139893, "grossProfit": 4094205, "researchDevelopment": {}, "sellingGeneralAdministrative": 2455634, "nonRecurring": {}, "otherOperatingExpenses": 1666569, "totalOperatingExpenses": 4305307, "operatingIncome": -71209, "totalOtherIncomeExpenseNet": 2722247, "ebit": -71209, "interestExpense": {}, "incomeBeforeTax": 2651038, "incomeTaxExpense": 836449, "minorityInterest": {}, "netIncomeFromContinuingOps": 1814589, "discontinuedOperations": {}, "extraordinaryItems": {}, "effectOfAccountingCharges": {}, "otherItems": {}, "netIncome": 1814589, "netIncomeApplicableToCommonShares": 1814589}], "maxAge": 86400}, "fundOwnership": {"maxAge": 1, "ownershipList": []}, "summaryDetail": {"maxAge": 1, "priceHint": 2, "previousClose": 33.5, "open": 32.85, "dayLow": 32.65, "dayHigh": 34.5, "regularMarketPreviousClose": 33.5, "regularMarketOpen": 32.85, "regularMarketDayLow": 32.65, "regularMarketDayHigh": 34.5, "trailingPE": 2.9989386, "volume": 1301, "regularMarketVolume": 1301, "averageVolume": 5028, "averageVolume10days": 6268, "averageDailyVolume10Day": 6268, "bid": 33.0, "ask": 33.9, "bidSize": 0, "askSize": 0, "marketCap": 152621200, "fiftyTwoWeekLow": 16.0, "fiftyTwoWeekHigh": 47.55, "fiftyDayAverage": 32.17857, "twoHundredDayAverage": 31.117517, "trailingAnnualDividendRate": 1.0, "trailingAnnualDividendYield": 0.029850746, "currency": "INR", "fromCurrency": null, "toCurrency": null, "lastMarket": null, "algorithm": null, "tradeable": false}, "incomeStatementHistoryQuarterly": {"incomeStatementHistory": [{"maxAge": 1, "endDate": "2020-06-30", "totalRevenue": 2421000, "costOfRevenue": -89000, "grossProfit": 2510000, "researchDevelopment": {}, "sellingGeneralAdministrative": 624000, "nonRecurring": {}, "otherOperatingExpenses": 405000, "totalOperatingExpenses": 948000, "operatingIncome": 1473000, "totalOtherIncomeExpenseNet": 0, "ebit": 1473000, "interestExpense": {}, "incomeBeforeTax": 1473000, "incomeTaxExpense": 176000, "minorityInterest": {}, "netIncomeFromContinuingOps": 1297000, "discontinuedOperations": {}, "extraordinaryItems": {}, "effectOfAccountingCharges": {}, "otherItems": {}, "netIncome": 1297000, "netIncomeApplicableToCommonShares": 1297000}, {"maxAge": 1, "endDate": "2020-03-31", "totalRevenue": 24167975, "costOfRevenue": 249446, "grossProfit": 23918529, "researchDevelopment": {}, "sellingGeneralAdministrative": 779422, "nonRecurring": {}, "otherOperatingExpenses": 257787, "totalOperatingExpenses": 1295579, "operatingIncome": 22872396, "totalOtherIncomeExpenseNet": 1, "ebit": 22872396, "interestExpense": {}, "incomeBeforeTax": 22872397, "incomeTaxExpense": -388160, "minorityInterest": {}, "netIncomeFromContinuingOps": 23260557, "discontinuedOperations": {}, "extraordinaryItems": {}, "effectOfAccountingCharges": {}, "otherItems": {}, "netIncome": 23260557, "netIncomeApplicableToCommonShares": 23260557}, {"maxAge": 1, "endDate": "2019-12-31", "totalRevenue": 2084000, "costOfRevenue": -9000, "grossProfit": 2093000, "researchDevelopment": {}, "sellingGeneralAdministrative": 620000, "nonRecurring": {}, "otherOperatingExpenses": 606000, "totalOperatingExpenses": 1226000, "operatingIncome": 858000, "totalOtherIncomeExpenseNet": 0, "ebit": 858000, "interestExpense": {}, "incomeBeforeTax": 858000, "incomeTaxExpense": 223000, "minorityInterest": {}, "netIncomeFromContinuingOps": 635000, "discontinuedOperations": {}, "extraordinaryItems": {}, "effectOfAccountingCharges": {}, "otherItems": {}, "netIncome": 635000, "netIncomeApplicableToCommonShares": 635000}, {"maxAge": 1, "endDate": "2019-09-30", "totalRevenue": 26627000, "costOfRevenue": 67000, "grossProfit": 26560000, "researchDevelopment": {}, "sellingGeneralAdministrative": 495000, "nonRecurring": {}, "otherOperatingExpenses": 257000, "totalOperatingExpenses": 828000, "operatingIncome": 25799000, "totalOtherIncomeExpenseNet": 0, "ebit": 25799000, "interestExpense": {}, "incomeBeforeTax": 25799000, "incomeTaxExpense": 458000, "minorityInterest": {}, "netIncomeFromContinuingOps": 25341000, "discontinuedOperations": {}, "extraordinaryItems": {}, "effectOfAccountingCharges": {}, "otherItems": {}, "netIncome": 25341000, "netIncomeApplicableToCommonShares": 25341000}], "maxAge": 86400}, "cashflowStatementHistoryQuarterly": {"cashflowStatements": [{"maxAge": 1, "endDate": "2020-06-30", "netIncome": 1297000, "changeToLiabilities": 0}, {"maxAge": 1, "endDate": "2020-03-31", "netIncome": 23260557, "changeToLiabilities": 0}, {"maxAge": 1, "endDate": "2019-12-31", "netIncome": 635000, "changeToLiabilities": 0}, {"maxAge": 1, "endDate": "2019-09-30", "netIncome": 25341000, "changeToLiabilities": 0}], "maxAge": 86400}, "insiderHolders": {"holders": [{"maxAge": 1, "name": "Morarka (Smriti G)", "relation": "Promoter", "url": "", "transactionDescription": "Acquisition", "latestTransDate": "2020-03-13", "positionDirect": 123199, "positionDirectDate": "2020-03-13"}], "maxAge": 1}, "calendarEvents": {"maxAge": 1, "earnings": {"earningsDate": []}}, "price": {"maxAge": 1, "regularMarketChangePercent": 0.011940344, "regularMarketChange": 0.40000153, "regularMarketTime": "2021-04-30 15:26:53", "priceHint": 2, "regularMarketPrice": 33.9, "regularMarketDayHigh": 34.5, "regularMarketDayLow": 32.65, "regularMarketVolume": 1301, "averageDailyVolume10Day": 6268, "averageDailyVolume3Month": 5028, "regularMarketPreviousClose": 33.5, "regularMarketSource": "FREE_REALTIME", "regularMarketOpen": 32.85, "exchange": "BSE", "exchangeName": "BSE", "exchangeDataDelayedBy": 0, "marketState": "CLOSED", "quoteType": "EQUITY", "symbol": "MORARKFI.BO", "underlyingSymbol": null, "shortName": "MORARKA FINANCE LTD.", "longName": "Morarka Finance Limited", "currency": "INR", "quoteSourceName": "Delayed Quote", "currencySymbol": "\u20b9", "fromCurrency": null, "toCurrency": null, "lastMarket": null, "marketCap": 152621200}, "balanceSheetHistory": {"balanceSheetStatements": [{"maxAge": 1, "endDate": "2020-03-31", "cash": 23432875, "netReceivables": 33854, "otherCurrentAssets": 1628830, "totalCurrentAssets": 26564681, "longTermInvestments": 137911422, "propertyPlantEquipment": 661385, "totalAssets": 165137488, "accountsPayable": 26260, "otherCurrentLiab": 24190, "otherLiab": 446325, "totalCurrentLiabilities": 362280, "totalLiab": 808605, "commonStock": 45021000, "retainedEarnings": 112777883, "treasuryStock": 6530000, "otherStockholderEquity": 6530000, "totalStockholderEquity": 164328883, "netTangibleAssets": 164328883}, {"maxAge": 1, "endDate": "2019-03-31", "cash": 661247, "netReceivables": 33404, "otherCurrentAssets": 1667458, "totalCurrentAssets": 4056390, "longTermInvestments": 110886241, "propertyPlantEquipment": 697309, "otherAssets": 148099, "deferredLongTermAssetCharges": 148099, "totalAssets": 115788039, "accountsPayable": 9728, "otherCurrentLiab": 223726, "otherLiab": 336661, "totalCurrentLiabilities": 588051, "totalLiab": 924712, "commonStock": 45021000, "retainedEarnings": 63312327, "treasuryStock": 6530000, "otherStockholderEquity": 6530000, "totalStockholderEquity": 114863327, "netTangibleAssets": 114863327}, {"maxAge": 1, "endDate": "2018-03-31", "cash": 673014, "otherCurrentAssets": 2045724, "totalCurrentAssets": 4532863, "longTermInvestments": 111126453, "propertyPlantEquipment": 735362, "totalAssets": 116394678, "accountsPayable": 31669, "otherCurrentLiab": 342651, "otherLiab": 221059, "totalCurrentLiabilities": 548720, "totalLiab": 769779, "commonStock": 45021000, "retainedEarnings": 64073899, "treasuryStock": 6530000, "otherStockholderEquity": 6530000, "totalStockholderEquity": 115624899, "netTangibleAssets": 115624899}, {"maxAge": 1, "endDate": "2017-03-31", "cash": 56598, "otherCurrentAssets": 1696834, "totalCurrentAssets": 3313452, "longTermInvestments": 88778277, "propertyPlantEquipment": 775708, "totalAssets": 92867437, "accountsPayable": 12290, "otherCurrentLiab": 92287, "otherLiab": 330198, "totalCurrentLiabilities": 311707, "totalLiab": 641905, "commonStock": 45021000, "retainedEarnings": 40674532, "treasuryStock": 6530000, "otherStockholderEquity": 6530000, "totalStockholderEquity": 92225532, "netTangibleAssets": 92225532}], "maxAge": 86400}, "financialData": {"maxAge": 86400, "currentPrice": 33.9, "recommendationKey": "none", "grossProfits": 53982529, "financialCurrency": "INR"}}}