{"MOREPENLAB.BO": {"recommendationTrend": {"trend": [{"period": "0m", "strongBuy": 0, "buy": 0, "hold": 0, "sell": 0, "strongSell": 0}, {"period": "-1m", "strongBuy": 0, "buy": 0, "hold": 0, "sell": 0, "strongSell": 0}, {"period": "-2m", "strongBuy": 0, "buy": 0, "hold": 0, "sell": 0, "strongSell": 0}, {"period": "-3m", "strongBuy": 0, "buy": 0, "hold": 0, "sell": 0, "strongSell": 0}], "maxAge": 86400}, "cashflowStatementHistory": {"cashflowStatements": [{"maxAge": 1, "endDate": "2020-03-31", "netIncome": 335792000, "depreciation": 301238000, "changeToNetincome": -6207000, "changeToAccountReceivables": -39336000, "changeToLiabilities": 0, "changeToInventory": -442741000, "changeToOperatingActivities": -106340000, "totalCashFromOperatingActivities": 110172000, "capitalExpenditures": -166631000, "investments": -10625000, "otherCashflowsFromInvestingActivities": 56680000, "totalCashflowsFromInvestingActivities": -124615000, "dividendsPaid": -4892000, "netBorrowings": 15242000, "otherCashflowsFromFinancingActivities": 44533000, "totalCashFromFinancingActivities": 54883000, "changeInCash": 40440000}, {"maxAge": 1, "endDate": "2019-03-31", "netIncome": 288493000, "depreciation": 398973000, "changeToNetincome": 4178000, "changeToAccountReceivables": -118964000, "changeToLiabilities": 0, "changeToInventory": -173147000, "changeToOperatingActivities": -225828000, "totalCashFromOperatingActivities": 173705000, "capitalExpenditures": -85060000, "investments": 1953000, "otherCashflowsFromInvestingActivities": -14260000, "totalCashflowsFromInvestingActivities": -130505000, "dividendsPaid": -4963000, "netBorrowings": -26204000, "otherCashflowsFromFinancingActivities": 26757000, "totalCashFromFinancingActivities": -4410000, "changeInCash": 38790000}, {"maxAge": 1, "endDate": "2018-03-31", "netIncome": 295914000, "depreciation": 343164000, "changeToNetincome": 45066000, "changeToAccountReceivables": -288993000, "changeToLiabilities": 0, "changeToInventory": -122220000, "changeToOperatingActivities": 361210000, "totalCashFromOperatingActivities": 634141000, "capitalExpenditures": -103280000, "investments": -2178000, "otherCashflowsFromInvestingActivities": 1555000, "totalCashflowsFromInvestingActivities": -269289000, "dividendsPaid": -4875000, "netBorrowings": -344293000, "otherCashflowsFromFinancingActivities": -28569000, "totalCashFromFinancingActivities": -377737000, "changeInCash": -12885000}, {"maxAge": 1, "endDate": "2017-03-31", "netIncome": 236347000, "depreciation": 338985000, "changeToNetincome": 69134000, "changeToAccountReceivables": -49406000, "changeToLiabilities": 0, "changeToInventory": -225231000, "changeToOperatingActivities": 37422000, "totalCashFromOperatingActivities": 407251000, "capitalExpenditures": -98527000, "investments": -2178000, "otherCashflowsFromInvestingActivities": -43349000, "totalCashflowsFromInvestingActivities": -136037000, "dividendsPaid": -4875000, "netBorrowings": -185119000, "otherCashflowsFromFinancingActivities": -52067000, "totalCashFromFinancingActivities": -237186000, "changeInCash": 34028000}], "maxAge": 86400}, "institutionOwnership": {"ownershipList": [], "maxAge": 1}, "balanceSheetHistoryQuarterly": {"balanceSheetStatements": [{"maxAge": 1, "endDate": "2020-06-30", "totalStockholderEquity": 2840611000, "netTangibleAssets": 2017797000}, {"maxAge": 1, "endDate": "2020-03-31", "cash": 136391000, "netReceivables": 1426079000, "inventory": 1384757000, "otherCurrentAssets": 760531000, "totalCurrentAssets": 3721765000, "longTermInvestments": 10850000, "propertyPlantEquipment": 1340894000, "goodWill": 744742000, "intangibleAssets": 78072000, "otherAssets": 738316000, "totalAssets": 6634639000, "accountsPayable": 1723043000, "shortLongTermDebt": 1208360000, "otherCurrentLiab": 314120000, "longTermDebt": 9246000, "otherLiab": 274980000, "minorityInterest": -4634000, "totalCurrentLiabilities": 3514436000, "totalLiab": 3798662000, "commonStock": 899586000, "retainedEarnings": -424317000, "treasuryStock": 691291000, "capitalSurplus": 1674051000, "otherStockholderEquity": 691291000, "totalStockholderEquity": 2840611000, "netTangibleAssets": 2017797000}, {"maxAge": 1, "endDate": "2019-12-31", "totalStockholderEquity": 2635817000, "netTangibleAssets": 1780464000}, {"maxAge": 1, "endDate": "2019-09-30", "cash": 272109000, "shortTermInvestments": 10750000, "netReceivables": 1712287000, "inventory": 1022572000, "otherCurrentAssets": 762812000, "totalCurrentAssets": 3780530000, "propertyPlantEquipment": 1406739000, "goodWill": 744759000, "intangibleAssets": 110594000, "otherAssets": 826563000, "totalAssets": 6869185000, "accountsPayable": 1674695000, "shortLongTermDebt": 1531994000, "otherCurrentLiab": 544758000, "longTermDebt": 15578000, "otherLiab": 328279000, "minorityInterest": -4634000, "totalCurrentLiabilities": 3894145000, "totalLiab": 4238002000, "commonStock": 899586000, "treasuryStock": 1736231000, "otherStockholderEquity": 1736231000, "totalStockholderEquity": 2635817000, "netTangibleAssets": 1780464000}], "maxAge": 86400}, "earningsHistory": {"history": [{"maxAge": 1, "epsActual": {}, "epsEstimate": {}, "epsDifference": {}, "surprisePercent": {}, "quarter": {}, "period": "-4q"}, {"maxAge": 1, "epsActual": {}, "epsEstimate": {}, "epsDifference": {}, "surprisePercent": {}, "quarter": {}, "period": "-3q"}, {"maxAge": 1, "epsActual": {}, "epsEstimate": {}, "epsDifference": {}, "surprisePercent": {}, "quarter": {}, "period": "-2q"}, {"maxAge": 1, "epsActual": 0.09, "epsEstimate": 0.24, "epsDifference": -0.15, "surprisePercent": -0.625, "quarter": "2018-03-31", "period": "-1q"}], "maxAge": 86400}, "indexTrend": {"maxAge": 1, "symbol": "SP5", "peRatio": 19.7411, "pegRatio": 1.34172, "estimates": [{"period": "0q", "growth": 0.549}, {"period": "+1q", "growth": 0.431}, {"period": "0y", "growth": 0.305}, {"period": "+1y", "growth": 0.109}, {"period": "+5y", "growth": 0.120865}, {"period": "-5y"}]}, "industryTrend": {"maxAge": 1, "symbol": null, "estimates": []}, "insiderTransactions": {"transactions": [{"maxAge": 1, "shares": 9632500, "filerUrl": "", "transactionText": "", "filerName": "GL India Mauritius III Ltd.", "filerRelation": "Hedge Fund Company", "moneyText": "", "startDate": "2014-10-14", "ownership": "D"}], "maxAge": 1}, "quoteType": {"exchange": "BSE", "quoteType": "EQUITY", "symbol": "MOREPENLAB.BO", "underlyingSymbol": "MOREPENLAB.BO", "shortName": "MOREPEN LABORATORIES LTD.", "longName": "Morepen Laboratories Limited", "firstTradeDateEpochUtc": "1995-05-02 09:15:00", "timeZoneFullName": "Asia/Kolkata", "timeZoneShortName": "IST", "uuid": "39f0573b-1d01-347d-9bd2-fc940f2a2273", "gmtOffSetMilliseconds": 19800000, "maxAge": 1}, "incomeStatementHistory": {"incomeStatementHistory": [{"maxAge": 1, "endDate": "2020-03-31", "totalRevenue": 8583542000, "costOfRevenue": 5634340000, "grossProfit": 2949202000, "researchDevelopment": {}, "sellingGeneralAdministrative": 1142586000, "nonRecurring": {}, "otherOperatingExpenses": 1068597000, "totalOperatingExpenses": 8214527000, "operatingIncome": 369015000, "totalOtherIncomeExpenseNet": 22061000, "ebit": 369015000, "interestExpense": -19845000, "incomeBeforeTax": 391076000, "incomeTaxExpense": 55287000, "minorityInterest": -4634000, "netIncomeFromContinuingOps": 335789000, "discontinuedOperations": {}, "extraordinaryItems": {}, "effectOfAccountingCharges": {}, "otherItems": {}, "netIncome": 335792000, "netIncomeApplicableToCommonShares": 335792000}, {"maxAge": 1, "endDate": "2019-03-31", "totalRevenue": 7713879000, "costOfRevenue": 5036081000, "grossProfit": 2677798000, "researchDevelopment": {}, "sellingGeneralAdministrative": 995350000, "nonRecurring": {}, "otherOperatingExpenses": 978775000, "totalOperatingExpenses": 7409179000, "operatingIncome": 304700000, "totalOtherIncomeExpenseNet": -12933000, "ebit": 304700000, "interestExpense": -21100000, "incomeBeforeTax": 291767000, "incomeTaxExpense": 3363000, "minorityInterest": -4631000, "netIncomeFromContinuingOps": 288404000, "discontinuedOperations": {}, "extraordinaryItems": {}, "effectOfAccountingCharges": {}, "otherItems": {}, "netIncome": 288493000, "netIncomeApplicableToCommonShares": 288493000}, {"maxAge": 1, "endDate": "2018-03-31", "totalRevenue": 6101113000, "costOfRevenue": 3738446000, "grossProfit": 2362667000, "researchDevelopment": {}, "sellingGeneralAdministrative": 806744000, "nonRecurring": {}, "otherOperatingExpenses": 872626000, "totalOperatingExpenses": 5760980000, "operatingIncome": 340133000, "totalOtherIncomeExpenseNet": -42424000, "ebit": 340133000, "interestExpense": -43573000, "incomeBeforeTax": 297709000, "incomeTaxExpense": 0, "minorityInterest": -4542000, "netIncomeFromContinuingOps": 297709000, "discontinuedOperations": {}, "extraordinaryItems": {}, "effectOfAccountingCharges": {}, "otherItems": {}, "netIncome": 295914000, "netIncomeApplicableToCommonShares": 295914000}, {"maxAge": 1, "endDate": "2017-03-31", "totalRevenue": 5990865000, "costOfRevenue": 3700435000, "grossProfit": 2290430000, "researchDevelopment": {}, "sellingGeneralAdministrative": 738737000, "nonRecurring": {}, "otherOperatingExpenses": 901774000, "totalOperatingExpenses": 5679931000, "operatingIncome": 310934000, "totalOtherIncomeExpenseNet": -74632000, "ebit": 310934000, "interestExpense": -75610000, "incomeBeforeTax": 236302000, "incomeTaxExpense": 0, "minorityInterest": -6337000, "netIncomeFromContinuingOps": 236302000, "discontinuedOperations": {}, "extraordinaryItems": {}, "effectOfAccountingCharges": {}, "otherItems": {}, "netIncome": 236347000, "netIncomeApplicableToCommonShares": 236347000}], "maxAge": 86400}, "fundOwnership": {"ownershipList": [{"maxAge": 1, "reportDate": "2020-07-31", "organization": "DFA Emerging Markets Core Equity Portfolio", "pctHeld": 0.0042, "position": 1896828, "value": 43532202}, {"maxAge": 1, "reportDate": "2020-07-31", "organization": "DFA Emerging Markets Small Cap Series", "pctHeld": 0.0029, "position": 1301310, "value": 29865064}, {"maxAge": 1, "reportDate": "2020-07-31", "organization": "DFA T.A. World Ex U.S. Core Equity Portfolio", "pctHeld": 0.0001, "position": 39894, "value": 915567}, {"maxAge": 1, "reportDate": "2020-07-31", "organization": "John Hancock Fds II-Emerging Markets Fund", "pctHeld": 0.0001, "position": 26894, "value": 617217}, {"maxAge": 1, "reportDate": "2020-07-31", "organization": "DFA Investment Dimensions-World Ex U.S. Core Equity Port", "pctHeld": 0.0001, "position": 25505, "value": 585339}], "maxAge": 1}, "summaryDetail": {"maxAge": 1, "priceHint": 2, "previousClose": 60.3, "open": 58.0, "dayLow": 57.25, "dayHigh": 65.95, "regularMarketPreviousClose": 60.3, "regularMarketOpen": 58.0, "regularMarketDayLow": 57.25, "regularMarketDayHigh": 65.95, "trailingPE": 64.62451, "forwardPE": 99.090904, "volume": 4116723, "regularMarketVolume": 4116723, "averageVolume": 444142, "averageVolume10days": 180297, "averageDailyVolume10Day": 180297, "bid": 65.4, "ask": 0.0, "bidSize": 0, "askSize": 0, "marketCap": 29418620928, "fiftyTwoWeekLow": 7.21, "fiftyTwoWeekHigh": 65.95, "fiftyDayAverage": 29.934849, "twoHundredDayAverage": 26.933456, "currency": "INR", "fromCurrency": null, "lastMarket": null, "algorithm": null, "tradeable": false}, "sectorTrend": {"maxAge": 1, "symbol": null, "estimates": []}, "incomeStatementHistoryQuarterly": {"incomeStatementHistory": [{"maxAge": 1, "endDate": "2020-06-30", "totalRevenue": 2589712000, "costOfRevenue": 1751929000, "grossProfit": 837783000, "researchDevelopment": {}, "sellingGeneralAdministrative": 425822000, "nonRecurring": {}, "otherOperatingExpenses": 132958000, "totalOperatingExpenses": 2391285000, "operatingIncome": 198427000, "totalOtherIncomeExpenseNet": -2877000, "ebit": 198427000, "interestExpense": -2877000, "incomeBeforeTax": 195550000, "incomeTaxExpense": 1879000, "minorityInterest": {}, "netIncomeFromContinuingOps": 193671000, "discontinuedOperations": {}, "extraordinaryItems": {}, "effectOfAccountingCharges": {}, "otherItems": {}, "netIncome": 193673000, "netIncomeApplicableToCommonShares": 193673000}, {"maxAge": 1, "endDate": "2020-03-31", "totalRevenue": 2041912000, "costOfRevenue": 1224046000, "grossProfit": 817866000, "researchDevelopment": {}, "sellingGeneralAdministrative": -54702000, "nonRecurring": {}, "otherOperatingExpenses": 708420000, "totalOperatingExpenses": 1963969000, "operatingIncome": 77943000, "totalOtherIncomeExpenseNet": 35684000, "ebit": 77943000, "interestExpense": -6222000, "incomeBeforeTax": 113627000, "incomeTaxExpense": 3416000, "minorityInterest": -4634000, "netIncomeFromContinuingOps": 110211000, "discontinuedOperations": {}, "extraordinaryItems": {}, "effectOfAccountingCharges": {}, "otherItems": {}, "netIncome": 110209000, "netIncomeApplicableToCommonShares": 110209000}, {"maxAge": 1, "endDate": "2019-12-31", "totalRevenue": 2346591000, "costOfRevenue": 1605304000, "grossProfit": 741287000, "researchDevelopment": {}, "sellingGeneralAdministrative": 423367000, "nonRecurring": {}, "otherOperatingExpenses": 118858000, "totalOperatingExpenses": 2232897000, "operatingIncome": 113694000, "totalOtherIncomeExpenseNet": -5437000, "ebit": 113694000, "interestExpense": -5437000, "incomeBeforeTax": 108257000, "incomeTaxExpense": 89000, "minorityInterest": -4634000, "netIncomeFromContinuingOps": 108168000, "discontinuedOperations": {}, "extraordinaryItems": {}, "effectOfAccountingCharges": {}, "otherItems": {}, "netIncome": 108170000, "netIncomeApplicableToCommonShares": 108170000}, {"maxAge": 1, "endDate": "2019-09-30", "totalRevenue": 2162413000, "costOfRevenue": 1433191000, "grossProfit": 729222000, "researchDevelopment": {}, "sellingGeneralAdministrative": 403280000, "nonRecurring": {}, "otherOperatingExpenses": 147242000, "totalOperatingExpenses": 2066114000, "operatingIncome": 96299000, "totalOtherIncomeExpenseNet": -3909000, "ebit": 96299000, "interestExpense": -3909000, "incomeBeforeTax": 92390000, "incomeTaxExpense": 51569000, "minorityInterest": -4634000, "netIncomeFromContinuingOps": 40821000, "discontinuedOperations": {}, "extraordinaryItems": {}, "effectOfAccountingCharges": {}, "otherItems": {}, "netIncome": 40822000, "netIncomeApplicableToCommonShares": 40822000}], "maxAge": 86400}, "cashflowStatementHistoryQuarterly": {"cashflowStatements": [{"maxAge": 1, "endDate": "2020-06-30", "netIncome": 193673000, "changeToLiabilities": 0}, {"maxAge": 1, "endDate": "2020-03-31", "netIncome": 110209000, "changeToLiabilities": 0}, {"maxAge": 1, "endDate": "2019-12-31", "netIncome": 108170000, "changeToLiabilities": 0}, {"maxAge": 1, "endDate": "2019-09-30", "netIncome": 40822000, "changeToLiabilities": 0}], "maxAge": 86400}, "insiderHolders": {"holders": [{"maxAge": 1, "name": "GL India Mauritius III Ltd.", "relation": "Hedge Fund Company", "url": "", "transactionDescription": "Sale", "latestTransDate": "2014-10-14", "positionDirect": 28897500, "positionDirectDate": "2014-10-14"}], "maxAge": 1}, "earnings": {"maxAge": 86400, "earningsChart": {"quarterly": [{"date": "1Q2018", "actual": 0.09, "estimate": 0.24}], "currentQuarterEstimateDate": "2Q", "currentQuarterEstimateYear": 2018, "earningsDate": []}, "financialsChart": {"yearly": [{"date": 2017, "revenue": 5990865000, "earnings": 236347000}, {"date": 2018, "revenue": 6101113000, "earnings": 295914000}, {"date": 2019, "revenue": 7713879000, "earnings": 288493000}, {"date": 2020, "revenue": 8583542000, "earnings": 335792000}], "quarterly": [{"date": "3Q2019", "revenue": 2162413000, "earnings": 40822000}, {"date": "4Q2019", "revenue": 2346591000, "earnings": 108170000}, {"date": "1Q2020", "revenue": 2041912000, "earnings": 110209000}, {"date": "2Q2020", "revenue": 2589712000, "earnings": 193673000}]}, "financialCurrency": "INR"}, "calendarEvents": {"maxAge": 1, "earnings": {"earningsDate": [], "revenueAverage": 1638050000}}, "upgradeDowngradeHistory": {"history": [], "maxAge": 86400}, "price": {"maxAge": 1, "regularMarketChangePercent": 0.08457715, "regularMarketChange": 5.1000023, "regularMarketTime": "2021-04-30 15:59:17", "priceHint": 2, "regularMarketPrice": 65.4, "regularMarketDayHigh": 65.95, "regularMarketDayLow": 57.25, "regularMarketVolume": 4116723, "averageDailyVolume10Day": 180297, "averageDailyVolume3Month": 444142, "regularMarketPreviousClose": 60.3, "regularMarketSource": "FREE_REALTIME", "regularMarketOpen": 58.0, "exchange": "BSE", "exchangeName": "BSE", "exchangeDataDelayedBy": 0, "marketState": "CLOSED", "quoteType": "EQUITY", "symbol": "MOREPENLAB.BO", "underlyingSymbol": null, "shortName": "MOREPEN LABORATORIES LTD.", "longName": "Morepen Laboratories Limited", "currency": "INR", "quoteSourceName": "Delayed Quote", "currencySymbol": "\u20b9", "fromCurrency": null, "lastMarket": null, "marketCap": 29418620928}, "balanceSheetHistory": {"balanceSheetStatements": [{"maxAge": 1, "endDate": "2020-03-31", "cash": 136391000, "netReceivables": 1426079000, "inventory": 1384757000, "otherCurrentAssets": 760531000, "totalCurrentAssets": 3721765000, "longTermInvestments": 10850000, "propertyPlantEquipment": 1340894000, "goodWill": 744742000, "intangibleAssets": 78072000, "otherAssets": 738316000, "totalAssets": 6634639000, "accountsPayable": 1723043000, "shortLongTermDebt": 1208360000, "otherCurrentLiab": 314120000, "longTermDebt": 9246000, "otherLiab": 274980000, "minorityInterest": -4634000, "totalCurrentLiabilities": 3514436000, "totalLiab": 3798662000, "commonStock": 899586000, "retainedEarnings": -424317000, "treasuryStock": 691291000, "capitalSurplus": 1674051000, "otherStockholderEquity": 691291000, "totalStockholderEquity": 2840611000, "netTangibleAssets": 2017797000}, {"maxAge": 1, "endDate": "2019-03-31", "cash": 95951000, "shortTermInvestments": 225000, "netReceivables": 1410874000, "inventory": 942016000, "otherCurrentAssets": 536587000, "totalCurrentAssets": 2994684000, "propertyPlantEquipment": 1473671000, "goodWill": 744798000, "intangibleAssets": 143625000, "otherAssets": 794996000, "totalAssets": 6151774000, "accountsPayable": 1681502000, "shortLongTermDebt": 1207770000, "otherCurrentLiab": 261690000, "longTermDebt": 18292000, "otherLiab": 215486000, "minorityInterest": -4631000, "totalCurrentLiabilities": 3391699000, "totalLiab": 3625477000, "commonStock": 899586000, "retainedEarnings": -760109000, "treasuryStock": 717400000, "capitalSurplus": 1674051000, "otherStockholderEquity": 717400000, "totalStockholderEquity": 2530928000, "netTangibleAssets": 1642505000}, {"maxAge": 1, "endDate": "2018-03-31", "cash": 57161000, "shortTermInvestments": 2178000, "netReceivables": 1271460000, "inventory": 768869000, "otherCurrentAssets": 326918000, "totalCurrentAssets": 2434400000, "propertyPlantEquipment": 1723967000, "goodWill": 744854000, "intangibleAssets": 174107000, "otherAssets": 780736000, "totalAssets": 5858064000, "accountsPayable": 1748844000, "shortLongTermDebt": 1312690000, "otherCurrentLiab": 225996000, "longTermDebt": 29473000, "otherLiab": 172503000, "minorityInterest": -4542000, "totalCurrentLiabilities": 3401214000, "totalLiab": 3603190000, "commonStock": 899586000, "retainedEarnings": -1048602000, "treasuryStock": 734381000, "capitalSurplus": 1674051000, "otherStockholderEquity": 734381000, "totalStockholderEquity": 2259416000, "netTangibleAssets": 1340455000}, {"maxAge": 1, "endDate": "2017-03-31", "cash": 70047000, "netReceivables": 1019064000, "inventory": 646649000, "otherCurrentAssets": 179025000, "totalCurrentAssets": 1919455000, "longTermInvestments": 5864000, "propertyPlantEquipment": 1934142000, "goodWill": 779608000, "intangibleAssets": 4283000, "otherAssets": 739542000, "totalAssets": 5382894000, "accountsPayable": 1248794000, "shortLongTermDebt": 1672622000, "otherCurrentLiab": 136170000, "longTermDebt": 13834000, "otherLiab": 164169000, "minorityInterest": -6337000, "totalCurrentLiabilities": 3248612000, "totalLiab": 3426615000, "commonStock": 899586000, "retainedEarnings": -1344515000, "treasuryStock": 733494000, "capitalSurplus": 1674051000, "otherStockholderEquity": 733494000, "totalStockholderEquity": 1962616000, "netTangibleAssets": 1178725000}], "maxAge": 86400}, "earningsTrend": {"trend": [{"maxAge": 1, "period": "0q", "endDate": "2018-06-30", "growth": {}, "earningsEstimate": {"avg": 0.0, "low": 0.0, "high": 0.0, "yearAgoEps": {}, "numberOfAnalysts": 0, "growth": {}}, "revenueEstimate": {"avg": 1638050000, "low": 0, "high": 0, "numberOfAnalysts": 0, "yearAgoRevenue": {}, "growth": {}}, "epsTrend": {"current": 0.0, "7daysAgo": 0.0, "30daysAgo": 0.0, "60daysAgo": 0.0, "90daysAgo": 0.0}, "epsRevisions": {"upLast7days": 0, "upLast30days": 0, "downLast30days": 0, "downLast90days": {}}}, {"maxAge": 1, "period": "+1q", "endDate": "2018-09-30", "growth": {}, "earningsEstimate": {"avg": 0.0, "low": 0.0, "high": 0.0, "yearAgoEps": {}, "numberOfAnalysts": 0, "growth": {}}, "revenueEstimate": {"avg": 1740710000, "low": 0, "high": 0, "numberOfAnalysts": 0, "yearAgoRevenue": {}, "growth": {}}, "epsTrend": {"current": 0.0, "7daysAgo": 0.0, "30daysAgo": 0.0, "60daysAgo": 0.0, "90daysAgo": 0.0}, "epsRevisions": {"upLast7days": 0, "upLast30days": 0, "downLast30days": 0, "downLast90days": {}}}, {"maxAge": 1, "period": "0y", "endDate": "2019-03-31", "growth": {}, "earningsEstimate": {"avg": 0.0, "low": 0.0, "high": 0.0, "yearAgoEps": {}, "numberOfAnalysts": 0, "growth": {}}, "revenueEstimate": {"avg": 6665370000, "low": 6665370000, "high": 6665370000, "numberOfAnalysts": 1, "yearAgoRevenue": 6065090000, "growth": 0.099}, "epsTrend": {"current": 0.0, "7daysAgo": 1.0, "30daysAgo": 1.0, "60daysAgo": 1.0, "90daysAgo": 1.0}, "epsRevisions": {"upLast7days": 0, "upLast30days": 0, "downLast30days": 0, "downLast90days": {}}}, {"maxAge": 1, "period": "+1y", "endDate": "2020-03-31", "growth": {}, "earningsEstimate": {"avg": 0.0, "low": 0.0, "high": 0.0, "yearAgoEps": {}, "numberOfAnalysts": 0, "growth": {}}, "revenueEstimate": {"avg": 0, "low": 0, "high": 0, "numberOfAnalysts": 0, "yearAgoRevenue": 6665370000, "growth": {}}, "epsTrend": {"current": 0.0, "7daysAgo": 0.0, "30daysAgo": 0.0, "60daysAgo": 0.0, "90daysAgo": 0.0}, "epsRevisions": {"upLast7days": 0, "upLast30days": 0, "downLast30days": 0, "downLast90days": {}}}, {"maxAge": 1, "period": "+5y", "endDate": null, "growth": {}, "earningsEstimate": {"avg": {}, "low": {}, "high": {}, "yearAgoEps": {}, "numberOfAnalysts": {}, "growth": {}}, "revenueEstimate": {"avg": {}, "low": {}, "high": {}, "numberOfAnalysts": {}, "yearAgoRevenue": {}, "growth": {}}, "epsTrend": {"current": {}, "7daysAgo": {}, "30daysAgo": {}, "60daysAgo": {}, "90daysAgo": {}}, "epsRevisions": {"upLast7days": {}, "upLast30days": {}, "downLast30days": {}, "downLast90days": {}}}, {"maxAge": 1, "period": "-5y", "endDate": null, "growth": {}, "earningsEstimate": {"avg": {}, "low": {}, "high": {}, "yearAgoEps": {}, "numberOfAnalysts": {}, "growth": {}}, "revenueEstimate": {"avg": {}, "low": {}, "high": {}, "numberOfAnalysts": {}, "yearAgoRevenue": {}, "growth": {}}, "epsTrend": {"current": {}, "7daysAgo": {}, "30daysAgo": {}, "60daysAgo": {}, "90daysAgo": {}}, "epsRevisions": {"upLast7days": {}, "upLast30days": {}, "downLast30days": {}, "downLast90days": {}}}], "maxAge": 1}, "financialData": {"maxAge": 86400, "currentPrice": 65.4, "recommendationKey": "none", "grossProfits": 2949202000, "financialCurrency": "INR"}}}