{"MOREPENLAB.NS": {"assetProfile": {"address1": "409, Antriksh Bhawan", "address2": "4th Floor 22 Kasturba Gandhi Marg", "city": "New Delhi", "zip": "110001", "country": "India", "phone": "91 11 2332 4443", "fax": "91 11 2372 2422", "website": "http://www.morepen.com", "industry": "Drug Manufacturers\u2014Specialty & Generic", "sector": "Healthcare", "longBusinessSummary": "Morepen Laboratories Limited develops, manufactures, markets, and sells active pharmaceutical ingredients (APIs), formulations, and home health products in India, the United States, and internationally. The company offers APIs for anti-histaminic, anti-asthmatic, anti-hypercholesterolemic, anti-diabetic, and anti-hypertensive; and formulations for antibiotics, gastro-intestinal, CNS, ortho and pain, calcium metabolism, respiratory and anti-allergic, and nutraceuticals and vitamins, as well as diabetes and related complications, and cardiology therapy. It also provides blood glucose and pressure monitors, nebulizers, vaporizers, weighing scales, thermometers, pulse oximeters, massagers and heat therapy, hot water bottles, stethoscopes, sphygmomanometers, ultrasonic nebulizers, fetal Doppler, anti-decubitus air mattress, adult diapers, instant dry under mats, and breathable non-woven tapes. In addition, it provides Burnol for burns and cuts; Forever Young that enhances sexual life, stamina, energy, power, and strength; Lemolate Gold for cold relief; Lemolate- Cough Syrup; Fibre-X Sat-Isabgol, a natural laxative product; Fever-X, a fever reducer; Option72, an emergency contraceptive; Dabgel, an antacid; MoreVital+, a dietary supplement; QuickChek, a pregnancy card; Exygra, a sildenafil citrate; facewashes; Itch Beat for itching; and 2 Kool hair oil. Further, the company offers Active Smile, which is Mouthwash; Dr. Morepen Daily, a health supplement; MTP Kit, a contraception pill; VCalci, a calcium tab; Clean & Pure, an intimate hygiene wash; Liv Healthy, a liver tonic; Head-X for headache; Dr. Morepen Aid, an adhesive first aid dressing; Dr. Morepen Buds, an ear cleaning cotton bud; Cold-EX for cold and cough; Paachan-Arishta, an ayurvedic digestive tonic; and adult nasal spray. Additionally, the company is involved in product contract manufacturing and brand sharing businesses. Morepen Laboratories Limited was founded in 1984 and is based in New Delhi, India.", "fullTimeEmployees": 1555, "companyOfficers": [{"maxAge": 1, "name": "Mr. Sushil  Suri F.C.A., B.Sc., FCA", "age": 56, "title": "Chairman & MD", "yearBorn": 1964, "fiscalYear": 2020, "totalPay": 17097000, "exercisedValue": 0, "unexercisedValue": 0}, {"maxAge": 1, "name": "Mr. Ajay Kumar Sharma", "age": 53, "title": "CFO & Director", "yearBorn": 1967, "fiscalYear": 2020, "totalPay": 9248000, "exercisedValue": 0, "unexercisedValue": 0}, {"maxAge": 1, "name": "Mr. Vipul Kumar Srivastava", "age": 35, "title": "Company Sec., Compliance Officer & Director", "yearBorn": 1985, "fiscalYear": 2020, "totalPay": 1444000, "exercisedValue": 0, "unexercisedValue": 0}, {"maxAge": 1, "name": "Dr. Arun Kumar Sinha", "age": 69, "title": "Exec. Director", "yearBorn": 1951, "fiscalYear": 2020, "totalPay": 900000, "exercisedValue": 0, "unexercisedValue": 0}, {"maxAge": 1, "name": "Mr. Sanjay  Suri", "age": 52, "title": "Exec. Director", "yearBorn": 1968, "fiscalYear": 2020, "totalPay": 8721168, "exercisedValue": 0, "unexercisedValue": 0}, {"maxAge": 1, "name": "Mr. Sumit  Bhatnagar", "title": "Gen. Mang. of Fin. & Accounts (Corp.)", "exercisedValue": 0, "unexercisedValue": 0}, {"maxAge": 1, "name": "Ms. Sunita  Suri", "age": 26, "title": "Mang. of Admin.", "yearBorn": 1994, "exercisedValue": 0, "unexercisedValue": 0}, {"maxAge": 1, "name": "Mr. Rakesh Kumar Sharma", "title": "Head of HR", "exercisedValue": 0, "unexercisedValue": 0}, {"maxAge": 1, "name": "Mr. Shantunu  Tuli", "age": 54, "title": "Sales Head of Home Health & Diagnostics Bus.", "yearBorn": 1966, "fiscalYear": 2018, "exercisedValue": 0, "unexercisedValue": 0}, {"maxAge": 1, "name": "Mr. Rajeev Kumar Jain", "age": 54, "title": "Pres of API Manufacturing", "yearBorn": 1966, "exercisedValue": 0, "unexercisedValue": 0}], "compensationAsOfEpochDate": "2020-12-31 05:30:00", "maxAge": 86400}, "recommendationTrend": {"trend": [{"period": "0m", "strongBuy": 0, "buy": 0, "hold": 0, "sell": 0, "strongSell": 0}, {"period": "-1m", "strongBuy": 0, "buy": 0, "hold": 0, "sell": 0, "strongSell": 0}, {"period": "-2m", "strongBuy": 0, "buy": 0, "hold": 0, "sell": 0, "strongSell": 0}, {"period": "-3m", "strongBuy": 0, "buy": 0, "hold": 0, "sell": 0, "strongSell": 0}], "maxAge": 86400}, "cashflowStatementHistory": {"cashflowStatements": [{"maxAge": 1, "endDate": "2020-03-31", "netIncome": 335792000, "depreciation": 301238000, "changeToNetincome": -6207000, "changeToAccountReceivables": -39336000, "changeToLiabilities": 0, "changeToInventory": -442741000, "changeToOperatingActivities": -106340000, "totalCashFromOperatingActivities": 110172000, "capitalExpenditures": -166631000, "investments": -10625000, "otherCashflowsFromInvestingActivities": 56680000, "totalCashflowsFromInvestingActivities": -124615000, "dividendsPaid": -4892000, "netBorrowings": 15242000, "otherCashflowsFromFinancingActivities": 44533000, "totalCashFromFinancingActivities": 54883000, "changeInCash": 40440000}, {"maxAge": 1, "endDate": "2019-03-31", "netIncome": 288493000, "depreciation": 398973000, "changeToNetincome": 4178000, "changeToAccountReceivables": -118964000, "changeToLiabilities": 0, "changeToInventory": -173147000, "changeToOperatingActivities": -225828000, "totalCashFromOperatingActivities": 173705000, "capitalExpenditures": -85060000, "investments": 1953000, "otherCashflowsFromInvestingActivities": -14260000, "totalCashflowsFromInvestingActivities": -130505000, "dividendsPaid": -4963000, "netBorrowings": -26204000, "otherCashflowsFromFinancingActivities": 26757000, "totalCashFromFinancingActivities": -4410000, "changeInCash": 38790000}, {"maxAge": 1, "endDate": "2018-03-31", "netIncome": 295914000, "depreciation": 343164000, "changeToNetincome": 45066000, "changeToAccountReceivables": -288993000, "changeToLiabilities": 0, "changeToInventory": -122220000, "changeToOperatingActivities": 361210000, "totalCashFromOperatingActivities": 634141000, "capitalExpenditures": -103280000, "investments": -2178000, "otherCashflowsFromInvestingActivities": 1555000, "totalCashflowsFromInvestingActivities": -269289000, "dividendsPaid": -4875000, "netBorrowings": -344293000, "otherCashflowsFromFinancingActivities": -28569000, "totalCashFromFinancingActivities": -377737000, "changeInCash": -12885000}, {"maxAge": 1, "endDate": "2017-03-31", "netIncome": 236347000, "depreciation": 338985000, "changeToNetincome": 69134000, "changeToAccountReceivables": -49406000, "changeToLiabilities": 0, "changeToInventory": -225231000, "changeToOperatingActivities": 37422000, "totalCashFromOperatingActivities": 407251000, "capitalExpenditures": -98527000, "investments": -2178000, "otherCashflowsFromInvestingActivities": -43349000, "totalCashflowsFromInvestingActivities": -136037000, "dividendsPaid": -4875000, "netBorrowings": -185119000, "otherCashflowsFromFinancingActivities": -52067000, "totalCashFromFinancingActivities": -237186000, "changeInCash": 34028000}], "maxAge": 86400}, "indexTrend": {"maxAge": 1, "symbol": "SP5", "peRatio": 19.7411, "pegRatio": 1.34172, "estimates": [{"period": "0q", "growth": 0.549}, {"period": "+1q", "growth": 0.431}, {"period": "0y", "growth": 0.305}, {"period": "+1y", "growth": 0.109}, {"period": "+5y", "growth": 0.120865}, {"period": "-5y"}]}, "defaultKeyStatistics": {"maxAge": 1, "priceHint": 2, "enterpriseValue": 28288145408, "profitMargins": 0.073060006, "floatShares": 224728307, "sharesOutstanding": 449825984, "heldPercentInsiders": 0.40556, "heldPercentInstitutions": 0.02365, "beta": 1.21608, "category": null, "bookValue": 7.31, "priceToBook": 8.946649, "fundFamily": null, "legalType": null, "lastFiscalYearEnd": "2020-03-31 05:30:00", "nextFiscalYearEnd": "2022-03-31 05:30:00", "mostRecentQuarter": "2020-12-31 05:30:00", "earningsQuarterlyGrowth": 1.2, "netIncomeToCommon": 813510976, "trailingEps": 1.809, "lastSplitFactor": "5:1", "lastSplitDate": "2000-11-07 05:30:00", "enterpriseToRevenue": 2.54, "enterpriseToEbitda": 24.101}, "industryTrend": {"maxAge": 1, "symbol": null, "estimates": []}, "quoteType": {"exchange": "NSI", "quoteType": "EQUITY", "symbol": "MOREPENLAB.NS", "underlyingSymbol": "MOREPENLAB.NS", "shortName": "MOREPEN LABORATORI", "longName": "Morepen Laboratories Limited", "firstTradeDateEpochUtc": "1996-01-01 09:15:00", "timeZoneFullName": "Asia/Kolkata", "timeZoneShortName": "IST", "uuid": "2118e99b-705d-33a3-b5c4-f2db07c125e8", "gmtOffSetMilliseconds": 19800000, "maxAge": 1}, "incomeStatementHistory": {"incomeStatementHistory": [{"maxAge": 1, "endDate": "2020-03-31", "totalRevenue": 8583542000, "costOfRevenue": 5634340000, "grossProfit": 2949202000, "researchDevelopment": {}, "sellingGeneralAdministrative": 1142586000, "nonRecurring": {}, "otherOperatingExpenses": 1068597000, "totalOperatingExpenses": 8214527000, "operatingIncome": 369015000, "totalOtherIncomeExpenseNet": 22061000, "ebit": 369015000, "interestExpense": -19845000, "incomeBeforeTax": 391076000, "incomeTaxExpense": 55287000, "minorityInterest": -4634000, "netIncomeFromContinuingOps": 335789000, "discontinuedOperations": {}, "extraordinaryItems": {}, "effectOfAccountingCharges": {}, "otherItems": {}, "netIncome": 335792000, "netIncomeApplicableToCommonShares": 335792000}, {"maxAge": 1, "endDate": "2019-03-31", "totalRevenue": 7713879000, "costOfRevenue": 5036081000, "grossProfit": 2677798000, "researchDevelopment": {}, "sellingGeneralAdministrative": 995350000, "nonRecurring": {}, "otherOperatingExpenses": 978775000, "totalOperatingExpenses": 7409179000, "operatingIncome": 304700000, "totalOtherIncomeExpenseNet": -12933000, "ebit": 304700000, "interestExpense": -21100000, "incomeBeforeTax": 291767000, "incomeTaxExpense": 3363000, "minorityInterest": -4631000, "netIncomeFromContinuingOps": 288404000, "discontinuedOperations": {}, "extraordinaryItems": {}, "effectOfAccountingCharges": {}, "otherItems": {}, "netIncome": 288493000, "netIncomeApplicableToCommonShares": 288493000}, {"maxAge": 1, "endDate": "2018-03-31", "totalRevenue": 6101113000, "costOfRevenue": 3738446000, "grossProfit": 2362667000, "researchDevelopment": {}, "sellingGeneralAdministrative": 806744000, "nonRecurring": {}, "otherOperatingExpenses": 872626000, "totalOperatingExpenses": 5760980000, "operatingIncome": 340133000, "totalOtherIncomeExpenseNet": -42424000, "ebit": 340133000, "interestExpense": -43573000, "incomeBeforeTax": 297709000, "incomeTaxExpense": 0, "minorityInterest": -4542000, "netIncomeFromContinuingOps": 297709000, "discontinuedOperations": {}, "extraordinaryItems": {}, "effectOfAccountingCharges": {}, "otherItems": {}, "netIncome": 295914000, "netIncomeApplicableToCommonShares": 295914000}, {"maxAge": 1, "endDate": "2017-03-31", "totalRevenue": 5990865000, "costOfRevenue": 3700435000, "grossProfit": 2290430000, "researchDevelopment": {}, "sellingGeneralAdministrative": 738737000, "nonRecurring": {}, "otherOperatingExpenses": 901774000, "totalOperatingExpenses": 5679931000, "operatingIncome": 310934000, "totalOtherIncomeExpenseNet": -74632000, "ebit": 310934000, "interestExpense": -75610000, "incomeBeforeTax": 236302000, "incomeTaxExpense": 0, "minorityInterest": -6337000, "netIncomeFromContinuingOps": 236302000, "discontinuedOperations": {}, "extraordinaryItems": {}, "effectOfAccountingCharges": {}, "otherItems": {}, "netIncome": 236347000, "netIncomeApplicableToCommonShares": 236347000}], "maxAge": 86400}, "fundOwnership": {"ownershipList": [{"maxAge": 1, "reportDate": "2021-01-31", "organization": "DFA Emerging Markets Core Equity Portfolio", "pctHeld": 0.0039, "position": 1774971, "value": 49077948}, {"maxAge": 1, "reportDate": "2021-01-31", "organization": "DFA Emerging Markets Small Cap Series", "pctHeld": 0.0023, "position": 1047117, "value": 28952785}, {"maxAge": 1, "reportDate": "2021-01-31", "organization": "DFA T.A. World Ex U.S. Core Equity Portfolio", "pctHeld": 0.0001, "position": 39894, "value": 1103069}, {"maxAge": 1, "reportDate": "2021-01-31", "organization": "John Hancock Fds II-Emerging Markets Fund", "pctHeld": 0.0001, "position": 26894, "value": 743619}, {"maxAge": 1, "reportDate": "2021-01-31", "organization": "DFA Investment Dimensions-World Ex U.S. Core Equity Port", "pctHeld": 0.0001, "position": 25505, "value": 705213}], "maxAge": 1}, "summaryDetail": {"maxAge": 1, "priceHint": 2, "previousClose": 60.2, "open": 58.45, "dayLow": 57.25, "dayHigh": 66.0, "regularMarketPreviousClose": 60.2, "regularMarketOpen": 58.45, "regularMarketDayLow": 57.25, "regularMarketDayHigh": 66.0, "exDividendDate": "2002-09-18 05:30:00", "payoutRatio": 0.0, "beta": 1.21608, "trailingPE": 36.152573, "volume": 35193297, "regularMarketVolume": 35193297, "averageVolume": 4218560, "averageVolume10days": 2568349, "averageDailyVolume10Day": 2568349, "bid": 0.0, "ask": 0.0, "bidSize": 0, "askSize": 0, "marketCap": 29467473920, "fiftyTwoWeekLow": 11.35, "fiftyTwoWeekHigh": 66.0, "priceToSalesTrailing12Months": 2.646254, "fiftyDayAverage": 31.60147, "twoHundredDayAverage": 29.098936, "currency": "INR", "fromCurrency": null, "lastMarket": null, "algorithm": null, "tradeable": false}, "insiderHolders": {"holders": [{"maxAge": 1, "name": "Concept Credits & Consultants Pvt Ltd", "relation": "Promoter", "url": "", "transactionDescription": "Other", "latestTransDate": "2021-03-25", "positionDirect": 3500000, "positionDirectDate": "2021-03-25"}, {"maxAge": 1, "name": "Epitome Holdings Pvt Ltd", "relation": "Promoter", "url": "", "transactionDescription": "Other", "latestTransDate": "2021-03-25", "positionDirect": 3500000, "positionDirectDate": "2021-03-25"}, {"maxAge": 1, "name": "Liquid Holdings Pvt Ltd", "relation": "Promoter", "url": "", "transactionDescription": "Other", "latestTransDate": "2021-03-26", "positionDirect": 35000000, "positionDirectDate": "2021-03-26"}, {"maxAge": 1, "name": "Mid Med Financial Services & Investment Pvt Ltd", "relation": "Promoter", "url": "", "transactionDescription": "Other", "latestTransDate": "2021-03-25", "positionDirect": 3500000, "positionDirectDate": "2021-03-25"}, {"maxAge": 1, "name": "React Investment & Financial Services Ltd", "relation": "Promoter", "url": "", "transactionDescription": "Other", "latestTransDate": "2021-03-25", "positionDirect": 3500000, "positionDirectDate": "2021-03-25"}, {"maxAge": 1, "name": "Scope Credits & Financial Services Pvt Ltd", "relation": "Promoter", "url": "", "transactionDescription": "Other", "latestTransDate": "2021-03-25", "positionDirect": 3500000, "positionDirectDate": "2021-03-25"}, {"maxAge": 1, "name": "Seed Securities & Services Pvt Ltd", "relation": "Promoter", "url": "", "transactionDescription": "Other", "latestTransDate": "2021-03-25", "positionDirect": 3500000, "positionDirectDate": "2021-03-25"}, {"maxAge": 1, "name": "Solace Investment & Financial Services Ltd", "relation": "Promoter", "url": "", "transactionDescription": "Other", "latestTransDate": "2021-03-25", "positionDirect": 3500000, "positionDirectDate": "2021-03-25"}, {"maxAge": 1, "name": "Solitary Investment & Financial Services Ltd", "relation": "Promoter", "url": "", "transactionDescription": "Other", "latestTransDate": "2021-03-25", "positionDirect": 3500000, "positionDirectDate": "2021-03-25"}, {"maxAge": 1, "name": "Square Investments & Financial Services Ltd", "relation": "Promoter", "url": "", "transactionDescription": "Other", "latestTransDate": "2021-03-25", "positionDirect": 3500000, "positionDirectDate": "2021-03-25"}], "maxAge": 1}, "calendarEvents": {"maxAge": 1, "earnings": {"earningsDate": []}, "exDividendDate": "2002-09-18 05:30:00"}, "upgradeDowngradeHistory": {"history": [], "maxAge": 86400}, "price": {"maxAge": 1, "regularMarketChangePercent": 0.086378746, "regularMarketChange": 5.200001, "regularMarketTime": "2021-04-30 15:30:00", "priceHint": 2, "regularMarketPrice": 65.4, "regularMarketDayHigh": 66.0, "regularMarketDayLow": 57.25, "regularMarketVolume": 35193297, "averageDailyVolume10Day": 2568349, "averageDailyVolume3Month": 4218560, "regularMarketPreviousClose": 60.2, "regularMarketSource": "FREE_REALTIME", "regularMarketOpen": 58.45, "exchange": "NSI", "exchangeName": "NSE", "exchangeDataDelayedBy": 15, "marketState": "CLOSED", "quoteType": "EQUITY", "symbol": "MOREPENLAB.NS", "underlyingSymbol": null, "shortName": "MOREPEN LABORATORI", "longName": "Morepen Laboratories Limited", "currency": "INR", "quoteSourceName": "Delayed Quote", "currencySymbol": "\u20b9", "fromCurrency": null, "lastMarket": null, "marketCap": 29467473920}, "balanceSheetHistory": {"balanceSheetStatements": [{"maxAge": 1, "endDate": "2020-03-31", "cash": 136391000, "netReceivables": 1426079000, "inventory": 1384757000, "otherCurrentAssets": 760531000, "totalCurrentAssets": 3721765000, "longTermInvestments": 10850000, "propertyPlantEquipment": 1340894000, "goodWill": 744742000, "intangibleAssets": 78072000, "otherAssets": 738316000, "totalAssets": 6634639000, "accountsPayable": 1723043000, "shortLongTermDebt": 1208360000, "otherCurrentLiab": 314120000, "longTermDebt": 9246000, "otherLiab": 274980000, "minorityInterest": -4634000, "totalCurrentLiabilities": 3514436000, "totalLiab": 3798662000, "commonStock": 899586000, "retainedEarnings": -424317000, "treasuryStock": 691291000, "capitalSurplus": 1674051000, "otherStockholderEquity": 691291000, "totalStockholderEquity": 2840611000, "netTangibleAssets": 2017797000}, {"maxAge": 1, "endDate": "2019-03-31", "cash": 95951000, "shortTermInvestments": 225000, "netReceivables": 1410874000, "inventory": 942016000, "otherCurrentAssets": 536587000, "totalCurrentAssets": 2994684000, "propertyPlantEquipment": 1473671000, "goodWill": 744798000, "intangibleAssets": 143625000, "otherAssets": 794996000, "totalAssets": 6151774000, "accountsPayable": 1681502000, "shortLongTermDebt": 1207770000, "otherCurrentLiab": 261690000, "longTermDebt": 18292000, "otherLiab": 215486000, "minorityInterest": -4631000, "totalCurrentLiabilities": 3391699000, "totalLiab": 3625477000, "commonStock": 899586000, "retainedEarnings": -760109000, "treasuryStock": 717400000, "capitalSurplus": 1674051000, "otherStockholderEquity": 717400000, "totalStockholderEquity": 2530928000, "netTangibleAssets": 1642505000}, {"maxAge": 1, "endDate": "2018-03-31", "cash": 57161000, "shortTermInvestments": 2178000, "netReceivables": 1271460000, "inventory": 768869000, "otherCurrentAssets": 326918000, "totalCurrentAssets": 2434400000, "propertyPlantEquipment": 1723967000, "goodWill": 744854000, "intangibleAssets": 174107000, "otherAssets": 780736000, "totalAssets": 5858064000, "accountsPayable": 1748844000, "shortLongTermDebt": 1312690000, "otherCurrentLiab": 225996000, "longTermDebt": 29473000, "otherLiab": 172503000, "minorityInterest": -4542000, "totalCurrentLiabilities": 3401214000, "totalLiab": 3603190000, "commonStock": 899586000, "retainedEarnings": -1048602000, "treasuryStock": 734381000, "capitalSurplus": 1674051000, "otherStockholderEquity": 734381000, "totalStockholderEquity": 2259416000, "netTangibleAssets": 1340455000}, {"maxAge": 1, "endDate": "2017-03-31", "cash": 70047000, "netReceivables": 1019064000, "inventory": 646649000, "otherCurrentAssets": 179025000, "totalCurrentAssets": 1919455000, "longTermInvestments": 5864000, "propertyPlantEquipment": 1934142000, "goodWill": 779608000, "intangibleAssets": 4283000, "otherAssets": 739542000, "totalAssets": 5382894000, "accountsPayable": 1248794000, "shortLongTermDebt": 1672622000, "otherCurrentLiab": 136170000, "longTermDebt": 13834000, "otherLiab": 164169000, "minorityInterest": -6337000, "totalCurrentLiabilities": 3248612000, "totalLiab": 3426615000, "commonStock": 899586000, "retainedEarnings": -1344515000, "treasuryStock": 733494000, "capitalSurplus": 1674051000, "otherStockholderEquity": 733494000, "totalStockholderEquity": 1962616000, "netTangibleAssets": 1178725000}], "maxAge": 86400}, "earningsTrend": {"trend": [{"maxAge": 1, "period": "0q", "endDate": "2018-06-30", "growth": {}, "earningsEstimate": {"avg": 0.0, "low": 0.0, "high": 0.0, "yearAgoEps": {}, "numberOfAnalysts": 0, "growth": {}}, "revenueEstimate": {"avg": 0, "low": 0, "high": 0, "numberOfAnalysts": 0, "yearAgoRevenue": {}, "growth": {}}, "epsTrend": {"current": 0.0, "7daysAgo": 0.0, "30daysAgo": 0.0, "60daysAgo": 0.0, "90daysAgo": 0.0}, "epsRevisions": {"upLast7days": 0, "upLast30days": 0, "downLast30days": 0, "downLast90days": {}}}, {"maxAge": 1, "period": "+1q", "endDate": "2018-09-30", "growth": {}, "earningsEstimate": {"avg": 0.0, "low": 0.0, "high": 0.0, "yearAgoEps": {}, "numberOfAnalysts": 0, "growth": {}}, "revenueEstimate": {"avg": 0, "low": 0, "high": 0, "numberOfAnalysts": 0, "yearAgoRevenue": {}, "growth": {}}, "epsTrend": {"current": 0.0, "7daysAgo": 0.0, "30daysAgo": 0.0, "60daysAgo": 0.0, "90daysAgo": 0.0}, "epsRevisions": {"upLast7days": 0, "upLast30days": 0, "downLast30days": 0, "downLast90days": {}}}, {"maxAge": 1, "period": "0y", "endDate": "2019-03-31", "growth": 0.515, "earningsEstimate": {"avg": 1.0, "low": 1.0, "high": 1.0, "yearAgoEps": 0.66, "numberOfAnalysts": 1, "growth": 0.515}, "revenueEstimate": {"avg": 6665370000, "low": 6665370000, "high": 6665370000, "numberOfAnalysts": 1, "yearAgoRevenue": 6065090000, "growth": 0.099}, "epsTrend": {"current": 1.0, "7daysAgo": 1.0, "30daysAgo": 1.0, "60daysAgo": 1.0, "90daysAgo": 1.0}, "epsRevisions": {"upLast7days": 0, "upLast30days": 0, "downLast30days": 0, "downLast90days": {}}}, {"maxAge": 1, "period": "+1y", "endDate": "2020-03-31", "growth": {}, "earningsEstimate": {"avg": 0.0, "low": 0.0, "high": 0.0, "yearAgoEps": 1.0, "numberOfAnalysts": 0, "growth": {}}, "revenueEstimate": {"avg": 0, "low": 0, "high": 0, "numberOfAnalysts": 0, "yearAgoRevenue": 6665370000, "growth": {}}, "epsTrend": {"current": 0.0, "7daysAgo": 0.0, "30daysAgo": 0.0, "60daysAgo": 0.0, "90daysAgo": 0.0}, "epsRevisions": {"upLast7days": 0, "upLast30days": 0, "downLast30days": 0, "downLast90days": {}}}, {"maxAge": 1, "period": "+5y", "endDate": null, "growth": {}, "earningsEstimate": {"avg": {}, "low": {}, "high": {}, "yearAgoEps": {}, "numberOfAnalysts": {}, "growth": {}}, "revenueEstimate": {"avg": {}, "low": {}, "high": {}, "numberOfAnalysts": {}, "yearAgoRevenue": {}, "growth": {}}, "epsTrend": {"current": {}, "7daysAgo": {}, "30daysAgo": {}, "60daysAgo": {}, "90daysAgo": {}}, "epsRevisions": {"upLast7days": {}, "upLast30days": {}, "downLast30days": {}, "downLast90days": {}}}, {"maxAge": 1, "period": "-5y", "endDate": null, "growth": -0.028380001, "earningsEstimate": {"avg": {}, "low": {}, "high": {}, "yearAgoEps": {}, "numberOfAnalysts": {}, "growth": {}}, "revenueEstimate": {"avg": {}, "low": {}, "high": {}, "numberOfAnalysts": {}, "yearAgoRevenue": {}, "growth": {}}, "epsTrend": {"current": {}, "7daysAgo": {}, "30daysAgo": {}, "60daysAgo": {}, "90daysAgo": {}}, "epsRevisions": {"upLast7days": {}, "upLast30days": {}, "downLast30days": {}, "downLast90days": {}}}], "maxAge": 1}, "institutionOwnership": {"ownershipList": [], "maxAge": 1}, "majorHoldersBreakdown": {"maxAge": 1, "insidersPercentHeld": 0.40556, "institutionsPercentHeld": 0.02365, "institutionsFloatPercentHeld": 0.03979, "institutionsCount": 4}, "balanceSheetHistoryQuarterly": {"balanceSheetStatements": [{"maxAge": 1, "endDate": "2020-12-31", "totalStockholderEquity": 3310091000, "netTangibleAssets": 2511355000}, {"maxAge": 1, "endDate": "2020-09-30", "cash": 680714000, "netReceivables": 2113884000, "inventory": 1300435000, "otherCurrentAssets": 866886000, "totalCurrentAssets": 4961919000, "longTermInvestments": 10850000, "propertyPlantEquipment": 1265274000, "goodWill": 745494000, "intangibleAssets": 53242000, "otherAssets": 830034000, "totalAssets": 7866813000, "accountsPayable": 2060814000, "shortLongTermDebt": 1788299000, "otherCurrentLiab": 188093000, "longTermDebt": 6947000, "otherLiab": 364894000, "minorityInterest": -4638000, "totalCurrentLiabilities": 4189519000, "totalLiab": 4561360000, "commonStock": 899586000, "treasuryStock": 2410505000, "otherStockholderEquity": 2410505000, "totalStockholderEquity": 3310091000, "netTangibleAssets": 2511355000}, {"maxAge": 1, "endDate": "2020-06-30", "totalStockholderEquity": 2840611000, "netTangibleAssets": 2017797000}, {"maxAge": 1, "endDate": "2020-03-31", "cash": 136391000, "netReceivables": 1426079000, "inventory": 1384757000, "otherCurrentAssets": 760531000, "totalCurrentAssets": 3721765000, "longTermInvestments": 10850000, "propertyPlantEquipment": 1340894000, "goodWill": 744742000, "intangibleAssets": 78072000, "otherAssets": 738316000, "totalAssets": 6634639000, "accountsPayable": 1723043000, "shortLongTermDebt": 1208360000, "otherCurrentLiab": 314120000, "longTermDebt": 9246000, "otherLiab": 274980000, "minorityInterest": -4634000, "totalCurrentLiabilities": 3514436000, "totalLiab": 3798662000, "commonStock": 899586000, "retainedEarnings": -424317000, "treasuryStock": 691291000, "capitalSurplus": 1674051000, "otherStockholderEquity": 691291000, "totalStockholderEquity": 2840611000, "netTangibleAssets": 2017797000}], "maxAge": 86400}, "earningsHistory": {"history": [{"maxAge": 1, "epsActual": {}, "epsEstimate": {}, "epsDifference": {}, "surprisePercent": {}, "quarter": {}, "period": "-4q"}, {"maxAge": 1, "epsActual": {}, "epsEstimate": {}, "epsDifference": {}, "surprisePercent": {}, "quarter": {}, "period": "-3q"}, {"maxAge": 1, "epsActual": {}, "epsEstimate": {}, "epsDifference": {}, "surprisePercent": {}, "quarter": {}, "period": "-2q"}, {"maxAge": 1, "epsActual": 0.09, "epsEstimate": 0.24, "epsDifference": -0.15, "surprisePercent": -0.625, "quarter": "2018-03-31", "period": "-1q"}], "maxAge": 86400}, "summaryProfile": {"address1": "409, Antriksh Bhawan", "address2": "4th Floor 22 Kasturba Gandhi Marg", "city": "New Delhi", "zip": "110001", "country": "India", "phone": "91 11 2332 4443", "fax": "91 11 2372 2422", "website": "http://www.morepen.com", "industry": "Drug Manufacturers\u2014Specialty & Generic", "sector": "Healthcare", "longBusinessSummary": "Morepen Laboratories Limited develops, manufactures, markets, and sells active pharmaceutical ingredients (APIs), formulations, and home health products in India, the United States, and internationally. The company offers APIs for anti-histaminic, anti-asthmatic, anti-hypercholesterolemic, anti-diabetic, and anti-hypertensive; and formulations for antibiotics, gastro-intestinal, CNS, ortho and pain, calcium metabolism, respiratory and anti-allergic, and nutraceuticals and vitamins, as well as diabetes and related complications, and cardiology therapy. It also provides blood glucose and pressure monitors, nebulizers, vaporizers, weighing scales, thermometers, pulse oximeters, massagers and heat therapy, hot water bottles, stethoscopes, sphygmomanometers, ultrasonic nebulizers, fetal Doppler, anti-decubitus air mattress, adult diapers, instant dry under mats, and breathable non-woven tapes. In addition, it provides Burnol for burns and cuts; Forever Young that enhances sexual life, stamina, energy, power, and strength; Lemolate Gold for cold relief; Lemolate- Cough Syrup; Fibre-X Sat-Isabgol, a natural laxative product; Fever-X, a fever reducer; Option72, an emergency contraceptive; Dabgel, an antacid; MoreVital+, a dietary supplement; QuickChek, a pregnancy card; Exygra, a sildenafil citrate; facewashes; Itch Beat for itching; and 2 Kool hair oil. Further, the company offers Active Smile, which is Mouthwash; Dr. Morepen Daily, a health supplement; MTP Kit, a contraception pill; VCalci, a calcium tab; Clean & Pure, an intimate hygiene wash; Liv Healthy, a liver tonic; Head-X for headache; Dr. Morepen Aid, an adhesive first aid dressing; Dr. Morepen Buds, an ear cleaning cotton bud; Cold-EX for cold and cough; Paachan-Arishta, an ayurvedic digestive tonic; and adult nasal spray. Additionally, the company is involved in product contract manufacturing and brand sharing businesses. Morepen Laboratories Limited was founded in 1984 and is based in New Delhi, India.", "fullTimeEmployees": 1555, "companyOfficers": [], "maxAge": 86400}, "netSharePurchaseActivity": {"maxAge": 1, "period": "6m", "buyInfoCount": 0, "buyInfoShares": 0, "sellInfoCount": 0, "netInfoCount": 0, "netInfoShares": 0, "netPercentInsiderShares": 0.0, "totalInsiderShares": 182070416}, "insiderTransactions": {"transactions": [{"maxAge": 1, "shares": 35000000, "value": 12050500, "filerUrl": "", "transactionText": "Other at price 0.34 per share.", "filerName": "Liquid Holdings Pvt Ltd", "filerRelation": "Promoter", "moneyText": "", "startDate": "2021-03-26", "ownership": "D"}, {"maxAge": 1, "shares": 3500000, "value": 1204000, "filerUrl": "", "transactionText": "Other at price 0.34 per share.", "filerName": "Mid Med Financial Services & Investment Pvt Ltd", "filerRelation": "Promoter", "moneyText": "", "startDate": "2021-03-25", "ownership": "D"}, {"maxAge": 1, "shares": 3500000, "value": 1204000, "filerUrl": "", "transactionText": "Other at price 0.34 per share.", "filerName": "React Investment & Financial Services Ltd", "filerRelation": "Promoter", "moneyText": "", "startDate": "2021-03-25", "ownership": "D"}, {"maxAge": 1, "shares": 3500000, "value": 1204000, "filerUrl": "", "transactionText": "Other at price 0.34 per share.", "filerName": "Scope Credits & Financial Services Pvt Ltd", "filerRelation": "Promoter", "moneyText": "", "startDate": "2021-03-25", "ownership": "D"}, {"maxAge": 1, "shares": 3500000, "value": 1204000, "filerUrl": "", "transactionText": "Other at price 0.34 per share.", "filerName": "Seed Securities & Services Pvt Ltd", "filerRelation": "Promoter", "moneyText": "", "startDate": "2021-03-25", "ownership": "D"}, {"maxAge": 1, "shares": 3500000, "value": 1204000, "filerUrl": "", "transactionText": "Other at price 0.34 per share.", "filerName": "Epitome Holdings Pvt Ltd", "filerRelation": "Promoter", "moneyText": "", "startDate": "2021-03-25", "ownership": "D"}, {"maxAge": 1, "shares": 3500000, "value": 1204000, "filerUrl": "", "transactionText": "Other at price 0.34 per share.", "filerName": "Solace Investment & Financial Services Ltd", "filerRelation": "Promoter", "moneyText": "", "startDate": "2021-03-25", "ownership": "D"}, {"maxAge": 1, "shares": 3500000, "value": 1204000, "filerUrl": "", "transactionText": "Other at price 0.34 per share.", "filerName": "Solitary Investment & Financial Services Ltd", "filerRelation": "Promoter", "moneyText": "", "startDate": "2021-03-25", "ownership": "D"}, {"maxAge": 1, "shares": 3500000, "value": 1204000, "filerUrl": "", "transactionText": "Other at price 0.34 per share.", "filerName": "Concept Credits & Consultants Pvt Ltd", "filerRelation": "Promoter", "moneyText": "", "startDate": "2021-03-25", "ownership": "D"}, {"maxAge": 1, "shares": 3500000, "value": 1204000, "filerUrl": "", "transactionText": "Other at price 0.34 per share.", "filerName": "Square Investments & Financial Services Ltd", "filerRelation": "Promoter", "moneyText": "", "startDate": "2021-03-25", "ownership": "D"}, {"maxAge": 1, "shares": 3500000, "value": 1204000, "filerUrl": "", "transactionText": "Other at price 0.34 per share.", "filerName": "Brook Investments & Financial Services Pvt. Ltd.", "filerRelation": "Promoter", "moneyText": "", "startDate": "2021-03-25", "ownership": "D"}, {"maxAge": 1, "shares": 9632500, "filerUrl": "", "transactionText": "", "filerName": "GL India Mauritius III Ltd.", "filerRelation": "Hedge Fund Company", "moneyText": "", "startDate": "2014-10-14", "ownership": "D"}], "maxAge": 1}, "sectorTrend": {"maxAge": 1, "symbol": null, "estimates": []}, "incomeStatementHistoryQuarterly": {"incomeStatementHistory": [{"maxAge": 1, "endDate": "2020-12-31", "totalRevenue": 3102633000, "costOfRevenue": 2092532000, "grossProfit": 1010101000, "researchDevelopment": {}, "sellingGeneralAdministrative": 489246000, "nonRecurring": {}, "otherOperatingExpenses": 187281000, "totalOperatingExpenses": 2844697000, "operatingIncome": 257936000, "totalOtherIncomeExpenseNet": -19912000, "ebit": 257936000, "interestExpense": -19912000, "incomeBeforeTax": 238024000, "incomeTaxExpense": 90000, "minorityInterest": {}, "netIncomeFromContinuingOps": 237934000, "discontinuedOperations": {}, "extraordinaryItems": {}, "effectOfAccountingCharges": {}, "otherItems": {}, "netIncome": 237936000, "netIncomeApplicableToCommonShares": 237936000}, {"maxAge": 1, "endDate": "2020-09-30", "totalRevenue": 3401285000, "costOfRevenue": 2301693000, "grossProfit": 1099592000, "researchDevelopment": {}, "sellingGeneralAdministrative": 484912000, "nonRecurring": {}, "otherOperatingExpenses": 131447000, "totalOperatingExpenses": 2994840000, "operatingIncome": 406445000, "totalOtherIncomeExpenseNet": -131247000, "ebit": 406445000, "interestExpense": -2896000, "incomeBeforeTax": 275198000, "incomeTaxExpense": 3508000, "minorityInterest": -4638000, "netIncomeFromContinuingOps": 271690000, "discontinuedOperations": {}, "extraordinaryItems": {}, "effectOfAccountingCharges": {}, "otherItems": {}, "netIncome": 271692000, "netIncomeApplicableToCommonShares": 271692000}, {"maxAge": 1, "endDate": "2020-06-30", "totalRevenue": 2589712000, "costOfRevenue": 1751929000, "grossProfit": 837783000, "researchDevelopment": {}, "sellingGeneralAdministrative": 425822000, "nonRecurring": {}, "otherOperatingExpenses": 132958000, "totalOperatingExpenses": 2391285000, "operatingIncome": 198427000, "totalOtherIncomeExpenseNet": -2877000, "ebit": 198427000, "interestExpense": -2877000, "incomeBeforeTax": 195550000, "incomeTaxExpense": 1879000, "minorityInterest": -4638000, "netIncomeFromContinuingOps": 193671000, "discontinuedOperations": {}, "extraordinaryItems": {}, "effectOfAccountingCharges": {}, "otherItems": {}, "netIncome": 193673000, "netIncomeApplicableToCommonShares": 193673000}, {"maxAge": 1, "endDate": "2020-03-31", "totalRevenue": 2041912000, "costOfRevenue": 1224046000, "grossProfit": 817866000, "researchDevelopment": {}, "sellingGeneralAdministrative": -54702000, "nonRecurring": {}, "otherOperatingExpenses": 708420000, "totalOperatingExpenses": 1963969000, "operatingIncome": 77943000, "totalOtherIncomeExpenseNet": 35684000, "ebit": 77943000, "interestExpense": -6222000, "incomeBeforeTax": 113627000, "incomeTaxExpense": 3416000, "minorityInterest": -4634000, "netIncomeFromContinuingOps": 110211000, "discontinuedOperations": {}, "extraordinaryItems": {}, "effectOfAccountingCharges": {}, "otherItems": {}, "netIncome": 110209000, "netIncomeApplicableToCommonShares": 110209000}], "maxAge": 86400}, "cashflowStatementHistoryQuarterly": {"cashflowStatements": [{"maxAge": 1, "endDate": "2020-12-31", "netIncome": 237936000, "changeToLiabilities": 0}, {"maxAge": 1, "endDate": "2020-09-30", "netIncome": 271692000, "changeToLiabilities": 0}, {"maxAge": 1, "endDate": "2020-06-30", "netIncome": 193673000, "changeToLiabilities": 0}, {"maxAge": 1, "endDate": "2020-03-31", "netIncome": 110209000, "changeToLiabilities": 0}], "maxAge": 86400}, "earnings": {"maxAge": 86400, "earningsChart": {"quarterly": [{"date": "1Q2018", "actual": 0.09, "estimate": 0.24}], "currentQuarterEstimateDate": "2Q", "currentQuarterEstimateYear": 2018, "earningsDate": []}, "financialsChart": {"yearly": [{"date": 2017, "revenue": 5990865000, "earnings": 236347000}, {"date": 2018, "revenue": 6101113000, "earnings": 295914000}, {"date": 2019, "revenue": 7713879000, "earnings": 288493000}, {"date": 2020, "revenue": 8583542000, "earnings": 335792000}], "quarterly": [{"date": "1Q2020", "revenue": 2041912000, "earnings": 110209000}, {"date": "2Q2020", "revenue": 2589712000, "earnings": 193673000}, {"date": "3Q2020", "revenue": 3401285000, "earnings": 271692000}, {"date": "4Q2020", "revenue": 3102633000, "earnings": 237936000}]}, "financialCurrency": "INR"}, "financialData": {"maxAge": 86400, "currentPrice": 65.4, "recommendationMean": 2.0, "recommendationKey": "buy", "totalCash": 680713984, "totalCashPerShare": 1.516, "ebitda": 1173748736, "totalDebt": 1947559040, "totalRevenue": 11135542272, "debtToEquity": 58.919, "revenuePerShare": 24.769, "grossProfits": 2949202000, "earningsGrowth": 1.208, "revenueGrowth": 0.322, "grossMargins": 0.33813998, "ebitdaMargins": 0.105399996, "operatingMargins": 0.08494, "profitMargins": 0.073060006, "financialCurrency": "INR"}}}