{"MORGANITE.BO": {"recommendationTrend": {"trend": [{"period": "0m", "strongBuy": 0, "buy": 0, "hold": 0, "sell": 0, "strongSell": 0}, {"period": "-1m", "strongBuy": 0, "buy": 0, "hold": 0, "sell": 0, "strongSell": 0}, {"period": "-2m", "strongBuy": 0, "buy": 0, "hold": 0, "sell": 0, "strongSell": 0}, {"period": "-3m", "strongBuy": 0, "buy": 0, "hold": 0, "sell": 0, "strongSell": 0}], "maxAge": 86400}, "cashflowStatementHistory": {"cashflowStatements": [{"maxAge": 1, "endDate": "2020-03-31", "netIncome": 131173000, "depreciation": 52947000, "changeToNetincome": 3026000, "changeToAccountReceivables": -62302000, "changeToLiabilities": 22661000, "changeToInventory": -10812000, "changeToOperatingActivities": -27917000, "totalCashFromOperatingActivities": 109272000, "capitalExpenditures": -241201000, "investments": 231600000, "otherCashflowsFromInvestingActivities": 13371000, "totalCashflowsFromInvestingActivities": 4403000, "dividendsPaid": -33600000, "netBorrowings": -576000, "otherCashflowsFromFinancingActivities": -6907000, "totalCashFromFinancingActivities": -41083000, "effectOfExchangeRate": 765000, "changeInCash": 73357000}, {"maxAge": 1, "endDate": "2019-03-31", "netIncome": 153676000, "depreciation": 42847000, "changeToNetincome": -23323000, "changeToAccountReceivables": -3589000, "changeToLiabilities": 35456000, "changeToInventory": -25187000, "changeToOperatingActivities": 25013000, "totalCashFromOperatingActivities": 205188000, "capitalExpenditures": -105759000, "investments": -192137000, "otherCashflowsFromInvestingActivities": 8215000, "totalCashflowsFromInvestingActivities": -289042000, "dividendsPaid": -66639000, "netBorrowings": -576000, "otherCashflowsFromFinancingActivities": -6907000, "totalCashFromFinancingActivities": -66639000, "effectOfExchangeRate": -725000, "changeInCash": -151218000}, {"maxAge": 1, "endDate": "2018-03-31", "netIncome": 138844000, "depreciation": 41437000, "changeToNetincome": -28726000, "changeToAccountReceivables": 15731000, "changeToLiabilities": 45099000, "changeToInventory": -20325000, "changeToOperatingActivities": -20931000, "totalCashFromOperatingActivities": 171957000, "capitalExpenditures": -50028000, "investments": 94628000, "otherCashflowsFromInvestingActivities": 14610000, "totalCashflowsFromInvestingActivities": -104848000, "dividendsPaid": -21900000, "netBorrowings": -576000, "otherCashflowsFromFinancingActivities": -4560000, "totalCashFromFinancingActivities": -26460000, "effectOfExchangeRate": 658000, "changeInCash": 41307000}, {"maxAge": 1, "endDate": "2017-03-31", "netIncome": 165951000, "depreciation": 42805000, "changeToNetincome": -16450000, "changeToAccountReceivables": -7093000, "changeToLiabilities": 5663000, "changeToInventory": 9419000, "changeToOperatingActivities": 46590000, "totalCashFromOperatingActivities": 250713000, "capitalExpenditures": -75733000, "investments": -11981000, "otherCashflowsFromInvestingActivities": 10818000, "totalCashflowsFromInvestingActivities": -75845000, "dividendsPaid": -10930000, "netBorrowings": -576000, "otherCashflowsFromFinancingActivities": -2280000, "totalCashFromFinancingActivities": -13210000, "effectOfExchangeRate": -2390000, "changeInCash": 159268000}], "maxAge": 86400}, "institutionOwnership": {"maxAge": 1, "ownershipList": []}, "balanceSheetHistoryQuarterly": {"balanceSheetStatements": [{"maxAge": 1, "endDate": "2020-06-30", "totalStockholderEquity": 1078241000, "netTangibleAssets": 1062390000}, {"maxAge": 1, "endDate": "2020-03-31", "cash": 282160000, "shortTermInvestments": 33000, "netReceivables": 247995000, "inventory": 215577000, "otherCurrentAssets": 67151000, "totalCurrentAssets": 818844000, "longTermInvestments": 5450000, "propertyPlantEquipment": 493859000, "goodWill": 13781000, "intangibleAssets": 2070000, "otherAssets": 60461000, "deferredLongTermAssetCharges": 7075000, "totalAssets": 1394465000, "accountsPayable": 198525000, "otherCurrentLiab": 77255000, "totalCurrentLiabilities": 316224000, "totalLiab": 316224000, "commonStock": 28000000, "retainedEarnings": 1016869000, "treasuryStock": -1628000, "capitalSurplus": 35000000, "otherStockholderEquity": -1628000, "totalStockholderEquity": 1078241000, "netTangibleAssets": 1062390000}, {"maxAge": 1, "endDate": "2019-12-31", "totalStockholderEquity": 1019194000, "netTangibleAssets": 1003543000}, {"maxAge": 1, "endDate": "2019-09-30", "cash": 383639000, "netReceivables": 154575000, "inventory": 247292000, "otherCurrentAssets": 77734000, "totalCurrentAssets": 863240000, "longTermInvestments": 5177000, "propertyPlantEquipment": 359783000, "goodWill": 13781000, "intangibleAssets": 1870000, "otherAssets": 55350000, "deferredLongTermAssetCharges": 2227000, "totalAssets": 1299201000, "accountsPayable": 196135000, "otherCurrentLiab": 82115000, "otherLiab": 1757000, "totalCurrentLiabilities": 278250000, "totalLiab": 280007000, "commonStock": 28000000, "treasuryStock": 991194000, "otherStockholderEquity": 991194000, "totalStockholderEquity": 1019194000, "netTangibleAssets": 1003543000}], "maxAge": 86400}, "earningsHistory": {"history": [{"maxAge": 1, "epsActual": {}, "epsEstimate": {}, "epsDifference": {}, "surprisePercent": {}, "quarter": {}, "period": "-4q"}, {"maxAge": 1, "epsActual": {}, "epsEstimate": {}, "epsDifference": {}, "surprisePercent": {}, "quarter": {}, "period": "-3q"}, {"maxAge": 1, "epsActual": {}, "epsEstimate": {}, "epsDifference": {}, "surprisePercent": {}, "quarter": {}, "period": "-2q"}, {"maxAge": 1, "epsActual": {}, "epsEstimate": {}, "epsDifference": {}, "surprisePercent": {}, "quarter": {}, "period": "-1q"}], "maxAge": 86400}, "indexTrend": {"maxAge": 1, "symbol": "SP5", "peRatio": 19.7411, "pegRatio": 1.34172, "estimates": [{"period": "0q", "growth": 0.549}, {"period": "+1q", "growth": 0.431}, {"period": "0y", "growth": 0.305}, {"period": "+1y", "growth": 0.109}, {"period": "+5y", "growth": 0.120859005}, {"period": "-5y"}]}, "industryTrend": {"maxAge": 1, "symbol": null, "estimates": []}, "insiderTransactions": {"transactions": [{"maxAge": 1, "shares": 78340, "filerUrl": "", "transactionText": "", "filerName": "Kotak Mahindra Prime, Ltd.", "filerRelation": "Institution- Corporation", "moneyText": "", "startDate": "2011-09-22", "ownership": "D"}], "maxAge": 1}, "quoteType": {"exchange": "BSE", "quoteType": "EQUITY", "symbol": "MORGANITE.BO", "underlyingSymbol": "MORGANITE.BO", "shortName": "MORGANITE CRUCIBLE (INDIA) LTD", "longName": "Morganite Crucible (India) Limited", "firstTradeDateEpochUtc": "2000-01-03 09:15:00", "timeZoneFullName": "Asia/Kolkata", "timeZoneShortName": "IST", "uuid": "a337b280-8951-37ec-af82-cdef6c113ff8", "messageBoardId": null, "gmtOffSetMilliseconds": 19800000, "maxAge": 1}, "incomeStatementHistory": {"incomeStatementHistory": [{"maxAge": 1, "endDate": "2020-03-31", "totalRevenue": 1317098000, "costOfRevenue": 551916000, "grossProfit": 765182000, "researchDevelopment": {}, "sellingGeneralAdministrative": 192601000, "nonRecurring": {}, "otherOperatingExpenses": 308757000, "totalOperatingExpenses": 1107224000, "operatingIncome": 209874000, "totalOtherIncomeExpenseNet": -25764000, "ebit": 209874000, "interestExpense": -74000, "incomeBeforeTax": 184110000, "incomeTaxExpense": 52937000, "minorityInterest": {}, "netIncomeFromContinuingOps": 131173000, "discontinuedOperations": {}, "extraordinaryItems": {}, "effectOfAccountingCharges": {}, "otherItems": {}, "netIncome": 131173000, "netIncomeApplicableToCommonShares": 131173000}, {"maxAge": 1, "endDate": "2019-03-31", "totalRevenue": 1241195000, "costOfRevenue": 502200000, "grossProfit": 738995000, "researchDevelopment": {}, "sellingGeneralAdministrative": 191874000, "nonRecurring": {}, "otherOperatingExpenses": 304896000, "totalOperatingExpenses": 1042279000, "operatingIncome": 198916000, "totalOtherIncomeExpenseNet": 19683000, "ebit": 198916000, "interestExpense": -74000, "incomeBeforeTax": 218599000, "incomeTaxExpense": 64923000, "minorityInterest": {}, "netIncomeFromContinuingOps": 153676000, "discontinuedOperations": {}, "extraordinaryItems": {}, "effectOfAccountingCharges": {}, "otherItems": {}, "netIncome": 153676000, "netIncomeApplicableToCommonShares": 153676000}, {"maxAge": 1, "endDate": "2018-03-31", "totalRevenue": 1073664000, "costOfRevenue": 379041000, "grossProfit": 694623000, "researchDevelopment": {}, "sellingGeneralAdministrative": 177311000, "nonRecurring": {}, "otherOperatingExpenses": 291520000, "totalOperatingExpenses": 890137000, "operatingIncome": 183527000, "totalOtherIncomeExpenseNet": 30718000, "ebit": 183527000, "interestExpense": -74000, "incomeBeforeTax": 214245000, "incomeTaxExpense": 75401000, "minorityInterest": {}, "netIncomeFromContinuingOps": 138844000, "discontinuedOperations": {}, "extraordinaryItems": {}, "effectOfAccountingCharges": {}, "otherItems": {}, "netIncome": 138844000, "netIncomeApplicableToCommonShares": 138844000}, {"maxAge": 1, "endDate": "2017-03-31", "totalRevenue": 1113713000, "costOfRevenue": 402437000, "grossProfit": 711276000, "researchDevelopment": {}, "sellingGeneralAdministrative": 158469000, "nonRecurring": {}, "otherOperatingExpenses": 265687000, "totalOperatingExpenses": 873419000, "operatingIncome": 240294000, "totalOtherIncomeExpenseNet": 22122000, "ebit": 240294000, "interestExpense": -74000, "incomeBeforeTax": 262416000, "incomeTaxExpense": 96465000, "minorityInterest": {}, "netIncomeFromContinuingOps": 165951000, "discontinuedOperations": {}, "extraordinaryItems": {}, "effectOfAccountingCharges": {}, "otherItems": {}, "netIncome": 165951000, "netIncomeApplicableToCommonShares": 165951000}], "maxAge": 86400}, "fundOwnership": {"maxAge": 1, "ownershipList": []}, "summaryDetail": {"maxAge": 1, "priceHint": 2, "previousClose": 826.1, "open": 830.0, "dayLow": 819.0, "dayHigh": 846.8, "regularMarketPreviousClose": 826.1, "regularMarketOpen": 830.0, "regularMarketDayLow": 819.0, "regularMarketDayHigh": 846.8, "trailingPE": 56.663258, "volume": 145, "regularMarketVolume": 145, "averageVolume": 1130, "averageVolume10days": 1207, "averageDailyVolume10Day": 1207, "bid": 825.1, "ask": 839.0, "bidSize": 0, "askSize": 0, "marketCap": 4650240000, "fiftyTwoWeekLow": 590.0, "fiftyTwoWeekHigh": 1164.0, "fiftyDayAverage": 859.27057, "twoHundredDayAverage": 879.6985, "trailingAnnualDividendRate": 16.0, "trailingAnnualDividendYield": 0.019368116, "currency": "INR", "fromCurrency": null, "toCurrency": null, "lastMarket": null, "algorithm": null, "tradeable": false}, "sectorTrend": {"maxAge": 1, "symbol": null, "estimates": []}, "incomeStatementHistoryQuarterly": {"incomeStatementHistory": [{"maxAge": 1, "endDate": "2020-06-30", "totalRevenue": 154777000, "costOfRevenue": 70628000, "grossProfit": 84149000, "researchDevelopment": {}, "sellingGeneralAdministrative": 36589000, "nonRecurring": {}, "otherOperatingExpenses": 46145000, "totalOperatingExpenses": 167500000, "operatingIncome": -12723000, "totalOtherIncomeExpenseNet": 3672000, "ebit": -12723000, "interestExpense": {}, "incomeBeforeTax": -9051000, "incomeTaxExpense": -2331000, "minorityInterest": {}, "netIncomeFromContinuingOps": -6720000, "discontinuedOperations": {}, "extraordinaryItems": {}, "effectOfAccountingCharges": {}, "otherItems": {}, "netIncome": -6720000, "netIncomeApplicableToCommonShares": -6720000}, {"maxAge": 1, "endDate": "2020-03-31", "totalRevenue": 287541000, "costOfRevenue": 156229000, "grossProfit": 131312000, "researchDevelopment": {}, "sellingGeneralAdministrative": 51546000, "nonRecurring": {}, "otherOperatingExpenses": 32842000, "totalOperatingExpenses": 254613000, "operatingIncome": 32928000, "totalOtherIncomeExpenseNet": 32189000, "ebit": 32928000, "interestExpense": -11000, "incomeBeforeTax": 65117000, "incomeTaxExpense": 22521000, "minorityInterest": {}, "netIncomeFromContinuingOps": 42596000, "discontinuedOperations": {}, "extraordinaryItems": {}, "effectOfAccountingCharges": {}, "otherItems": {}, "netIncome": 42596000, "netIncomeApplicableToCommonShares": 42596000}, {"maxAge": 1, "endDate": "2019-12-31", "totalRevenue": 380080000, "costOfRevenue": 139640000, "grossProfit": 240440000, "researchDevelopment": {}, "sellingGeneralAdministrative": 47710000, "nonRecurring": {}, "otherOperatingExpenses": 99760000, "totalOperatingExpenses": 301270000, "operatingIncome": 78810000, "totalOtherIncomeExpenseNet": -57910000, "ebit": 78810000, "interestExpense": -20000, "incomeBeforeTax": 20900000, "incomeTaxExpense": 1470000, "minorityInterest": {}, "netIncomeFromContinuingOps": 19430000, "discontinuedOperations": {}, "extraordinaryItems": {}, "effectOfAccountingCharges": {}, "otherItems": {}, "netIncome": 19430000, "netIncomeApplicableToCommonShares": 19430000}, {"maxAge": 1, "endDate": "2019-09-30", "totalRevenue": 294940000, "costOfRevenue": 113908000, "grossProfit": 181032000, "researchDevelopment": {}, "sellingGeneralAdministrative": 45571000, "nonRecurring": {}, "otherOperatingExpenses": 86371000, "totalOperatingExpenses": 259179000, "operatingIncome": 35761000, "totalOtherIncomeExpenseNet": -20000, "ebit": 35761000, "interestExpense": -20000, "incomeBeforeTax": 35741000, "incomeTaxExpense": 8976000, "minorityInterest": {}, "netIncomeFromContinuingOps": 26765000, "discontinuedOperations": {}, "extraordinaryItems": {}, "effectOfAccountingCharges": {}, "otherItems": {}, "netIncome": 26765000, "netIncomeApplicableToCommonShares": 26765000}], "maxAge": 86400}, "cashflowStatementHistoryQuarterly": {"cashflowStatements": [{"maxAge": 1, "endDate": "2020-06-30", "netIncome": -6720000, "changeToLiabilities": 0}, {"maxAge": 1, "endDate": "2020-03-31", "netIncome": 42596000, "changeToLiabilities": 0}, {"maxAge": 1, "endDate": "2019-12-31", "netIncome": 19430000, "changeToLiabilities": 0}, {"maxAge": 1, "endDate": "2019-09-30", "netIncome": 26765000, "changeToLiabilities": 0}], "maxAge": 86400}, "insiderHolders": {"holders": [{"maxAge": 1, "name": "Kotak Mahindra Prime, Ltd.", "relation": "Institution- Corporation", "url": "", "transactionDescription": "Acquisition", "latestTransDate": "2011-09-22", "positionDirect": 157231, "positionDirectDate": "2011-09-22"}], "maxAge": 1}, "earnings": {"maxAge": 86400, "earningsChart": {"quarterly": [], "earningsDate": []}, "financialsChart": {"yearly": [{"date": 2017, "revenue": 1113713000, "earnings": 165951000}, {"date": 2018, "revenue": 1073664000, "earnings": 138844000}, {"date": 2019, "revenue": 1241195000, "earnings": 153676000}, {"date": 2020, "revenue": 1317098000, "earnings": 131173000}], "quarterly": [{"date": "3Q2019", "revenue": 294940000, "earnings": 26765000}, {"date": "4Q2019", "revenue": 380080000, "earnings": 19430000}, {"date": "1Q2020", "revenue": 287541000, "earnings": 42596000}, {"date": "2Q2020", "revenue": 154777000, "earnings": -6720000}]}, "financialCurrency": "INR"}, "calendarEvents": {"maxAge": 1, "earnings": {"earningsDate": []}}, "price": {"maxAge": 1, "regularMarketChangePercent": 0.00520524, "regularMarketChange": 4.300049, "regularMarketTime": "2021-04-30 15:25:11", "priceHint": 2, "regularMarketPrice": 830.4, "regularMarketDayHigh": 846.8, "regularMarketDayLow": 819.0, "regularMarketVolume": 145, "averageDailyVolume10Day": 1207, "averageDailyVolume3Month": 1130, "regularMarketPreviousClose": 826.1, "regularMarketSource": "FREE_REALTIME", "regularMarketOpen": 830.0, "exchange": "BSE", "exchangeName": "BSE", "exchangeDataDelayedBy": 0, "marketState": "CLOSED", "quoteType": "EQUITY", "symbol": "MORGANITE.BO", "underlyingSymbol": null, "shortName": "MORGANITE CRUCIBLE (INDIA) LTD", "longName": "Morganite Crucible (India) Limited", "currency": "INR", "quoteSourceName": "Delayed Quote", "currencySymbol": "\u20b9", "fromCurrency": null, "toCurrency": null, "lastMarket": null, "marketCap": 4650240000}, "balanceSheetHistory": {"balanceSheetStatements": [{"maxAge": 1, "endDate": "2020-03-31", "cash": 282160000, "shortTermInvestments": 33000, "netReceivables": 247995000, "inventory": 215577000, "otherCurrentAssets": 67151000, "totalCurrentAssets": 818844000, "longTermInvestments": 5450000, "propertyPlantEquipment": 493859000, "goodWill": 13781000, "intangibleAssets": 2070000, "otherAssets": 60461000, "deferredLongTermAssetCharges": 7075000, "totalAssets": 1394465000, "accountsPayable": 198525000, "otherCurrentLiab": 77255000, "totalCurrentLiabilities": 316224000, "totalLiab": 316224000, "commonStock": 28000000, "retainedEarnings": 1016869000, "treasuryStock": -1628000, "capitalSurplus": 35000000, "otherStockholderEquity": -1628000, "totalStockholderEquity": 1078241000, "netTangibleAssets": 1062390000}, {"maxAge": 1, "endDate": "2019-03-31", "cash": 208803000, "shortTermInvestments": 237105000, "netReceivables": 189876000, "inventory": 206290000, "otherCurrentAssets": 24741000, "totalCurrentAssets": 871509000, "longTermInvestments": 877000, "propertyPlantEquipment": 327362000, "goodWill": 13781000, "intangibleAssets": 2106000, "otherAssets": 55900000, "deferredLongTermAssetCharges": 3444000, "totalAssets": 1271535000, "accountsPayable": 209461000, "otherCurrentLiab": 38510000, "otherLiab": 1715000, "totalCurrentLiabilities": 277822000, "totalLiab": 279537000, "commonStock": 28000000, "retainedEarnings": 926203000, "treasuryStock": 2795000, "capitalSurplus": 35000000, "otherStockholderEquity": 2795000, "totalStockholderEquity": 991998000, "netTangibleAssets": 976111000}, {"maxAge": 1, "endDate": "2018-03-31", "cash": 360021000, "shortTermInvestments": 42894000, "netReceivables": 190839000, "inventory": 178396000, "otherCurrentAssets": 39075000, "totalCurrentAssets": 816277000, "longTermInvestments": 3823000, "propertyPlantEquipment": 260587000, "goodWill": 13781000, "intangibleAssets": 201000, "otherAssets": 47009000, "deferredLongTermAssetCharges": 5485000, "totalAssets": 1141678000, "accountsPayable": 175230000, "otherCurrentLiab": 35536000, "totalCurrentLiabilities": 232444000, "totalLiab": 232444000, "commonStock": 28000000, "retainedEarnings": 840038000, "treasuryStock": 6196000, "capitalSurplus": 35000000, "otherStockholderEquity": 6196000, "totalStockholderEquity": 909234000, "netTangibleAssets": 895252000}, {"maxAge": 1, "endDate": "2017-03-31", "cash": 318714000, "shortTermInvestments": 139483000, "netReceivables": 221784000, "inventory": 158071000, "otherCurrentAssets": 8830000, "totalCurrentAssets": 853748000, "longTermInvestments": 2361000, "propertyPlantEquipment": 258568000, "goodWill": 13781000, "intangibleAssets": 1029000, "otherAssets": 49784000, "deferredLongTermAssetCharges": 9626000, "totalAssets": 1179271000, "accountsPayable": 129656000, "otherCurrentLiab": 215763000, "otherLiab": 1624000, "totalCurrentLiabilities": 380570000, "totalLiab": 382194000, "commonStock": 28000000, "retainedEarnings": 728154000, "treasuryStock": 5923000, "capitalSurplus": 35000000, "otherStockholderEquity": 5923000, "totalStockholderEquity": 797077000, "netTangibleAssets": 782267000}], "maxAge": 86400}, "earningsTrend": {"trend": [{"maxAge": 1, "period": "0q", "endDate": null, "growth": {}, "earningsEstimate": {"avg": 0.0, "low": 0.0, "high": 0.0, "yearAgoEps": {}, "numberOfAnalysts": 0, "growth": {}}, "revenueEstimate": {"avg": 0, "low": 0, "high": 0, "numberOfAnalysts": 0, "yearAgoRevenue": {}, "growth": {}}, "epsTrend": {"current": 0.0, "7daysAgo": 0.0, "30daysAgo": 0.0, "60daysAgo": 0.0, "90daysAgo": 0.0}, "epsRevisions": {"upLast7days": 0, "upLast30days": 0, "downLast30days": 0, "downLast90days": {}}}, {"maxAge": 1, "period": "+1q", "endDate": null, "growth": {}, "earningsEstimate": {"avg": 0.0, "low": 0.0, "high": 0.0, "yearAgoEps": {}, "numberOfAnalysts": 0, "growth": {}}, "revenueEstimate": {"avg": 0, "low": 0, "high": 0, "numberOfAnalysts": 0, "yearAgoRevenue": {}, "growth": {}}, "epsTrend": {"current": 0.0, "7daysAgo": 0.0, "30daysAgo": 0.0, "60daysAgo": 0.0, "90daysAgo": 0.0}, "epsRevisions": {"upLast7days": 0, "upLast30days": 0, "downLast30days": 0, "downLast90days": {}}}, {"maxAge": 1, "period": "0y", "endDate": null, "growth": {}, "earningsEstimate": {"avg": 0.0, "low": 0.0, "high": 0.0, "yearAgoEps": {}, "numberOfAnalysts": 0, "growth": {}}, "revenueEstimate": {"avg": 0, "low": 0, "high": 0, "numberOfAnalysts": 0, "yearAgoRevenue": {}, "growth": {}}, "epsTrend": {"current": 0.0, "7daysAgo": 0.0, "30daysAgo": 0.0, "60daysAgo": 0.0, "90daysAgo": 0.0}, "epsRevisions": {"upLast7days": 0, "upLast30days": 0, "downLast30days": 0, "downLast90days": {}}}, {"maxAge": 1, "period": "+1y", "endDate": null, "growth": {}, "earningsEstimate": {"avg": 0.0, "low": 0.0, "high": 0.0, "yearAgoEps": {}, "numberOfAnalysts": 0, "growth": {}}, "revenueEstimate": {"avg": 0, "low": 0, "high": 0, "numberOfAnalysts": 0, "yearAgoRevenue": {}, "growth": {}}, "epsTrend": {"current": 0.0, "7daysAgo": 0.0, "30daysAgo": 0.0, "60daysAgo": 0.0, "90daysAgo": 0.0}, "epsRevisions": {"upLast7days": 0, "upLast30days": 0, "downLast30days": 0, "downLast90days": {}}}, {"maxAge": 1, "period": "+5y", "endDate": null, "growth": {}, "earningsEstimate": {"avg": {}, "low": {}, "high": {}, "yearAgoEps": {}, "numberOfAnalysts": {}, "growth": {}}, "revenueEstimate": {"avg": {}, "low": {}, "high": {}, "numberOfAnalysts": {}, "yearAgoRevenue": {}, "growth": {}}, "epsTrend": {"current": {}, "7daysAgo": {}, "30daysAgo": {}, "60daysAgo": {}, "90daysAgo": {}}, "epsRevisions": {"upLast7days": {}, "upLast30days": {}, "downLast30days": {}, "downLast90days": {}}}, {"maxAge": 1, "period": "-5y", "endDate": null, "growth": {}, "earningsEstimate": {"avg": {}, "low": {}, "high": {}, "yearAgoEps": {}, "numberOfAnalysts": {}, "growth": {}}, "revenueEstimate": {"avg": {}, "low": {}, "high": {}, "numberOfAnalysts": {}, "yearAgoRevenue": {}, "growth": {}}, "epsTrend": {"current": {}, "7daysAgo": {}, "30daysAgo": {}, "60daysAgo": {}, "90daysAgo": {}}, "epsRevisions": {"upLast7days": {}, "upLast30days": {}, "downLast30days": {}, "downLast90days": {}}}], "maxAge": 1}, "financialData": {"maxAge": 86400, "currentPrice": 830.4, "targetHighPrice": 400.0, "targetLowPrice": 400.0, "targetMeanPrice": 400.0, "targetMedianPrice": 400.0, "recommendationMean": 3.0, "recommendationKey": "hold", "numberOfAnalystOpinions": 1, "grossProfits": 765182000, "financialCurrency": "INR"}}}