{"MORGAN.BO": {"cashflowStatementHistory": {"cashflowStatements": [{"maxAge": 1, "endDate": "2020-03-31", "netIncome": -1003600, "depreciation": 61960, "changeToNetincome": -10858040, "changeToAccountReceivables": -50000, "changeToLiabilities": 150460, "changeToOperatingActivities": 130699150, "totalCashFromOperatingActivities": 118999930, "investments": -499972600, "totalCashflowsFromInvestingActivities": -499972600, "netBorrowings": 381127320, "totalCashFromFinancingActivities": 381127320, "changeInCash": 154650}, {"maxAge": 1, "endDate": "2019-03-31", "netIncome": -22849750, "depreciation": 61960, "changeToNetincome": 22960440, "changeToAccountReceivables": -1464610, "changeToLiabilities": -51880, "changeToInventory": -3661680, "changeToOperatingActivities": 4795490, "totalCashFromOperatingActivities": -210030, "investments": -499972600, "totalCashflowsFromInvestingActivities": -499972600, "netBorrowings": 381127320, "totalCashFromFinancingActivities": 381127320, "changeInCash": -210030}, {"maxAge": 1, "endDate": "2018-03-31", "netIncome": 83251, "depreciation": 61963, "changeToNetincome": -25358, "changeToAccountReceivables": -1464610, "changeToLiabilities": 0, "changeToInventory": -3661680, "changeToOperatingActivities": -61635842, "totalCashFromOperatingActivities": -61515986, "investments": 113777, "totalCashflowsFromInvestingActivities": 113777, "netBorrowings": 381127320, "totalCashFromFinancingActivities": 381127320, "changeInCash": -61402209}, {"maxAge": 1, "endDate": "2017-03-31", "netIncome": 287357, "depreciation": 154211, "changeToNetincome": -2482474, "changeToAccountReceivables": -1464610, "changeToLiabilities": 0, "changeToInventory": -3661680, "changeToOperatingActivities": -58608617, "totalCashFromOperatingActivities": -60649523, "investments": 66729896, "totalCashflowsFromInvestingActivities": 66729896, "netBorrowings": 381127320, "totalCashFromFinancingActivities": 381127320, "changeInCash": 6080373}], "maxAge": 86400}, "institutionOwnership": {"ownershipList": [], "maxAge": 1}, "balanceSheetHistoryQuarterly": {"balanceSheetStatements": [{"maxAge": 1, "endDate": "2020-03-31", "cash": 1083240, "netReceivables": 11297670, "inventory": 183896970, "otherCurrentAssets": 39729130, "totalCurrentAssets": 749385020, "propertyPlantEquipment": 3077470, "otherAssets": 3732730, "deferredLongTermAssetCharges": 3732730, "totalAssets": 756195220, "accountsPayable": 364170, "totalCurrentLiabilities": 382504020, "totalLiab": 382504020, "commonStock": 98987000, "retainedEarnings": 274197700, "treasuryStock": 506500, "otherStockholderEquity": 506500, "totalStockholderEquity": 373691200, "netTangibleAssets": 373691200}, {"maxAge": 1, "endDate": "2019-12-31", "cash": 1083240, "netReceivables": 11297670, "inventory": 183896970, "otherCurrentAssets": 39729130, "totalCurrentAssets": 749385020, "propertyPlantEquipment": 3077470, "otherAssets": 3732730, "deferredLongTermAssetCharges": 3732730, "totalAssets": 756195220, "accountsPayable": 364170, "totalCurrentLiabilities": 382504020, "totalLiab": 382504020, "commonStock": 98987000, "retainedEarnings": 274197700, "treasuryStock": 506500, "otherStockholderEquity": 506500, "totalStockholderEquity": 373691200, "netTangibleAssets": 373691200}, {"maxAge": 1, "endDate": "2019-09-30", "cash": 602000, "inventory": 183897000, "otherCurrentAssets": 462000, "totalCurrentAssets": 184961000, "longTermInvestments": 24791000, "propertyPlantEquipment": 3108000, "otherAssets": 180246000, "totalAssets": 393106000, "otherCurrentLiab": 247000, "otherLiab": 1721000, "totalCurrentLiabilities": 247000, "totalLiab": 1968000, "commonStock": 98987000, "treasuryStock": 292151000, "otherStockholderEquity": 292151000, "totalStockholderEquity": 391138000, "netTangibleAssets": 391138000}, {"maxAge": 1, "endDate": "2019-06-30", "totalStockholderEquity": 391731250, "netTangibleAssets": 391731250}], "maxAge": 86400}, "indexTrend": {"maxAge": 1, "symbol": "SP5", "peRatio": 19.7411, "pegRatio": 1.34172, "estimates": [{"period": "0q", "growth": 0.549}, {"period": "+1q", "growth": 0.431}, {"period": "0y", "growth": 0.305}, {"period": "+1y", "growth": 0.109}, {"period": "+5y", "growth": 0.120859005}, {"period": "-5y"}]}, "quoteType": {"exchange": "BSE", "quoteType": "EQUITY", "symbol": "MORGAN.BO", "underlyingSymbol": "MORGAN.BO", "shortName": "MORGAN VENTURES LTD.", "longName": "Morgan Ventures Limited", "firstTradeDateEpochUtc": "2002-01-04 09:15:00", "timeZoneFullName": "Asia/Kolkata", "timeZoneShortName": "IST", "uuid": "b630d1c8-8a50-3170-a349-1a07540c43d1", "gmtOffSetMilliseconds": 19800000, "maxAge": 1}, "incomeStatementHistory": {"incomeStatementHistory": [{"maxAge": 1, "endDate": "2020-03-31", "totalRevenue": 11636070, "costOfRevenue": 0, "grossProfit": 11636070, "researchDevelopment": {}, "sellingGeneralAdministrative": 1537030, "nonRecurring": {}, "otherOperatingExpenses": 1149610, "totalOperatingExpenses": 2748600, "operatingIncome": 8887470, "totalOtherIncomeExpenseNet": -9370450, "ebit": 8887470, "interestExpense": -10041030, "incomeBeforeTax": -482980, "incomeTaxExpense": 520620, "minorityInterest": {}, "netIncomeFromContinuingOps": -1003600, "discontinuedOperations": {}, "extraordinaryItems": {}, "effectOfAccountingCharges": {}, "otherItems": {}, "netIncome": -1003600, "netIncomeApplicableToCommonShares": -1003600}, {"maxAge": 1, "endDate": "2019-03-31", "totalRevenue": -30110500, "costOfRevenue": 0, "grossProfit": -30110500, "researchDevelopment": {}, "sellingGeneralAdministrative": 1367550, "nonRecurring": {}, "otherOperatingExpenses": 735940, "totalOperatingExpenses": 2165450, "operatingIncome": -32275950, "totalOtherIncomeExpenseNet": 826950, "ebit": -32275950, "interestExpense": -10041030, "incomeBeforeTax": -31449000, "incomeTaxExpense": -8599250, "minorityInterest": {}, "netIncomeFromContinuingOps": -22849750, "discontinuedOperations": {}, "extraordinaryItems": {}, "effectOfAccountingCharges": {}, "otherItems": {}, "netIncome": -22849750, "netIncomeApplicableToCommonShares": -22849750}, {"maxAge": 1, "endDate": "2018-03-31", "totalRevenue": 113777, "costOfRevenue": 0, "grossProfit": 113777, "researchDevelopment": {}, "sellingGeneralAdministrative": 2108422, "nonRecurring": {}, "otherOperatingExpenses": 945092, "totalOperatingExpenses": 3115477, "operatingIncome": -3001700, "totalOtherIncomeExpenseNet": 3105764, "ebit": -3001700, "interestExpense": -1984, "incomeBeforeTax": 104064, "incomeTaxExpense": 20813, "minorityInterest": {}, "netIncomeFromContinuingOps": 83251, "discontinuedOperations": {}, "extraordinaryItems": {}, "effectOfAccountingCharges": {}, "otherItems": {}, "netIncome": 83251, "netIncomeApplicableToCommonShares": 83251}, {"maxAge": 1, "endDate": "2017-03-31", "totalRevenue": 3576046, "costOfRevenue": 0, "grossProfit": 3576046, "researchDevelopment": {}, "sellingGeneralAdministrative": 1926966, "nonRecurring": {}, "otherOperatingExpenses": 1171120, "totalOperatingExpenses": 3252297, "operatingIncome": 323749, "totalOtherIncomeExpenseNet": -2595, "ebit": 323749, "interestExpense": -2595, "incomeBeforeTax": 321154, "incomeTaxExpense": 33797, "minorityInterest": {}, "netIncomeFromContinuingOps": 287357, "discontinuedOperations": {}, "extraordinaryItems": {}, "effectOfAccountingCharges": {}, "otherItems": {}, "netIncome": 287357, "netIncomeApplicableToCommonShares": 287357}], "maxAge": 86400}, "fundOwnership": {"ownershipList": [], "maxAge": 1}, "summaryDetail": {"maxAge": 1, "priceHint": 2, "previousClose": 10.27, "open": 10.78, "dayLow": 10.5, "dayHigh": 10.78, "regularMarketPreviousClose": 10.27, "regularMarketOpen": 10.78, "regularMarketDayLow": 10.5, "regularMarketDayHigh": 10.78, "volume": 638, "regularMarketVolume": 638, "averageVolume": 205, "averageVolume10days": 33, "averageDailyVolume10Day": 33, "bid": 10.5, "ask": 10.78, "bidSize": 0, "askSize": 0, "marketCap": 107800000, "fiftyTwoWeekLow": 5.0, "fiftyTwoWeekHigh": 11.18, "fiftyDayAverage": 6.4036365, "twoHundredDayAverage": 8.132993, "currency": "INR", "fromCurrency": null, "lastMarket": null, "algorithm": null, "tradeable": false}, "incomeStatementHistoryQuarterly": {"incomeStatementHistory": [{"maxAge": 1, "endDate": "2020-03-31", "totalRevenue": 5482035, "costOfRevenue": 0, "grossProfit": 5482035, "researchDevelopment": {}, "sellingGeneralAdministrative": 180015, "nonRecurring": {}, "otherOperatingExpenses": 540305, "totalOperatingExpenses": 735800, "operatingIncome": 4746235, "totalOtherIncomeExpenseNet": -69725, "ebit": 4746235, "interestExpense": -5020515, "incomeBeforeTax": 4676510, "incomeTaxExpense": 260310, "minorityInterest": {}, "netIncomeFromContinuingOps": 4416200, "discontinuedOperations": {}, "extraordinaryItems": {}, "effectOfAccountingCharges": {}, "otherItems": {}, "netIncome": 4416200, "netIncomeApplicableToCommonShares": 4416200}, {"maxAge": 1, "endDate": "2019-12-31", "totalRevenue": 5482035, "costOfRevenue": 0, "grossProfit": 5482035, "researchDevelopment": {}, "sellingGeneralAdministrative": 180015, "nonRecurring": {}, "otherOperatingExpenses": 540305, "totalOperatingExpenses": 735800, "operatingIncome": 4746235, "totalOtherIncomeExpenseNet": -69725, "ebit": 4746235, "interestExpense": -5020515, "incomeBeforeTax": 4676510, "incomeTaxExpense": 260310, "minorityInterest": {}, "netIncomeFromContinuingOps": 4416200, "discontinuedOperations": {}, "extraordinaryItems": {}, "effectOfAccountingCharges": {}, "otherItems": {}, "netIncome": 4416200, "netIncomeApplicableToCommonShares": 4416200}, {"maxAge": 1, "endDate": "2019-09-30", "totalRevenue": 381000, "costOfRevenue": 0, "grossProfit": 381000, "researchDevelopment": {}, "sellingGeneralAdministrative": 661000, "nonRecurring": {}, "otherOperatingExpenses": 59000, "totalOperatingExpenses": 736000, "operatingIncome": -355000, "totalOtherIncomeExpenseNet": -1323000, "ebit": -355000, "interestExpense": -5020515, "incomeBeforeTax": -1678000, "incomeTaxExpense": 0, "minorityInterest": {}, "netIncomeFromContinuingOps": -1678000, "discontinuedOperations": {}, "extraordinaryItems": {}, "effectOfAccountingCharges": {}, "otherItems": {}, "netIncome": -1678000, "netIncomeApplicableToCommonShares": -1678000}, {"maxAge": 1, "endDate": "2019-06-30", "totalRevenue": 336000, "costOfRevenue": 0, "grossProfit": 336000, "researchDevelopment": {}, "sellingGeneralAdministrative": 588500, "nonRecurring": {}, "otherOperatingExpenses": 34500, "totalOperatingExpenses": 638500, "operatingIncome": -302500, "totalOtherIncomeExpenseNet": -4615500, "ebit": -302500, "interestExpense": -5020515, "incomeBeforeTax": -4918000, "incomeTaxExpense": 0, "minorityInterest": {}, "netIncomeFromContinuingOps": -4918000, "discontinuedOperations": {}, "extraordinaryItems": {}, "effectOfAccountingCharges": {}, "otherItems": {}, "netIncome": -4918000, "netIncomeApplicableToCommonShares": -4918000}], "maxAge": 86400}, "cashflowStatementHistoryQuarterly": {"cashflowStatements": [{"maxAge": 1, "endDate": "2020-03-31", "netIncome": 4416200, "depreciation": 15480, "changeToNetincome": -10044520, "changeToAccountReceivables": -25000, "changeToLiabilities": 75230, "changeToOperatingActivities": 65226075, "totalCashFromOperatingActivities": 59663465, "investments": -249986300, "totalCashflowsFromInvestingActivities": -249986300, "netBorrowings": 190563660, "totalCashFromFinancingActivities": 190563660, "changeInCash": 240825}, {"maxAge": 1, "endDate": "2019-12-31", "netIncome": 4416200, "depreciation": 15480, "changeToNetincome": -10044520, "changeToAccountReceivables": -25000, "changeToLiabilities": 75230, "changeToOperatingActivities": 65226075, "totalCashFromOperatingActivities": 59663465, "investments": -249986300, "totalCashflowsFromInvestingActivities": -249986300, "netBorrowings": 190563660, "totalCashFromFinancingActivities": 190563660, "changeInCash": 240825}, {"maxAge": 1, "endDate": "2019-09-30", "netIncome": -1678000, "depreciation": 15500, "changeToNetincome": 4615500, "changeToAccountReceivables": -25000, "changeToLiabilities": 0, "changeToOperatingActivities": 123500, "totalCashFromOperatingActivities": -163500, "investments": -249986300, "totalCashflowsFromInvestingActivities": -249986300, "netBorrowings": 190563660, "totalCashFromFinancingActivities": 190563660, "changeInCash": -163500}, {"maxAge": 1, "endDate": "2019-06-30", "netIncome": -4918000, "depreciation": 15500, "changeToNetincome": 4615500, "changeToAccountReceivables": -25000, "changeToLiabilities": 0, "changeToOperatingActivities": 123500, "totalCashFromOperatingActivities": -163500, "investments": -249986300, "totalCashflowsFromInvestingActivities": -249986300, "netBorrowings": 190563660, "totalCashFromFinancingActivities": 190563660, "changeInCash": -163500}], "maxAge": 86400}, "insiderHolders": {"holders": [], "maxAge": 1}, "calendarEvents": {"maxAge": 1, "earnings": {"earningsDate": ["2020-08-25 05:30:S"]}}, "upgradeDowngradeHistory": {"history": [], "maxAge": 86400}, "price": {"maxAge": 1, "regularMarketChangePercent": 0.04965913, "regularMarketChange": 0.5099993, "regularMarketTime": "2021-04-30 14:37:16", "priceHint": 2, "regularMarketPrice": 10.78, "regularMarketDayHigh": 10.78, "regularMarketDayLow": 10.5, "regularMarketVolume": 638, "averageDailyVolume10Day": 33, "averageDailyVolume3Month": 205, "regularMarketPreviousClose": 10.27, "regularMarketSource": "FREE_REALTIME", "regularMarketOpen": 10.78, "exchange": "BSE", "exchangeName": "BSE", "exchangeDataDelayedBy": 0, "marketState": "CLOSED", "quoteType": "EQUITY", "symbol": "MORGAN.BO", "underlyingSymbol": null, "shortName": "MORGAN VENTURES LTD.", "longName": "Morgan Ventures Limited", "currency": "INR", "quoteSourceName": "Delayed Quote", "currencySymbol": "\u20b9", "fromCurrency": null, "lastMarket": null, "marketCap": 107800000}, "balanceSheetHistory": {"balanceSheetStatements": [{"maxAge": 1, "endDate": "2020-03-31", "cash": 1083240, "netReceivables": 11297670, "inventory": 183896970, "otherCurrentAssets": 39729130, "totalCurrentAssets": 749385020, "propertyPlantEquipment": 3077470, "otherAssets": 3732730, "deferredLongTermAssetCharges": 3732730, "totalAssets": 756195220, "accountsPayable": 364170, "totalCurrentLiabilities": 382504020, "totalLiab": 382504020, "commonStock": 98987000, "retainedEarnings": 274197700, "treasuryStock": 506500, "otherStockholderEquity": 506500, "totalStockholderEquity": 373691200, "netTangibleAssets": 373691200}, {"maxAge": 1, "endDate": "2019-03-31", "cash": 928590, "netReceivables": 11247670, "inventory": 183896970, "otherCurrentAssets": 169678720, "totalCurrentAssets": 367521290, "propertyPlantEquipment": 3139430, "otherAssets": 4264390, "deferredLongTermAssetCharges": 4264390, "totalAssets": 374925110, "accountsPayable": 213710, "totalCurrentLiabilities": 230310, "totalLiab": 230310, "commonStock": 98987000, "retainedEarnings": 275201300, "treasuryStock": 506500, "otherStockholderEquity": 506500, "totalStockholderEquity": 374694800, "netTangibleAssets": 374694800}, {"maxAge": 1, "endDate": "2018-03-31", "cash": 1138621, "inventory": 180235285, "otherCurrentAssets": 424500, "totalCurrentAssets": 181798406, "longTermInvestments": 24791592, "propertyPlantEquipment": 3201392, "otherAssets": 183843117, "totalAssets": 393634507, "otherCurrentLiab": 35674, "otherLiab": 1723191, "totalCurrentLiabilities": 301251, "totalLiab": 2024442, "commonStock": 98987000, "retainedEarnings": 292116565, "treasuryStock": 506500, "otherStockholderEquity": 506500, "totalStockholderEquity": 391610065, "netTangibleAssets": 391610065}, {"maxAge": 1, "endDate": "2017-03-31", "cash": 62540830, "inventory": 180235285, "otherCurrentAssets": 387624, "totalCurrentAssets": 243163739, "longTermInvestments": 24880012, "propertyPlantEquipment": 3263355, "otherAssets": 122904822, "totalAssets": 394211928, "otherCurrentLiab": 637842, "otherLiab": 1723191, "totalCurrentLiabilities": 961922, "totalLiab": 2685113, "commonStock": 98987000, "retainedEarnings": 292033315, "treasuryStock": 506500, "otherStockholderEquity": 506500, "totalStockholderEquity": 391526815, "netTangibleAssets": 391526815}], "maxAge": 86400}, "financialData": {"maxAge": 86400, "currentPrice": 10.78, "recommendationKey": "none", "grossProfits": 11636070, "financialCurrency": "INR"}}}