{"MOTHERSUMI.BO": {"recommendationTrend": {"trend": [{"period": "0m", "strongBuy": 0, "buy": 0, "hold": 0, "sell": 0, "strongSell": 0}, {"period": "-1m", "strongBuy": 0, "buy": 0, "hold": 0, "sell": 0, "strongSell": 0}, {"period": "-2m", "strongBuy": 0, "buy": 0, "hold": 0, "sell": 0, "strongSell": 0}, {"period": "-3m", "strongBuy": 0, "buy": 0, "hold": 0, "sell": 0, "strongSell": 0}], "maxAge": 86400}, "cashflowStatementHistory": {"cashflowStatements": [{"maxAge": 1, "endDate": "2020-03-31", "netIncome": 11701000000, "depreciation": 26275000000, "changeToNetincome": 8575000000, "changeToAccountReceivables": 8146000000, "changeToLiabilities": -1511000000, "changeToInventory": -4360000000, "changeToOperatingActivities": 13926000000, "totalCashFromOperatingActivities": 63520000000, "capitalExpenditures": -22741000000, "investments": 18000000, "otherCashflowsFromInvestingActivities": 753000000, "totalCashflowsFromInvestingActivities": -22399000000, "dividendsPaid": -9457000000, "netBorrowings": -9568000000, "otherCashflowsFromFinancingActivities": -9004000000, "totalCashFromFinancingActivities": -28029000000, "effectOfExchangeRate": 197000000, "changeInCash": 13289000000}, {"maxAge": 1, "endDate": "2019-03-31", "netIncome": 16131000000, "depreciation": 19889000000, "changeToNetincome": 7369000000, "changeToAccountReceivables": 4284000000, "changeToLiabilities": -543000000, "changeToInventory": -4826000000, "changeToOperatingActivities": 127000000, "totalCashFromOperatingActivities": 43124000000, "capitalExpenditures": -27627000000, "investments": -13000000, "otherCashflowsFromInvestingActivities": 978000000, "totalCashflowsFromInvestingActivities": -33105000000, "dividendsPaid": -4140000000, "netBorrowings": 8147000000, "otherCashflowsFromFinancingActivities": -6253000000, "totalCashFromFinancingActivities": -2246000000, "effectOfExchangeRate": -80000000, "changeInCash": 7693000000}, {"maxAge": 1, "endDate": "2018-03-31", "netIncome": 15970000000, "depreciation": 15321000000, "changeToNetincome": 13406000000, "changeToAccountReceivables": -12601000000, "changeToLiabilities": 21619000000, "changeToInventory": -9142000000, "changeToOperatingActivities": -12364000000, "totalCashFromOperatingActivities": 32640000000, "capitalExpenditures": -30621000000, "investments": -2261000000, "otherCashflowsFromInvestingActivities": 1249000000, "totalCashflowsFromInvestingActivities": -31941000000, "dividendsPaid": -4203000000, "netBorrowings": -9471000000, "otherCashflowsFromFinancingActivities": -8540000000, "totalCashFromFinancingActivities": -22214000000, "effectOfExchangeRate": -80000000, "changeInCash": -21515000000}, {"maxAge": 1, "endDate": "2017-03-31", "netIncome": 15543000000, "depreciation": 10401000000, "changeToNetincome": 5219000000, "changeToAccountReceivables": -9465000000, "changeToLiabilities": 19429000000, "changeToInventory": -167000000, "changeToOperatingActivities": -3153000000, "totalCashFromOperatingActivities": 37997000000, "capitalExpenditures": -28086000000, "investments": 732000000, "otherCashflowsFromInvestingActivities": 927000000, "totalCashflowsFromInvestingActivities": -67261000000, "dividendsPaid": -16000000, "netBorrowings": 34092000000, "otherCashflowsFromFinancingActivities": -4466000000, "totalCashFromFinancingActivities": 55175000000, "effectOfExchangeRate": -80000000, "changeInCash": 31720000000, "issuanceOfStock": 25565000000}], "maxAge": 86400}, "indexTrend": {"maxAge": 1, "symbol": "SP5", "peRatio": 19.7411, "pegRatio": 1.34172, "estimates": [{"period": "0q", "growth": 0.549}, {"period": "+1q", "growth": 0.431}, {"period": "0y", "growth": 0.305}, {"period": "+1y", "growth": 0.109}, {"period": "+5y", "growth": 0.120865}, {"period": "-5y"}]}, "industryTrend": {"maxAge": 1, "symbol": null, "estimates": []}, "quoteType": {"exchange": "BSE", "quoteType": "EQUITY", "symbol": "MOTHERSUMI.BO", "underlyingSymbol": "MOTHERSUMI.BO", "shortName": "MOTHERSON SUMI SYSTEMS LTD.", "longName": "Motherson Sumi Systems Limited", "firstTradeDateEpochUtc": "2002-07-01 09:15:00", "timeZoneFullName": "Asia/Kolkata", "timeZoneShortName": "IST", "uuid": "0fc075d1-391f-3938-bf7c-62c8298692eb", "gmtOffSetMilliseconds": 19800000, "maxAge": 1}, "incomeStatementHistory": {"incomeStatementHistory": [{"maxAge": 1, "endDate": "2020-03-31", "totalRevenue": 632755000000, "costOfRevenue": 374472000000, "grossProfit": 258283000000, "researchDevelopment": {}, "sellingGeneralAdministrative": 153661000000, "nonRecurring": {}, "otherOperatingExpenses": 51491000000, "totalOperatingExpenses": 606667000000, "operatingIncome": 26088000000, "totalOtherIncomeExpenseNet": -4959000000, "ebit": 26088000000, "interestExpense": -4030000000, "incomeBeforeTax": 21129000000, "incomeTaxExpense": 8184000000, "minorityInterest": 35650000000, "netIncomeFromContinuingOps": 12945000000, "discontinuedOperations": {}, "extraordinaryItems": {}, "effectOfAccountingCharges": {}, "otherItems": {}, "netIncome": 11701000000, "netIncomeApplicableToCommonShares": 11701000000}, {"maxAge": 1, "endDate": "2019-03-31", "totalRevenue": 632932000000, "costOfRevenue": 379583000000, "grossProfit": 253349000000, "researchDevelopment": {}, "sellingGeneralAdministrative": 148549000000, "nonRecurring": {}, "otherOperatingExpenses": 49694000000, "totalOperatingExpenses": 598408000000, "operatingIncome": 34524000000, "totalOtherIncomeExpenseNet": -2521000000, "ebit": 34524000000, "interestExpense": -2594000000, "incomeBeforeTax": 32003000000, "incomeTaxExpense": 11022000000, "minorityInterest": 34797000000, "netIncomeFromContinuingOps": 20981000000, "discontinuedOperations": {}, "extraordinaryItems": {}, "effectOfAccountingCharges": {}, "otherItems": {}, "netIncome": 16131000000, "netIncomeApplicableToCommonShares": 16131000000}, {"maxAge": 1, "endDate": "2018-03-31", "totalRevenue": 561249000000, "costOfRevenue": 352686000000, "grossProfit": 208563000000, "researchDevelopment": {}, "sellingGeneralAdministrative": 116415000000, "nonRecurring": {}, "otherOperatingExpenses": 39888000000, "totalOperatingExpenses": 524741000000, "operatingIncome": 36508000000, "totalOtherIncomeExpenseNet": -3837000000, "ebit": 36508000000, "interestExpense": -2022000000, "incomeBeforeTax": 32671000000, "incomeTaxExpense": 10072000000, "minorityInterest": 29600000000, "netIncomeFromContinuingOps": 22599000000, "discontinuedOperations": {}, "extraordinaryItems": {}, "effectOfAccountingCharges": {}, "otherItems": {}, "netIncome": 15970000000, "netIncomeApplicableToCommonShares": 15970000000}, {"maxAge": 1, "endDate": "2017-03-31", "totalRevenue": 423755000000, "costOfRevenue": 264439000000, "grossProfit": 159316000000, "researchDevelopment": {}, "sellingGeneralAdministrative": 85191000000, "nonRecurring": {}, "otherOperatingExpenses": 31363000000, "totalOperatingExpenses": 391584000000, "operatingIncome": 32171000000, "totalOtherIncomeExpenseNet": -1344000000, "ebit": 32171000000, "interestExpense": -2450000000, "incomeBeforeTax": 30827000000, "incomeTaxExpense": 9103000000, "minorityInterest": 22322000000, "netIncomeFromContinuingOps": 21724000000, "discontinuedOperations": {}, "extraordinaryItems": {}, "effectOfAccountingCharges": {}, "otherItems": {}, "netIncome": 15543000000, "netIncomeApplicableToCommonShares": 15543000000}], "maxAge": 86400}, "fundOwnership": {"ownershipList": [], "maxAge": 1}, "summaryDetail": {"maxAge": 1, "priceHint": 2, "previousClose": 219.35, "open": 217.0, "dayLow": 214.0, "dayHigh": 221.75, "regularMarketPreviousClose": 219.35, "regularMarketOpen": 217.0, "regularMarketDayLow": 214.0, "regularMarketDayHigh": 221.75, "trailingPE": 2411.7976, "forwardPE": 13.715655, "volume": 366799, "regularMarketVolume": 366799, "averageVolume": 970919, "averageVolume10days": 525118, "averageDailyVolume10Day": 525118, "bid": 214.6, "ask": 214.8, "bidSize": 0, "askSize": 0, "marketCap": 677540528128, "fiftyTwoWeekLow": 48.5, "fiftyTwoWeekHigh": 221.75, "fiftyDayAverage": 159.00304, "twoHundredDayAverage": 128.32059, "trailingAnnualDividendRate": 1.5, "trailingAnnualDividendYield": 0.006838386, "currency": "INR", "fromCurrency": null, "lastMarket": null, "algorithm": null, "tradeable": false}, "insiderHolders": {"holders": [{"maxAge": 1, "name": "Ganzu (Naveen)", "relation": "Non-Independent Executive Director", "url": "", "transactionDescription": "Other", "latestTransDate": "2018-11-01", "positionDirect": 211951, "positionDirectDate": "2018-11-01"}, {"maxAge": 1, "name": "Gauba (G N)", "relation": "Chief Financial Officer", "url": "", "transactionDescription": "Other", "latestTransDate": "2018-11-01", "positionDirect": 36450, "positionDirectDate": "2018-11-01"}, {"maxAge": 1, "name": "Goel (Alok)", "relation": "Company Secretary", "url": "", "transactionDescription": "Other", "latestTransDate": "2018-11-01", "positionDirect": 75, "positionDirectDate": "2018-11-01"}, {"maxAge": 1, "name": "Mathur (Geeta)", "relation": "Additonal Director", "url": "", "transactionDescription": "Other", "latestTransDate": "2018-11-01", "positionDirect": 10125, "positionDirectDate": "2018-11-01"}, {"maxAge": 1, "name": "Mehra (Neelu)", "relation": "Promoter", "url": "", "transactionDescription": "Other", "latestTransDate": "2018-11-01", "positionDirect": 7869690, "positionDirectDate": "2018-11-01"}, {"maxAge": 1, "name": "Mittal (Pankaj)", "relation": "Wholetime Director", "url": "", "transactionDescription": "Other", "latestTransDate": "2018-11-01", "positionDirect": 99273, "positionDirectDate": "2018-11-01"}, {"maxAge": 1, "name": "Mukherjee (Gautam)", "relation": "Independent Non-Executive Director", "url": "", "transactionDescription": "Acquisition", "latestTransDate": "2019-08-29", "positionDirect": 10000, "positionDirectDate": "2019-08-29"}, {"maxAge": 1, "name": "Puri (Arjun)", "relation": "Non Independent Director", "url": "", "transactionDescription": "Other", "latestTransDate": "2018-11-01", "positionDirect": 3750, "positionDirectDate": "2018-11-01"}, {"maxAge": 1, "name": "Radha Rani Holdings Pte. Ltd.", "relation": "Promoter", "url": "", "transactionDescription": "Other", "latestTransDate": "2018-11-01", "positionDirect": 3442623, "positionDirectDate": "2018-11-01"}, {"maxAge": 1, "name": "Samvardhan Motherson Finance, Ltd.", "relation": "Promoter", "url": "", "transactionDescription": "Other", "latestTransDate": "2018-11-01", "positionDirect": 1055750653, "positionDirectDate": "2018-11-01"}], "maxAge": 1}, "calendarEvents": {"maxAge": 1, "earnings": {"earningsDate": [], "revenueAverage": 21094500000, "revenueLow": 141969000000, "revenueHigh": 163494000000}}, "upgradeDowngradeHistory": {"history": [], "maxAge": 86400}, "price": {"maxAge": 1, "regularMarketChangePercent": -0.021426998, "regularMarketChange": -4.700012, "regularMarketTime": "2021-04-30 15:40:35", "priceHint": 2, "regularMarketPrice": 214.65, "regularMarketDayHigh": 221.75, "regularMarketDayLow": 214.0, "regularMarketVolume": 366799, "averageDailyVolume10Day": 525118, "averageDailyVolume3Month": 970919, "regularMarketPreviousClose": 219.35, "regularMarketSource": "FREE_REALTIME", "regularMarketOpen": 217.0, "exchange": "BSE", "exchangeName": "BSE", "exchangeDataDelayedBy": 0, "marketState": "CLOSED", "quoteType": "EQUITY", "symbol": "MOTHERSUMI.BO", "underlyingSymbol": null, "shortName": "MOTHERSON SUMI SYSTEMS LTD.", "longName": "Motherson Sumi Systems Limited", "currency": "INR", "quoteSourceName": "Delayed Quote", "currencySymbol": "\u20b9", "fromCurrency": null, "lastMarket": null, "marketCap": 677540528128}, "balanceSheetHistory": {"balanceSheetStatements": [{"maxAge": 1, "endDate": "2020-03-31", "cash": 48688000000, "shortTermInvestments": 1263000000, "netReceivables": 80506000000, "inventory": 51566000000, "otherCurrentAssets": 10429000000, "totalCurrentAssets": 194654000000, "longTermInvestments": 7982000000, "propertyPlantEquipment": 170888000000, "goodWill": 24060000000, "intangibleAssets": 19874000000, "otherAssets": 37500000000, "deferredLongTermAssetCharges": 5030000000, "totalAssets": 454958000000, "accountsPayable": 103091000000, "shortLongTermDebt": 1885000000, "otherCurrentLiab": 27523000000, "longTermDebt": 82612000000, "otherLiab": 18079000000, "deferredLongTermLiab": 8819000000, "minorityInterest": 35650000000, "totalCurrentLiabilities": 195708000000, "totalLiab": 306699000000, "commonStock": 3158000000, "retainedEarnings": 74072000000, "treasuryStock": 9076000000, "capitalSurplus": 26303000000, "otherStockholderEquity": 9076000000, "totalStockholderEquity": 112609000000, "netTangibleAssets": 68675000000}, {"maxAge": 1, "endDate": "2019-03-31", "cash": 35399000000, "shortTermInvestments": 1029000000, "netReceivables": 101494000000, "inventory": 46634000000, "otherCurrentAssets": 12964000000, "totalCurrentAssets": 199496000000, "longTermInvestments": 8570000000, "propertyPlantEquipment": 151002000000, "goodWill": 22118000000, "intangibleAssets": 20471000000, "otherAssets": 31645000000, "deferredLongTermAssetCharges": 6123000000, "totalAssets": 433302000000, "accountsPayable": 106613000000, "shortLongTermDebt": 6462000000, "otherCurrentLiab": 23780000000, "longTermDebt": 81240000000, "otherLiab": 18556000000, "deferredLongTermLiab": 6889000000, "minorityInterest": 34797000000, "totalCurrentLiabilities": 188906000000, "totalLiab": 288878000000, "commonStock": 3158000000, "retainedEarnings": 73222000000, "treasuryStock": 6944000000, "capitalSurplus": 26303000000, "otherStockholderEquity": 6944000000, "totalStockholderEquity": 109627000000, "netTangibleAssets": 67038000000}, {"maxAge": 1, "endDate": "2018-03-31", "cash": 27706000000, "shortTermInvestments": 2314000000, "netReceivables": 90190000000, "inventory": 40132000000, "otherCurrentAssets": 8303000000, "totalCurrentAssets": 171001000000, "longTermInvestments": 7499000000, "propertyPlantEquipment": 127214000000, "goodWill": 22643000000, "intangibleAssets": 21802000000, "otherAssets": 24818000000, "deferredLongTermAssetCharges": 6266000000, "totalAssets": 374977000000, "accountsPayable": 90258000000, "shortLongTermDebt": 10431000000, "otherCurrentLiab": 16132000000, "longTermDebt": 77713000000, "otherLiab": 15240000000, "deferredLongTermLiab": 3606000000, "minorityInterest": 29600000000, "totalCurrentLiabilities": 153342000000, "totalLiab": 246536000000, "commonStock": 2105000000, "retainedEarnings": 62768000000, "treasuryStock": 6612000000, "capitalSurplus": 27356000000, "otherStockholderEquity": 6612000000, "totalStockholderEquity": 98841000000, "netTangibleAssets": 54396000000}, {"maxAge": 1, "endDate": "2017-03-31", "cash": 48772000000, "shortTermInvestments": 1178000000, "netReceivables": 68084000000, "inventory": 30716000000, "otherCurrentAssets": 9509000000, "totalCurrentAssets": 160480000000, "longTermInvestments": 4623000000, "propertyPlantEquipment": 100125000000, "goodWill": 19376000000, "intangibleAssets": 20877000000, "otherAssets": 18216000000, "deferredLongTermAssetCharges": 5024000000, "totalAssets": 323697000000, "accountsPayable": 73003000000, "shortLongTermDebt": 1832000000, "otherCurrentLiab": 16309000000, "longTermDebt": 94075000000, "otherLiab": 10381000000, "deferredLongTermLiab": 1247000000, "minorityInterest": 22322000000, "totalCurrentLiabilities": 113827000000, "totalLiab": 218648000000, "commonStock": 1404000000, "retainedEarnings": 51740000000, "treasuryStock": 1525000000, "capitalSurplus": 28058000000, "otherStockholderEquity": 1525000000, "totalStockholderEquity": 82727000000, "netTangibleAssets": 42474000000}], "maxAge": 86400}, "earningsTrend": {"trend": [{"maxAge": 1, "period": "0q", "endDate": "2018-09-30", "growth": {}, "earningsEstimate": {"avg": 0.0, "low": 0.0, "high": 0.0, "yearAgoEps": 0.86, "numberOfAnalysts": 0, "growth": {}}, "revenueEstimate": {"avg": 21094500000, "low": 141969000000, "high": 163494000000, "numberOfAnalysts": 17, "yearAgoRevenue": 18562800000, "growth": 0.136}, "epsTrend": {"current": 0.0, "7daysAgo": 1.56, "30daysAgo": 1.56, "60daysAgo": 1.56, "90daysAgo": 1.56}, "epsRevisions": {"upLast7days": 0, "upLast30days": 0, "downLast30days": 0, "downLast90days": {}}}, {"maxAge": 1, "period": "+1q", "endDate": "2018-12-31", "growth": {}, "earningsEstimate": {"avg": 0.0, "low": 0.0, "high": 0.0, "yearAgoEps": 0.86, "numberOfAnalysts": 0, "growth": {}}, "revenueEstimate": {"avg": 164546000000, "low": 156497000000, "high": 170641000000, "numberOfAnalysts": 3, "yearAgoRevenue": 17943800000, "growth": 8.17}, "epsTrend": {"current": 0.0, "7daysAgo": 2.03, "30daysAgo": 2.03, "60daysAgo": 2.03, "90daysAgo": 2.03}, "epsRevisions": {"upLast7days": 0, "upLast30days": 0, "downLast30days": 0, "downLast90days": {}}}, {"maxAge": 1, "period": "0y", "endDate": "2019-03-31", "growth": {}, "earningsEstimate": {"avg": 0.0, "low": 0.0, "high": 0.0, "yearAgoEps": {}, "numberOfAnalysts": 0, "growth": {}}, "revenueEstimate": {"avg": 659041000000, "low": 607391000000, "high": 737372000000, "numberOfAnalysts": 31, "yearAgoRevenue": 74560900000, "growth": 7.839}, "epsTrend": {"current": 0.0, "7daysAgo": 6.99, "30daysAgo": 6.99, "60daysAgo": 6.99, "90daysAgo": 6.99}, "epsRevisions": {"upLast7days": 0, "upLast30days": 0, "downLast30days": 0, "downLast90days": {}}}, {"maxAge": 1, "period": "+1y", "endDate": "2020-03-31", "growth": {}, "earningsEstimate": {"avg": 0.0, "low": 0.0, "high": 0.0, "yearAgoEps": {}, "numberOfAnalysts": 0, "growth": {}}, "revenueEstimate": {"avg": 755323000000, "low": 665369000000, "high": 846239000000, "numberOfAnalysts": 31, "yearAgoRevenue": 659041000000, "growth": 0.146}, "epsTrend": {"current": 0.0, "7daysAgo": 9.15, "30daysAgo": 9.15, "60daysAgo": 9.15, "90daysAgo": 9.15}, "epsRevisions": {"upLast7days": 0, "upLast30days": 0, "downLast30days": 0, "downLast90days": {}}}, {"maxAge": 1, "period": "+5y", "endDate": null, "growth": 0.26709998, "earningsEstimate": {"avg": {}, "low": {}, "high": {}, "yearAgoEps": {}, "numberOfAnalysts": {}, "growth": {}}, "revenueEstimate": {"avg": {}, "low": {}, "high": {}, "numberOfAnalysts": {}, "yearAgoRevenue": {}, "growth": {}}, "epsTrend": {"current": {}, "7daysAgo": {}, "30daysAgo": {}, "60daysAgo": {}, "90daysAgo": {}}, "epsRevisions": {"upLast7days": {}, "upLast30days": {}, "downLast30days": {}, "downLast90days": {}}}, {"maxAge": 1, "period": "-5y", "endDate": null, "growth": {}, "earningsEstimate": {"avg": {}, "low": {}, "high": {}, "yearAgoEps": {}, "numberOfAnalysts": {}, "growth": {}}, "revenueEstimate": {"avg": {}, "low": {}, "high": {}, "numberOfAnalysts": {}, "yearAgoRevenue": {}, "growth": {}}, "epsTrend": {"current": {}, "7daysAgo": {}, "30daysAgo": {}, "60daysAgo": {}, "90daysAgo": {}}, "epsRevisions": {"upLast7days": {}, "upLast30days": {}, "downLast30days": {}, "downLast90days": {}}}], "maxAge": 1}, "institutionOwnership": {"ownershipList": [], "maxAge": 1}, "balanceSheetHistoryQuarterly": {"balanceSheetStatements": [{"maxAge": 1, "endDate": "2020-06-30", "totalStockholderEquity": 112609000000, "netTangibleAssets": 68675000000}, {"maxAge": 1, "endDate": "2020-03-31", "cash": 48789000000, "shortTermInvestments": 30887600000, "netReceivables": 52097400000, "inventory": 51565900000, "otherCurrentAssets": 11314400000, "totalCurrentAssets": 194654300000, "longTermInvestments": 9182900000, "propertyPlantEquipment": 170887500000, "goodWill": 24060400000, "intangibleAssets": 19874000000, "otherAssets": 36298700000, "deferredLongTermAssetCharges": 5029500000, "totalAssets": 454957800000, "accountsPayable": 103091100000, "otherCurrentLiab": 52891400000, "longTermDebt": 82612300000, "otherLiab": 18078800000, "minorityInterest": 35650300000, "totalCurrentLiabilities": 195706700000, "totalLiab": 306698100000, "commonStock": 3157900000, "treasuryStock": 109451500000, "otherStockholderEquity": 109451500000, "totalStockholderEquity": 112609400000, "netTangibleAssets": 68675000000}, {"maxAge": 1, "endDate": "2020-03-31", "cash": 48688000000, "shortTermInvestments": 1263000000, "netReceivables": 80506000000, "inventory": 51566000000, "otherCurrentAssets": 10429000000, "totalCurrentAssets": 194654000000, "longTermInvestments": 7982000000, "propertyPlantEquipment": 170888000000, "goodWill": 24060000000, "intangibleAssets": 19874000000, "otherAssets": 37500000000, "deferredLongTermAssetCharges": 5030000000, "totalAssets": 454958000000, "accountsPayable": 103091000000, "shortLongTermDebt": 1885000000, "otherCurrentLiab": 27523000000, "longTermDebt": 82612000000, "otherLiab": 18079000000, "deferredLongTermLiab": 8819000000, "minorityInterest": 35650000000, "totalCurrentLiabilities": 195708000000, "totalLiab": 306699000000, "commonStock": 3158000000, "retainedEarnings": 74072000000, "treasuryStock": 9076000000, "capitalSurplus": 26303000000, "otherStockholderEquity": 9076000000, "totalStockholderEquity": 112609000000, "netTangibleAssets": 68675000000}, {"maxAge": 1, "endDate": "2019-12-31", "totalStockholderEquity": 110226800000, "netTangibleAssets": 68873300000}], "maxAge": 86400}, "earningsHistory": {"history": [{"maxAge": 1, "epsActual": 0.86, "epsEstimate": 0.8, "epsDifference": 0.06, "surprisePercent": 0.075, "quarter": "2017-03-31", "period": "-4q"}, {"maxAge": 1, "epsActual": 0.86, "epsEstimate": 0.6, "epsDifference": 0.26, "surprisePercent": 0.433, "quarter": "2017-09-30", "period": "-3q"}, {"maxAge": 1, "epsActual": 0.55, "epsEstimate": 0.67, "epsDifference": -0.12, "surprisePercent": -0.17899999, "quarter": "2017-12-31", "period": "-2q"}, {"maxAge": 1, "epsActual": 0.59, "epsEstimate": 0.73, "epsDifference": -0.14, "surprisePercent": -0.192, "quarter": "2018-06-30", "period": "-1q"}], "maxAge": 86400}, "esgScores": {"maxAge": 86400, "totalEsg": 28.79, "environmentScore": 7.48, "socialScore": 12.37, "governanceScore": 8.93, "ratingYear": 2020, "ratingMonth": 10, "highestControversy": 0.0, "esgPerformance": null, "peerCount": 26, "peerGroup": "Auto Components", "peerEsgScorePerformance": {"min": 9.92, "avg": 19.57730769230769, "max": 28.79}, "peerGovernancePerformance": {"min": 5.28, "avg": 7.595384615384615, "max": 10.59}, "peerSocialPerformance": {"min": 2.59, "avg": 7.174615384615385, "max": 13.51}, "peerEnvironmentPerformance": {"min": 1.68, "avg": 4.805769230769231, "max": 7.48}, "peerHighestControversyPerformance": {"min": 0.0, "avg": 1.7307692307692308, "max": 3.0}, "percentile": 51.81, "environmentPercentile": 0.0, "socialPercentile": 0.0, "governancePercentile": 0.0, "adult": false, "alcoholic": false, "animalTesting": false, "catholic": false, "controversialWeapons": false, "smallArms": false, "furLeather": false, "gambling": false, "gmo": false, "militaryContract": false, "nuclear": false, "pesticides": false, "palmOil": false, "coal": false, "tobacco": false}, "insiderTransactions": {"transactions": [{"maxAge": 1, "shares": 10000, "filerUrl": "", "transactionText": "", "filerName": "Mukherjee (Gautam)", "filerRelation": "Independent Non-Executive Director", "moneyText": "", "startDate": "2019-08-29", "ownership": "D"}, {"maxAge": 1, "shares": 70650, "filerUrl": "", "transactionText": "", "filerName": "Ganzu (Naveen)", "filerRelation": "Non-Independent Executive Director", "moneyText": "", "startDate": "2018-11-01", "ownership": "D"}, {"maxAge": 1, "shares": 12150, "filerUrl": "", "transactionText": "", "filerName": "Gauba (G N)", "filerRelation": "Chief Financial Officer", "moneyText": "", "startDate": "2018-11-01", "ownership": "D"}, {"maxAge": 1, "shares": 25, "filerUrl": "", "transactionText": "", "filerName": "Goel (Alok)", "filerRelation": "Company Secretary", "moneyText": "", "startDate": "2018-11-01", "ownership": "D"}, {"maxAge": 1, "shares": 7125, "filerUrl": "", "transactionText": "", "filerName": "Mathur (Geeta)", "filerRelation": "Additonal Director", "moneyText": "", "startDate": "2018-11-01", "ownership": "D"}, {"maxAge": 1, "shares": 5537930, "filerUrl": "", "transactionText": "", "filerName": "Mehra (Neelu)", "filerRelation": "Promoter", "moneyText": "", "startDate": "2018-11-01", "ownership": "D"}, {"maxAge": 1, "shares": 72303, "filerUrl": "", "transactionText": "", "filerName": "Mittal (Pankaj)", "filerRelation": "Wholetime Director", "moneyText": "", "startDate": "2018-11-01", "ownership": "D"}, {"maxAge": 1, "shares": 1250, "filerUrl": "", "transactionText": "", "filerName": "Puri (Arjun)", "filerRelation": "Non Independent Director", "moneyText": "", "startDate": "2018-11-01", "ownership": "D"}, {"maxAge": 1, "shares": 2422586, "filerUrl": "", "transactionText": "", "filerName": "Radha Rani Holdings Pte. Ltd.", "filerRelation": "Promoter", "moneyText": "", "startDate": "2018-11-01", "ownership": "D"}, {"maxAge": 1, "shares": 999650653, "filerUrl": "", "transactionText": "", "filerName": "Samvardhan Motherson Finance, Ltd.", "filerRelation": "Promoter", "moneyText": "", "startDate": "2018-11-01", "ownership": "D"}, {"maxAge": 1, "shares": 86, "filerUrl": "", "transactionText": "", "filerName": "Sehgal (Laksh Vaaman)", "filerRelation": "Director (Non-Executive)", "moneyText": "", "startDate": "2018-11-01", "ownership": "D"}, {"maxAge": 1, "shares": 105615, "filerUrl": "", "transactionText": "", "filerName": "Sehgal (Renu)", "filerRelation": "Promoter", "moneyText": "", "startDate": "2018-11-01", "ownership": "D"}, {"maxAge": 1, "shares": 51486764, "filerUrl": "", "transactionText": "", "filerName": "Sehgal (Vivek Chaand)", "filerRelation": "Non Executive Chairman", "moneyText": "", "startDate": "2018-11-01", "ownership": "D"}, {"maxAge": 1, "shares": 6059119, "filerUrl": "", "transactionText": "", "filerName": "Soni (Geeta)", "filerRelation": "Promoter", "moneyText": "", "startDate": "2018-11-01", "ownership": "D"}, {"maxAge": 1, "shares": 645083769, "filerUrl": "", "transactionText": "", "filerName": "Samvardhan Motherson Finance, Ltd.", "filerRelation": "Promoter", "moneyText": "", "startDate": "2017-12-21", "ownership": "D"}, {"maxAge": 1, "shares": 2500, "filerUrl": "", "transactionText": "", "filerName": "Puri (Arjun)", "filerRelation": "Non Independent Director", "moneyText": "", "startDate": "2017-12-20", "ownership": "D"}, {"maxAge": 1, "shares": 129269387, "filerUrl": "", "transactionText": "", "filerName": "Sumitomo Wiring Systems Ltd", "filerRelation": "Promoter", "moneyText": "", "startDate": "2016-09-12", "ownership": "D"}, {"maxAge": 1, "shares": 162983282, "filerUrl": "", "transactionText": "", "filerName": "Samvardhan Motherson Finance, Ltd.", "filerRelation": "Promoter", "moneyText": "", "startDate": "2015-10-15", "ownership": "D"}, {"maxAge": 1, "shares": 10000, "filerUrl": "", "transactionText": "", "filerName": "Samvardhan Motherson Finance, Ltd.", "filerRelation": "Promoter", "moneyText": "", "startDate": "2014-10-23", "ownership": "D"}, {"maxAge": 1, "shares": 3000, "filerUrl": "", "transactionText": "", "filerName": "Mathur (Geeta)", "filerRelation": "Additonal Director", "moneyText": "", "startDate": "2014-06-23", "ownership": "D"}, {"maxAge": 1, "shares": 7025000, "filerUrl": "", "transactionText": "", "filerName": "Samvardhan Motherson Finance, Ltd.", "filerRelation": "Promoter", "moneyText": "", "startDate": "2014-04-02", "ownership": "D"}, {"maxAge": 1, "shares": 7025000, "filerUrl": "", "transactionText": "", "filerName": "Sehgal (Vivek Chaand)", "filerRelation": "Non Executive Chairman", "moneyText": "", "startDate": "2014-04-02", "ownership": "D"}, {"maxAge": 1, "shares": 756578, "filerUrl": "", "transactionText": "", "filerName": "H K Wiring Systems, Ltd.", "filerRelation": "Promoter", "moneyText": "", "startDate": "2013-12-24", "ownership": "D"}, {"maxAge": 1, "shares": 777253, "filerUrl": "", "transactionText": "", "filerName": "Mehra (Neelu)", "filerRelation": "Promoter", "moneyText": "", "startDate": "2013-12-24", "ownership": "D"}, {"maxAge": 1, "shares": 8990, "filerUrl": "", "transactionText": "", "filerName": "Mittal (Pankaj)", "filerRelation": "Wholetime Director", "moneyText": "", "startDate": "2013-12-24", "ownership": "D"}, {"maxAge": 1, "shares": 340012, "filerUrl": "", "transactionText": "", "filerName": "Radha Rani Holdings Pte. Ltd.", "filerRelation": "Promoter", "moneyText": "", "startDate": "2013-12-24", "ownership": "D"}, {"maxAge": 1, "shares": 106177188, "filerUrl": "", "transactionText": "", "filerName": "Samvardhan Motherson Finance, Ltd.", "filerRelation": "Promoter", "moneyText": "", "startDate": "2013-12-24", "ownership": "D"}, {"maxAge": 1, "shares": 12, "filerUrl": "", "transactionText": "", "filerName": "Sehgal (Laksh Vaaman)", "filerRelation": "Director (Non-Executive)", "moneyText": "", "startDate": "2013-12-24", "ownership": "D"}, {"maxAge": 1, "shares": 14823, "filerUrl": "", "transactionText": "", "filerName": "Sehgal (Renu)", "filerRelation": "Promoter", "moneyText": "", "startDate": "2013-12-24", "ownership": "D"}, {"maxAge": 1, "shares": 9567879, "filerUrl": "", "transactionText": "", "filerName": "Sehgal (Vivek Chaand)", "filerRelation": "Non Executive Vice Chairman", "moneyText": "", "startDate": "2013-12-24", "ownership": "D"}, {"maxAge": 1, "shares": 850403, "filerUrl": "", "transactionText": "", "filerName": "Soni (Geeta)", "filerRelation": "Promoter", "moneyText": "", "startDate": "2013-12-24", "ownership": "D"}, {"maxAge": 1, "shares": 74337951, "filerUrl": "", "transactionText": "", "filerName": "Sumitomo Wiring Systems Ltd", "filerRelation": "Promoter", "moneyText": "", "startDate": "2013-12-24", "ownership": "D"}, {"maxAge": 1, "shares": 29000, "filerUrl": "", "transactionText": "", "filerName": "Sehgal (Renu)", "filerRelation": "Promoter", "moneyText": "", "startDate": "2012-11-30", "ownership": "D"}, {"maxAge": 1, "shares": 504385, "filerUrl": "", "transactionText": "", "filerName": "H K Wiring Systems, Ltd.", "filerRelation": "Promoter", "moneyText": "", "startDate": "2012-10-05", "ownership": "D"}, {"maxAge": 1, "shares": 518169, "filerUrl": "", "transactionText": "", "filerName": "Mehra (Neelu)", "filerRelation": "Promoter", "moneyText": "", "startDate": "2012-10-05", "ownership": "D"}, {"maxAge": 1, "shares": 5993, "filerUrl": "", "transactionText": "", "filerName": "Mittal (Pankaj)", "filerRelation": "Wholetime Director", "moneyText": "", "startDate": "2012-10-05", "ownership": "D"}, {"maxAge": 1, "shares": 226675, "filerUrl": "", "transactionText": "", "filerName": "Radha Rani Holdings Pte. Ltd.", "filerRelation": "Promoter", "moneyText": "", "startDate": "2012-10-05", "ownership": "D"}, {"maxAge": 1, "shares": 70784792, "filerUrl": "", "transactionText": "", "filerName": "Samvardhan Motherson Finance, Ltd.", "filerRelation": "Promoter", "moneyText": "", "startDate": "2012-10-05", "ownership": "D"}, {"maxAge": 1, "shares": 8, "filerUrl": "", "transactionText": "", "filerName": "Sehgal (Laksh Vaaman)", "filerRelation": "Director (Non-Executive)", "moneyText": "", "startDate": "2012-10-05", "ownership": "D"}, {"maxAge": 1, "shares": 19549, "filerUrl": "", "transactionText": "", "filerName": "Sehgal (Renu)", "filerRelation": "Promoter", "moneyText": "", "startDate": "2012-10-05", "ownership": "D"}, {"maxAge": 1, "shares": 6378586, "filerUrl": "", "transactionText": "", "filerName": "Sehgal (Vivek Chaand)", "filerRelation": "Non Executive Vice Chairman", "moneyText": "", "startDate": "2012-10-05", "ownership": "D"}, {"maxAge": 1, "shares": 566935, "filerUrl": "", "transactionText": "", "filerName": "Soni (Geeta)", "filerRelation": "Promoter", "moneyText": "", "startDate": "2012-10-05", "ownership": "D"}, {"maxAge": 1, "shares": 49558634, "filerUrl": "", "transactionText": "", "filerName": "Sumitomo Wiring Systems Ltd", "filerRelation": "Promoter", "moneyText": "", "startDate": "2012-10-05", "ownership": "D"}, {"maxAge": 1, "shares": 1008771, "filerUrl": "", "transactionText": "", "filerName": "H K Wiring Systems, Ltd.", "filerRelation": "Promoter", "moneyText": "", "startDate": "2012-04-23", "ownership": "D"}, {"maxAge": 1, "shares": 453350, "filerUrl": "", "transactionText": "", "filerName": "Radha Rani Holdings Pte. Ltd.", "filerRelation": "Promoter", "moneyText": "", "startDate": "2012-04-23", "ownership": "D"}, {"maxAge": 1, "shares": 711569, "filerUrl": "", "transactionText": "", "filerName": "Samvardhan Motherson Finance, Ltd.", "filerRelation": "Promoter", "moneyText": "", "startDate": "2012-04-23", "ownership": "D"}, {"maxAge": 1, "shares": 17, "filerUrl": "", "transactionText": "", "filerName": "Sehgal (Laksh Vaaman)", "filerRelation": "Director (Non-Executive)", "moneyText": "", "startDate": "2012-04-23", "ownership": "D"}, {"maxAge": 1, "shares": 17, "filerUrl": "", "transactionText": "", "filerName": "Sehgal (Vivek Chaand)", "filerRelation": "Non Executive Vice Chairman", "moneyText": "", "startDate": "2012-04-23", "ownership": "D"}, {"maxAge": 1, "shares": 456, "filerUrl": "", "transactionText": "", "filerName": "Soni (Geeta)", "filerRelation": "Promoter", "moneyText": "", "startDate": "2012-04-23", "ownership": "D"}, {"maxAge": 1, "shares": 2225474, "filerUrl": "", "transactionText": "", "filerName": "Sumitomo Wiring Systems Ltd", "filerRelation": "Promoter", "moneyText": "", "startDate": "2012-04-23", "ownership": "D"}, {"maxAge": 1, "shares": 10000, "filerUrl": "", "transactionText": "", "filerName": "Samvardhan Motherson Finance, Ltd.", "filerRelation": "Promoter", "moneyText": "", "startDate": "2011-08-23", "ownership": "D"}, {"maxAge": 1, "shares": 10000, "filerUrl": "", "transactionText": "", "filerName": "Samvardhan Motherson Finance, Ltd.", "filerRelation": "Promoter", "moneyText": "", "startDate": "2011-08-22", "ownership": "D"}], "maxAge": 1}, "sectorTrend": {"maxAge": 1, "symbol": null, "estimates": []}, "incomeStatementHistoryQuarterly": {"incomeStatementHistory": [{"maxAge": 1, "endDate": "2020-06-30", "totalRevenue": 85038900000, "costOfRevenue": 50402100000, "grossProfit": 34636800000, "researchDevelopment": {}, "sellingGeneralAdministrative": 28882300000, "nonRecurring": {}, "otherOperatingExpenses": 11573700000, "totalOperatingExpenses": 97981300000, "operatingIncome": -12942400000, "totalOtherIncomeExpenseNet": -1117200000, "ebit": -12942400000, "interestExpense": -1115300000, "incomeBeforeTax": -14059600000, "incomeTaxExpense": -2143100000, "minorityInterest": {}, "netIncomeFromContinuingOps": -11916500000, "discontinuedOperations": {}, "extraordinaryItems": {}, "effectOfAccountingCharges": {}, "otherItems": {}, "netIncome": -8104500000, "netIncomeApplicableToCommonShares": -8104500000}, {"maxAge": 1, "endDate": "2020-03-31", "totalRevenue": 151590500000, "costOfRevenue": 84411400000, "grossProfit": 67179100000, "researchDevelopment": {}, "sellingGeneralAdministrative": 38028000000, "nonRecurring": {}, "otherOperatingExpenses": 15084100000, "totalOperatingExpenses": 145157700000, "operatingIncome": 6432800000, "totalOtherIncomeExpenseNet": -1761700000, "ebit": 6432800000, "interestExpense": -1381900000, "incomeBeforeTax": 4671100000, "incomeTaxExpense": 3314500000, "minorityInterest": 35650300000, "netIncomeFromContinuingOps": 1356600000, "discontinuedOperations": {}, "extraordinaryItems": {}, "effectOfAccountingCharges": {}, "otherItems": {}, "netIncome": 1833800000, "netIncomeApplicableToCommonShares": 1833800000}, {"maxAge": 1, "endDate": "2020-03-31", "totalRevenue": 155727200000, "costOfRevenue": 96168800000, "grossProfit": 59558400000, "researchDevelopment": {}, "sellingGeneralAdministrative": 40920200000, "nonRecurring": {}, "otherOperatingExpenses": 5760700000, "totalOperatingExpenses": 150039100000, "operatingIncome": 5688100000, "totalOtherIncomeExpenseNet": -1016600000, "ebit": 5688100000, "interestExpense": -1381900000, "incomeBeforeTax": 4671500000, "incomeTaxExpense": 3314300000, "minorityInterest": 35650000000, "netIncomeFromContinuingOps": 1357200000, "discontinuedOperations": {}, "extraordinaryItems": {}, "effectOfAccountingCharges": {}, "otherItems": {}, "netIncome": 1834400000, "netIncomeApplicableToCommonShares": 1834400000}, {"maxAge": 1, "endDate": "2019-12-31", "totalRevenue": 154364600000, "costOfRevenue": 90417200000, "grossProfit": 63947400000, "researchDevelopment": {}, "sellingGeneralAdministrative": 37258900000, "nonRecurring": {}, "otherOperatingExpenses": 13547800000, "totalOperatingExpenses": 148161400000, "operatingIncome": 6203200000, "totalOtherIncomeExpenseNet": -1573200000, "ebit": 6203200000, "interestExpense": -1397400000, "incomeBeforeTax": 4630000000, "incomeTaxExpense": 1226800000, "minorityInterest": 35650000000, "netIncomeFromContinuingOps": 3403200000, "discontinuedOperations": {}, "extraordinaryItems": {}, "effectOfAccountingCharges": {}, "otherItems": {}, "netIncome": 2705100000, "netIncomeApplicableToCommonShares": 2705100000}], "maxAge": 86400}, "cashflowStatementHistoryQuarterly": {"cashflowStatements": [{"maxAge": 1, "endDate": "2020-06-30", "netIncome": -8104500000, "changeToLiabilities": 0}, {"maxAge": 1, "endDate": "2020-03-31", "netIncome": 1833800000, "changeToLiabilities": 0}, {"maxAge": 1, "endDate": "2020-03-31", "netIncome": 1834400000, "changeToLiabilities": 0}, {"maxAge": 1, "endDate": "2019-12-31", "netIncome": 2705100000, "changeToLiabilities": 0}], "maxAge": 86400}, "earnings": {"maxAge": 86400, "earningsChart": {"quarterly": [{"date": "1Q2017", "actual": 0.86, "estimate": 0.8}, {"date": "3Q2017", "actual": 0.86, "estimate": 0.6}, {"date": "4Q2017", "actual": 0.55, "estimate": 0.67}, {"date": "2Q2018", "actual": 0.59, "estimate": 0.73}], "currentQuarterEstimateDate": "3Q", "currentQuarterEstimateYear": 2018, "earningsDate": []}, "financialsChart": {"yearly": [{"date": 2017, "revenue": 423755000000, "earnings": 15543000000}, {"date": 2018, "revenue": 561249000000, "earnings": 15970000000}, {"date": 2019, "revenue": 632932000000, "earnings": 16131000000}, {"date": 2020, "revenue": 632755000000, "earnings": 11701000000}], "quarterly": [{"date": "4Q2019", "revenue": 154364600000, "earnings": 2705100000}, {"date": "1Q2020", "revenue": 155727200000, "earnings": 1834400000}, {"date": "1Q2020", "revenue": 151590500000, "earnings": 1833800000}, {"date": "2Q2020", "revenue": 85038900000, "earnings": -8104500000}]}, "financialCurrency": "INR"}, "financialData": {"maxAge": 86400, "currentPrice": 214.65, "targetHighPrice": 286.0, "targetLowPrice": 132.0, "targetMeanPrice": 199.97, "targetMedianPrice": 196.0, "recommendationKey": "none", "numberOfAnalystOpinions": 32, "grossProfits": 258283000000, "financialCurrency": "INR"}}}