{"MOUNTSHIQ.BO": {"cashflowStatementHistory": {"cashflowStatements": [{"maxAge": 1, "endDate": "2019-03-31", "netIncome": -47759486, "depreciation": 21176827, "changeToNetincome": 15882736, "changeToAccountReceivables": -2886096, "changeToLiabilities": 25705616, "changeToInventory": 285925, "totalCashFromOperatingActivities": 12405522, "otherCashflowsFromInvestingActivities": 85366, "totalCashflowsFromInvestingActivities": 85366, "netBorrowings": 6473102, "otherCashflowsFromFinancingActivities": -15824885, "totalCashFromFinancingActivities": -9351783, "changeInCash": 3139105}, {"maxAge": 1, "endDate": "2018-03-31", "netIncome": -125112235, "depreciation": 23157094, "changeToNetincome": 80122213, "changeToAccountReceivables": 2961116, "changeToLiabilities": 50054198, "changeToInventory": 9828539, "totalCashFromOperatingActivities": 41010925, "capitalExpenditures": -526909, "otherCashflowsFromInvestingActivities": 51745, "totalCashflowsFromInvestingActivities": 939836, "netBorrowings": 35310074, "otherCashflowsFromFinancingActivities": -79216553, "totalCashFromFinancingActivities": -43906479, "changeInCash": -1955718}, {"maxAge": 1, "endDate": "2017-03-31", "netIncome": -108710407, "depreciation": 25073803, "changeToNetincome": 52212706, "changeToAccountReceivables": 8188722, "changeToLiabilities": 28372408, "changeToInventory": -133703, "totalCashFromOperatingActivities": 5003529, "capitalExpenditures": -234829, "otherCashflowsFromInvestingActivities": 163010, "totalCashflowsFromInvestingActivities": 1523681, "netBorrowings": 61916731, "otherCashflowsFromFinancingActivities": -69295075, "totalCashFromFinancingActivities": -7378344, "changeInCash": -851134}, {"maxAge": 1, "endDate": "2016-03-31", "netIncome": -35677380, "depreciation": 27885213, "changeToNetincome": 34067894, "changeToAccountReceivables": 7186428, "changeToLiabilities": 57613898, "changeToInventory": 25675056, "totalCashFromOperatingActivities": 37016011, "capitalExpenditures": -338563, "otherCashflowsFromInvestingActivities": -88273, "totalCashflowsFromInvestingActivities": -426836, "netBorrowings": 30086015, "otherCashflowsFromFinancingActivities": -65048748, "totalCashFromFinancingActivities": -34962733, "changeInCash": 1626442}], "maxAge": 86400}, "institutionOwnership": {"maxAge": 1, "ownershipList": []}, "balanceSheetHistoryQuarterly": {"balanceSheetStatements": [{"maxAge": 1, "endDate": "2019-12-31", "totalStockholderEquity": -586952000, "netTangibleAssets": -586952000}, {"maxAge": 1, "endDate": "2019-09-30", "cash": 10045000, "netReceivables": 30615000, "inventory": 8493000, "otherCurrentAssets": 371000, "totalCurrentAssets": 49524000, "propertyPlantEquipment": 103716000, "otherAssets": 227399000, "deferredLongTermAssetCharges": 221274000, "totalAssets": 380639000, "accountsPayable": 274869000, "otherCurrentLiab": 230385000, "otherLiab": 136484000, "totalCurrentLiabilities": 831107000, "totalLiab": 967591000, "commonStock": 60467000, "treasuryStock": -647419000, "otherStockholderEquity": -647419000, "totalStockholderEquity": -586952000, "netTangibleAssets": -586952000}, {"maxAge": 1, "endDate": "2019-06-30", "cash": 10784000, "netReceivables": 33972000, "inventory": 9587000, "otherCurrentAssets": 370000, "totalCurrentAssets": 54713000, "propertyPlantEquipment": 111066000, "otherAssets": 227396000, "deferredLongTermAssetCharges": 221274000, "totalAssets": 393175000, "accountsPayable": 274025000, "otherCurrentLiab": 228072000, "otherLiab": 136427000, "totalCurrentLiabilities": 828006000, "totalLiab": 964433000, "commonStock": 60467000, "treasuryStock": -631725000, "otherStockholderEquity": -631725000, "totalStockholderEquity": -571258000, "netTangibleAssets": -571258000}, {"maxAge": 1, "endDate": "2019-03-31", "cash": 4451040, "netReceivables": 21308580, "inventory": 8535542, "otherCurrentAssets": 765875, "totalCurrentAssets": 37217992, "propertyPlantEquipment": 114874462, "otherAssets": 239345100, "deferredLongTermAssetCharges": 221274443, "totalAssets": 391437554, "accountsPayable": 271588558, "otherCurrentLiab": 183733816, "otherLiab": -1, "totalCurrentLiabilities": 959701565, "totalLiab": 959701564, "commonStock": 60467000, "retainedEarnings": -628731010, "totalStockholderEquity": -568264010, "netTangibleAssets": -568264010}], "maxAge": 86400}, "indexTrend": {"maxAge": 1, "symbol": "SP5", "peRatio": 19.7411, "pegRatio": 1.34172, "estimates": [{"period": "0q", "growth": 0.549}, {"period": "+1q", "growth": 0.431}, {"period": "0y", "growth": 0.305}, {"period": "+1y", "growth": 0.109}, {"period": "+5y", "growth": 0.120859005}, {"period": "-5y"}]}, "quoteType": {"exchange": "BSE", "quoteType": "EQUITY", "symbol": "MOUNTSHIQ.BO", "underlyingSymbol": "MOUNTSHIQ.BO", "shortName": "MOUNT SHIVALIK INDUSTRIES LTD.", "longName": "Mount Shivalik Industries Limited", "firstTradeDateEpochUtc": "2000-11-29 09:15:00", "timeZoneFullName": "Asia/Kolkata", "timeZoneShortName": "IST", "uuid": "09cb760a-aad6-3439-b0da-2dfcf23abb5c", "messageBoardId": null, "gmtOffSetMilliseconds": 19800000, "maxAge": 1}, "incomeStatementHistory": {"incomeStatementHistory": [{"maxAge": 1, "endDate": "2019-03-31", "totalRevenue": 43421331, "costOfRevenue": 23980972, "grossProfit": 19440359, "researchDevelopment": {}, "sellingGeneralAdministrative": 2318622, "nonRecurring": {}, "otherOperatingExpenses": 27999568, "totalOperatingExpenses": 75748143, "operatingIncome": -32326812, "totalOtherIncomeExpenseNet": -15432674, "ebit": -32326812, "interestExpense": -15824885, "incomeBeforeTax": -47759486, "incomeTaxExpense": 0, "minorityInterest": {}, "netIncomeFromContinuingOps": -47759486, "discontinuedOperations": {}, "extraordinaryItems": {}, "effectOfAccountingCharges": {}, "otherItems": {}, "netIncome": -47759486, "netIncomeApplicableToCommonShares": -47759486}, {"maxAge": 1, "endDate": "2018-03-31", "totalRevenue": 52166625, "costOfRevenue": 32971866, "grossProfit": 19194759, "researchDevelopment": {}, "sellingGeneralAdministrative": 2383685, "nonRecurring": {}, "otherOperatingExpenses": 38748773, "totalOperatingExpenses": 97505057, "operatingIncome": -45338432, "totalOtherIncomeExpenseNet": -79773803, "ebit": -45338432, "interestExpense": -79216553, "incomeBeforeTax": -125112235, "incomeTaxExpense": 0, "minorityInterest": {}, "netIncomeFromContinuingOps": -125112235, "discontinuedOperations": {}, "extraordinaryItems": {}, "effectOfAccountingCharges": {}, "otherItems": {}, "netIncome": -125112235, "netIncomeApplicableToCommonShares": -125112235}, {"maxAge": 1, "endDate": "2017-03-31", "totalRevenue": 52976859, "costOfRevenue": 39512918, "grossProfit": 13463941, "researchDevelopment": {}, "sellingGeneralAdministrative": 2437487, "nonRecurring": {}, "otherOperatingExpenses": 44895421, "totalOperatingExpenses": 111985367, "operatingIncome": -59008508, "totalOtherIncomeExpenseNet": -67412351, "ebit": -59008508, "interestExpense": -69295075, "incomeBeforeTax": -126420859, "incomeTaxExpense": -17710452, "minorityInterest": {}, "netIncomeFromContinuingOps": -108710407, "discontinuedOperations": {}, "extraordinaryItems": {}, "effectOfAccountingCharges": {}, "otherItems": {}, "netIncome": -108710407, "netIncomeApplicableToCommonShares": -108710407}, {"maxAge": 1, "endDate": "2016-03-31", "totalRevenue": 91470267, "costOfRevenue": 62052431, "grossProfit": 29417836, "researchDevelopment": {}, "sellingGeneralAdministrative": 23209994, "nonRecurring": {}, "otherOperatingExpenses": 81823092, "totalOperatingExpenses": 201222668, "operatingIncome": -109752401, "totalOtherIncomeExpenseNet": 51043400, "ebit": -109752401, "interestExpense": -75860573, "incomeBeforeTax": -58709001, "incomeTaxExpense": -23031621, "minorityInterest": {}, "netIncomeFromContinuingOps": -35677380, "discontinuedOperations": {}, "extraordinaryItems": {}, "effectOfAccountingCharges": {}, "otherItems": {}, "netIncome": -35677380, "netIncomeApplicableToCommonShares": -35677380}], "maxAge": 86400}, "fundOwnership": {"maxAge": 1, "ownershipList": []}, "summaryDetail": {"maxAge": 1, "priceHint": 4, "previousClose": 2.9, "open": 2.9, "dayLow": 2.9, "dayHigh": 2.9, "regularMarketPreviousClose": 2.9, "regularMarketOpen": 2.9, "regularMarketDayLow": 2.9, "regularMarketDayHigh": 2.9, "volume": 10009, "regularMarketVolume": 10009, "averageVolume": 1187, "averageVolume10days": 2740, "averageDailyVolume10Day": 2740, "bid": 2.76, "ask": 2.9, "bidSize": 0, "askSize": 0, "marketCap": 17535430, "fiftyTwoWeekLow": 2.81, "fiftyTwoWeekHigh": 5.5, "fiftyDayAverage": 4.288857, "twoHundredDayAverage": 4.411241, "currency": "INR", "fromCurrency": null, "toCurrency": null, "lastMarket": null, "algorithm": null, "tradeable": false}, "incomeStatementHistoryQuarterly": {"incomeStatementHistory": [{"maxAge": 1, "endDate": "2019-12-31", "totalRevenue": 7210000, "costOfRevenue": 5310000, "grossProfit": 1900000, "researchDevelopment": {}, "sellingGeneralAdministrative": 3690000, "nonRecurring": {}, "otherOperatingExpenses": 2780000, "totalOperatingExpenses": 28480000, "operatingIncome": -21270000, "totalOtherIncomeExpenseNet": 1780000, "ebit": -21270000, "interestExpense": {}, "incomeBeforeTax": -19490000, "incomeTaxExpense": 0, "minorityInterest": {}, "netIncomeFromContinuingOps": -19490000, "discontinuedOperations": {}, "extraordinaryItems": {}, "effectOfAccountingCharges": {}, "otherItems": {}, "netIncome": -19490000, "netIncomeApplicableToCommonShares": -19490000}, {"maxAge": 1, "endDate": "2019-09-30", "totalRevenue": 4615000, "costOfRevenue": 5165000, "grossProfit": -550000, "researchDevelopment": {}, "sellingGeneralAdministrative": 1495000, "nonRecurring": {}, "otherOperatingExpenses": 3716000, "totalOperatingExpenses": 17636000, "operatingIncome": -13021000, "totalOtherIncomeExpenseNet": 14000, "ebit": -13021000, "interestExpense": {}, "incomeBeforeTax": -13007000, "incomeTaxExpense": 0, "minorityInterest": {}, "netIncomeFromContinuingOps": -13007000, "discontinuedOperations": {}, "extraordinaryItems": {}, "effectOfAccountingCharges": {}, "otherItems": {}, "netIncome": -13007000, "netIncomeApplicableToCommonShares": -13007000}, {"maxAge": 1, "endDate": "2019-06-30", "totalRevenue": 5346000, "costOfRevenue": 5268000, "grossProfit": 78000, "researchDevelopment": {}, "sellingGeneralAdministrative": 1703000, "nonRecurring": {}, "otherOperatingExpenses": 2545000, "totalOperatingExpenses": 13415000, "operatingIncome": -8069000, "totalOtherIncomeExpenseNet": 12000, "ebit": -8069000, "interestExpense": {}, "incomeBeforeTax": -8057000, "incomeTaxExpense": 0, "minorityInterest": {}, "netIncomeFromContinuingOps": -8057000, "discontinuedOperations": {}, "extraordinaryItems": {}, "effectOfAccountingCharges": {}, "otherItems": {}, "netIncome": -8057000, "netIncomeApplicableToCommonShares": -8057000}, {"maxAge": 1, "endDate": "2019-03-31", "totalRevenue": 15279331, "costOfRevenue": 3831972, "grossProfit": 11447359, "researchDevelopment": {}, "sellingGeneralAdministrative": -3816378, "nonRecurring": {}, "otherOperatingExpenses": 16484568, "totalOperatingExpenses": 21506143, "operatingIncome": -6226812, "totalOtherIncomeExpenseNet": 44326, "ebit": -6226812, "interestExpense": {}, "incomeBeforeTax": -6182486, "incomeTaxExpense": 0, "minorityInterest": {}, "netIncomeFromContinuingOps": -6182486, "discontinuedOperations": {}, "extraordinaryItems": {}, "effectOfAccountingCharges": {}, "otherItems": {}, "netIncome": -6182486, "netIncomeApplicableToCommonShares": -6182486}], "maxAge": 86400}, "cashflowStatementHistoryQuarterly": {"cashflowStatements": [{"maxAge": 1, "endDate": "2019-12-31", "netIncome": -19490000, "changeToLiabilities": 0}, {"maxAge": 1, "endDate": "2019-09-30", "netIncome": -13007000, "changeToLiabilities": 0}, {"maxAge": 1, "endDate": "2019-06-30", "netIncome": -8057000, "changeToLiabilities": 0}, {"maxAge": 1, "endDate": "2019-03-31", "netIncome": -6182486, "changeToLiabilities": 0}], "maxAge": 86400}, "insiderHolders": {"holders": [], "maxAge": 1}, "calendarEvents": {"maxAge": 1, "earnings": {"earningsDate": []}}, "price": {"maxAge": 1, "regularMarketChangePercent": 0.0, "regularMarketChange": 0.0, "regularMarketTime": "2021-04-30 15:14:16", "priceHint": 4, "regularMarketPrice": 2.9, "regularMarketDayHigh": 2.9, "regularMarketDayLow": 2.9, "regularMarketVolume": 10009, "averageDailyVolume10Day": 2740, "averageDailyVolume3Month": 1187, "regularMarketPreviousClose": 2.9, "regularMarketSource": "FREE_REALTIME", "regularMarketOpen": 2.9, "exchange": "BSE", "exchangeName": "BSE", "exchangeDataDelayedBy": 0, "marketState": "CLOSED", "quoteType": "EQUITY", "symbol": "MOUNTSHIQ.BO", "underlyingSymbol": null, "shortName": "MOUNT SHIVALIK INDUSTRIES LTD.", "longName": "Mount Shivalik Industries Limited", "currency": "INR", "quoteSourceName": "Delayed Quote", "currencySymbol": "\u20b9", "fromCurrency": null, "toCurrency": null, "lastMarket": null, "marketCap": 17535430}, "balanceSheetHistory": {"balanceSheetStatements": [{"maxAge": 1, "endDate": "2019-03-31", "cash": 4451040, "netReceivables": 21308580, "inventory": 8535542, "otherCurrentAssets": 765875, "totalCurrentAssets": 37217992, "propertyPlantEquipment": 114874462, "otherAssets": 239345100, "deferredLongTermAssetCharges": 221274443, "totalAssets": 391437554, "accountsPayable": 271588558, "otherCurrentLiab": 183733816, "otherLiab": -1, "totalCurrentLiabilities": 959701565, "totalLiab": 959701564, "commonStock": 60467000, "retainedEarnings": -628731010, "totalStockholderEquity": -568264010, "netTangibleAssets": -568264010}, {"maxAge": 1, "endDate": "2018-03-31", "cash": 1311935, "netReceivables": 13990922, "inventory": 8821467, "otherCurrentAssets": 1070357, "totalCurrentAssets": 27133951, "propertyPlantEquipment": 136177468, "otherAssets": 243706903, "deferredLongTermAssetCharges": 221274443, "totalAssets": 407018322, "accountsPayable": 270528998, "otherCurrentLiab": 173405964, "otherLiab": -1, "totalCurrentLiabilities": 927522847, "totalLiab": 927522846, "commonStock": 60467000, "retainedEarnings": -582471524, "treasuryStock": 1500000, "otherStockholderEquity": 1500000, "totalStockholderEquity": -520504524, "netTangibleAssets": -520504524}, {"maxAge": 1, "endDate": "2017-03-31", "cash": 3267653, "netReceivables": 11302323, "inventory": 18650006, "otherCurrentAssets": 2736273, "totalCurrentAssets": 40882426, "propertyPlantEquipment": 161224775, "otherAssets": 244659085, "deferredLongTermAssetCharges": 221274443, "totalAssets": 446766286, "accountsPayable": 266706358, "shortLongTermDebt": 265633, "otherCurrentLiab": 176897372, "totalCurrentLiabilities": 842158575, "totalLiab": 842158575, "commonStock": 60467000, "retainedEarnings": -457359289, "treasuryStock": 1500000, "otherStockholderEquity": 1500000, "totalStockholderEquity": -395392289, "netTangibleAssets": -395392289}, {"maxAge": 1, "endDate": "2016-03-31", "cash": 4118787, "netReceivables": 15384663, "inventory": 18516303, "otherCurrentAssets": 15528381, "totalCurrentAssets": 56875273, "propertyPlantEquipment": 187192774, "otherAssets": 218482955, "deferredLongTermAssetCharges": 202185008, "totalAssets": 462551002, "accountsPayable": 262150204, "shortLongTermDebt": 882189, "otherCurrentLiab": 64406076, "longTermDebt": 265633, "otherLiab": 135637789, "totalCurrentLiabilities": 613329461, "totalLiab": 749232883, "commonStock": 60467000, "retainedEarnings": -348648881, "treasuryStock": 1500000, "otherStockholderEquity": 1500000, "totalStockholderEquity": -286681881, "netTangibleAssets": -286681881}], "maxAge": 86400}, "financialData": {"maxAge": 86400, "currentPrice": 2.9, "recommendationKey": "none", "grossProfits": 19440359, "financialCurrency": "INR"}}}