{"MPSLTD.NS": {"assetProfile": {"address1": "C-35, Sector 62", "city": "Noida", "zip": "201307", "country": "India", "phone": "91 12 0459 9754", "fax": "91 12 0402 1280", "website": "http://www.mpslimited.com", "industry": "Publishing", "sector": "Communication Services", "longBusinessSummary": "MPS Limited provides platforms and services for content creation, full-service production, and distribution to the publishers, learning companies, corporate institutions, libraries, and content aggregators in India, Europe, the United States, and internationally. It operates through three segments: Content Solutions, Platform Solutions, and eLearning Solutions. The company offers content authoring and development solutions from PreK\u00c2\u009612 through higher education and professional development; publishing solutions; interactive systems; digital transformation and accessibility solutions; new media solutions; content assembly and transformation solutions; content fulfillment solutions; and marketing and customer support solutions. It also provides platforms, such as Digicore, a cloud-based digital publishing platform; MPSTrak, a cloud-based workflow and content management platform for books, journals, reference works, and media; mag+, which publishes content to mobile app; THINK360, an end-to-end order management and delivery platform; ScholarStor, a content hosting and delivery platform for publishers; SCHOLARLYStats, a cloud-based platform to empower librarians and institutions; MPSInsight, a cloud-based usage analytics platform that empowers publishers to access and analyze content usage analytics based on COUNTER standards; and TOPSIM solutions. In addition, the company offers eLearning solutions, including custom development, managed learning, mobile and micro learning, simulation, and gaming solutions, as well as augmented, virtual, and extended reality solutions; and operates experience centers and learning platforms. The company was formerly known as Macmillan India Limited and changed its name to MPS Limited in June 2009. The company was founded in 1892 and is based in Noida, India. MPS Limited is a subsidiary of ADI BPO Services Limited.", "fullTimeEmployees": 2403, "companyOfficers": [{"maxAge": 1, "name": "Mr. Rahul  Arora", "age": 35, "title": "MD, CEO & Whole Time Director", "yearBorn": 1985, "fiscalYear": 2020, "totalPay": 24927000, "exercisedValue": 0, "unexercisedValue": 0}, {"maxAge": 1, "name": "Mr. Sunit  Malhotra", "title": "CFO & Company Sec.", "fiscalYear": 2020, "totalPay": 6182000, "exercisedValue": 0, "unexercisedValue": 0}, {"maxAge": 1, "name": "Mr. V. Narendra Kumar", "title": "Chief Technology Officer", "fiscalYear": 2017, "exercisedValue": 0, "unexercisedValue": 0}, {"maxAge": 1, "name": "Mr. Utkarsh  Gupta", "title": "Compliance Officer", "exercisedValue": 0, "unexercisedValue": 0}, {"maxAge": 1, "name": "Ms. Yamini  Arora", "title": "Chief Marketing Officer", "exercisedValue": 0, "unexercisedValue": 0}, {"maxAge": 1, "name": "Mr. Rajesh  Pankaj", "title": "Sr. VP of Learning Solutions", "exercisedValue": 0, "unexercisedValue": 0}, {"maxAge": 1, "name": "Mr. Christian  Mutzner", "title": "Chief Operating Officer of MPS Europe", "exercisedValue": 0, "unexercisedValue": 0}, {"maxAge": 1, "name": "Evgenyia  Grebenyuk", "title": "Head of Marketing", "exercisedValue": 0, "unexercisedValue": 0}, {"maxAge": 1, "name": "Kenneth  Leahy", "age": 76, "title": "Director of Sales", "yearBorn": 1944, "exercisedValue": 0, "unexercisedValue": 0}, {"maxAge": 1, "name": "Mr. Sanjay  Singh", "age": 50, "title": "Chief Publisher-HEP", "yearBorn": 1970, "exercisedValue": 0, "unexercisedValue": 0}], "compensationAsOfEpochDate": "2020-12-31 05:30:00", "maxAge": 86400}, "recommendationTrend": {"trend": [{"period": "0m", "strongBuy": 0, "buy": 0, "hold": 0, "sell": 0, "strongSell": 0}, {"period": "-1m", "strongBuy": 0, "buy": 2, "hold": 0, "sell": 0, "strongSell": 0}, {"period": "-2m", "strongBuy": 0, "buy": 2, "hold": 0, "sell": 0, "strongSell": 0}, {"period": "-3m", "strongBuy": 0, "buy": 2, "hold": 0, "sell": 0, "strongSell": 0}], "maxAge": 86400}, "cashflowStatementHistory": {"cashflowStatements": [{"maxAge": 1, "endDate": "2020-03-31", "netIncome": 598584000, "depreciation": 115207000, "changeToNetincome": -93363000, "changeToAccountReceivables": 38971000, "changeToLiabilities": -10150000, "changeToOperatingActivities": -160342000, "totalCashFromOperatingActivities": 527366000, "capitalExpenditures": -25551000, "investments": 1524012000, "otherCashflowsFromInvestingActivities": 38464000, "totalCashflowsFromInvestingActivities": 1516401000, "dividendsPaid": -465423000, "netBorrowings": -69734000, "otherCashflowsFromFinancingActivities": -287089000, "totalCashFromFinancingActivities": -1753092000, "effectOfExchangeRate": 51088000, "changeInCash": 341763000}, {"maxAge": 1, "endDate": "2019-03-31", "netIncome": 760353000, "depreciation": 68857000, "changeToNetincome": -291357000, "changeToAccountReceivables": -112783000, "changeToLiabilities": -5217000, "changeToOperatingActivities": 74639000, "totalCashFromOperatingActivities": 536295000, "capitalExpenditures": -28090000, "investments": 628020000, "otherCashflowsFromInvestingActivities": 3866000, "totalCashflowsFromInvestingActivities": -38557000, "dividendsPaid": -223403000, "netBorrowings": -69734000, "otherCashflowsFromFinancingActivities": -46790000, "totalCashFromFinancingActivities": -270193000, "effectOfExchangeRate": 17799000, "changeInCash": 245344000}, {"maxAge": 1, "endDate": "2018-03-31", "netIncome": 702094000, "depreciation": 51007000, "changeToNetincome": -137567000, "changeToAccountReceivables": 122698000, "changeToLiabilities": 2498000, "changeToOperatingActivities": 5665000, "totalCashFromOperatingActivities": 775841000, "capitalExpenditures": -16603000, "investments": -678346000, "otherCashflowsFromInvestingActivities": 13878000, "totalCashflowsFromInvestingActivities": -724370000, "dividendsPaid": -223403000, "netBorrowings": -69734000, "otherCashflowsFromFinancingActivities": -492000, "totalCashFromFinancingActivities": -492000, "effectOfExchangeRate": 11231000, "changeInCash": 62210000}, {"maxAge": 1, "endDate": "2017-03-31", "netIncome": 704192000, "depreciation": 42939000, "changeToNetincome": -157768000, "changeToAccountReceivables": -108227000, "changeToLiabilities": -19049000, "changeToOperatingActivities": -31244000, "totalCashFromOperatingActivities": 446749000, "capitalExpenditures": -38068000, "investments": -357231000, "otherCashflowsFromInvestingActivities": 82768000, "totalCashflowsFromInvestingActivities": -397752000, "dividendsPaid": -223403000, "netBorrowings": -69734000, "otherCashflowsFromFinancingActivities": -1461000, "totalCashFromFinancingActivities": -1461000, "effectOfExchangeRate": -22711000, "changeInCash": 24825000}], "maxAge": 86400}, "indexTrend": {"maxAge": 1, "symbol": "SP5", "peRatio": 19.7411, "pegRatio": 1.34172, "estimates": [{"period": "0q", "growth": 0.549}, {"period": "+1q", "growth": 0.431}, {"period": "0y", "growth": 0.305}, {"period": "+1y", "growth": 0.109}, {"period": "+5y", "growth": 0.120865}, {"period": "-5y"}]}, "defaultKeyStatistics": {"maxAge": 1, "priceHint": 2, "enterpriseValue": 9682177024, "forwardPE": 10.894107, "profitMargins": 0.14331001, "floatShares": 4311064, "sharesOutstanding": 18050300, "heldPercentInsiders": 0.70779, "heldPercentInstitutions": 0.06549, "beta": 1.112836, "category": null, "bookValue": 211.046, "priceToBook": 2.8029432, "fundFamily": null, "legalType": null, "lastFiscalYearEnd": "2020-03-31 05:30:00", "nextFiscalYearEnd": "2022-03-31 05:30:00", "mostRecentQuarter": "2020-12-31 05:30:00", "earningsQuarterlyGrowth": 0.383, "netIncomeToCommon": 550984000, "trailingEps": 29.818, "forwardEps": 44.86, "pegRatio": 0.69, "lastSplitFactor": null, "enterpriseToRevenue": 2.518, "enterpriseToEbitda": 12.343}, "industryTrend": {"maxAge": 1, "symbol": null, "estimates": []}, "quoteType": {"exchange": "NSI", "quoteType": "EQUITY", "symbol": "MPSLTD.NS", "underlyingSymbol": "MPSLTD.NS", "shortName": "MPS LTD", "longName": "MPS Limited", "firstTradeDateEpochUtc": "2002-07-01 09:15:00", "timeZoneFullName": "Asia/Kolkata", "timeZoneShortName": "IST", "uuid": "7e2ba56c-0ac8-31e2-a690-9c1a262dc87e", "gmtOffSetMilliseconds": 19800000, "maxAge": 1}, "incomeStatementHistory": {"incomeStatementHistory": [{"maxAge": 1, "endDate": "2020-03-31", "totalRevenue": 3316528000, "costOfRevenue": 1727848000, "grossProfit": 1588680000, "researchDevelopment": {}, "sellingGeneralAdministrative": 16208000, "nonRecurring": {}, "otherOperatingExpenses": 780437000, "totalOperatingExpenses": 2678547000, "operatingIncome": 637981000, "totalOtherIncomeExpenseNet": 176205000, "ebit": 637981000, "interestExpense": -21487000, "incomeBeforeTax": 814186000, "incomeTaxExpense": 215602000, "minorityInterest": {}, "netIncomeFromContinuingOps": 598584000, "discontinuedOperations": {}, "extraordinaryItems": {}, "effectOfAccountingCharges": {}, "otherItems": {}, "netIncome": 598584000, "netIncomeApplicableToCommonShares": 598584000}, {"maxAge": 1, "endDate": "2019-03-31", "totalRevenue": 3682057000, "costOfRevenue": 1723793000, "grossProfit": 1958264000, "researchDevelopment": {}, "sellingGeneralAdministrative": 88046000, "nonRecurring": {}, "otherOperatingExpenses": 865793000, "totalOperatingExpenses": 2798383000, "operatingIncome": 883674000, "totalOtherIncomeExpenseNet": 189843000, "ebit": 883674000, "interestExpense": -1905000, "incomeBeforeTax": 1073517000, "incomeTaxExpense": 313164000, "minorityInterest": {}, "netIncomeFromContinuingOps": 760353000, "discontinuedOperations": {}, "extraordinaryItems": {}, "effectOfAccountingCharges": {}, "otherItems": {}, "netIncome": 760353000, "netIncomeApplicableToCommonShares": 760353000}, {"maxAge": 1, "endDate": "2018-03-31", "totalRevenue": 2670337000, "costOfRevenue": 1161390000, "grossProfit": 1508947000, "researchDevelopment": {}, "sellingGeneralAdministrative": 57531000, "nonRecurring": {}, "otherOperatingExpenses": 555562000, "totalOperatingExpenses": 1875788000, "operatingIncome": 794549000, "totalOtherIncomeExpenseNet": 224054000, "ebit": 794549000, "interestExpense": -1266000, "incomeBeforeTax": 1018603000, "incomeTaxExpense": 316509000, "minorityInterest": {}, "netIncomeFromContinuingOps": 702094000, "discontinuedOperations": {}, "extraordinaryItems": {}, "effectOfAccountingCharges": {}, "otherItems": {}, "netIncome": 702094000, "netIncomeApplicableToCommonShares": 702094000}, {"maxAge": 1, "endDate": "2017-03-31", "totalRevenue": 2887013000, "costOfRevenue": 1265459000, "grossProfit": 1621554000, "researchDevelopment": {}, "sellingGeneralAdministrative": 67951000, "nonRecurring": {}, "otherOperatingExpenses": 606170000, "totalOperatingExpenses": 2010896000, "operatingIncome": 876117000, "totalOtherIncomeExpenseNet": 149376000, "ebit": 876117000, "interestExpense": -1746000, "incomeBeforeTax": 1025493000, "incomeTaxExpense": 321301000, "minorityInterest": {}, "netIncomeFromContinuingOps": 704192000, "discontinuedOperations": {}, "extraordinaryItems": {}, "effectOfAccountingCharges": {}, "otherItems": {}, "netIncome": 704192000, "netIncomeApplicableToCommonShares": 704192000}], "maxAge": 86400}, "fundOwnership": {"ownershipList": [], "maxAge": 1}, "summaryDetail": {"maxAge": 1, "priceHint": 2, "previousClose": 613.55, "open": 603.6, "dayLow": 542.0, "dayHigh": 614.0, "regularMarketPreviousClose": 613.55, "regularMarketOpen": 603.6, "regularMarketDayLow": 542.0, "regularMarketDayHigh": 614.0, "exDividendDate": "2019-11-06 05:30:00", "payoutRatio": 0.0, "beta": 1.112836, "trailingPE": 19.838688, "forwardPE": 13.18658, "volume": 20664, "regularMarketVolume": 20664, "averageVolume": 33785, "averageVolume10days": 193669, "averageDailyVolume10Day": 193669, "bid": 0.0, "ask": 0.0, "bidSize": 0, "askSize": 0, "marketCap": 10669787136, "fiftyTwoWeekLow": 205.0, "fiftyTwoWeekHigh": 614.0, "priceToSalesTrailing12Months": 2.7752457, "fiftyDayAverage": 475.72205, "twoHundredDayAverage": 405.24576, "trailingAnnualDividendRate": 25.0, "trailingAnnualDividendYield": 0.040746477, "currency": "INR", "fromCurrency": null, "lastMarket": null, "algorithm": null, "tradeable": false}, "insiderHolders": {"holders": [{"maxAge": 1, "name": "ADI BPO Services Pvt Ltd", "relation": "Promoter", "url": "", "transactionDescription": "Sale", "latestTransDate": "2012-12-28", "positionDirect": 12616996, "positionDirectDate": "2012-12-28"}, {"maxAge": 1, "name": "Genesis Indian Investment Co Ltd", "relation": "UNREPORTED", "url": "", "transactionDescription": "Sale", "latestTransDate": "2009-08-19", "positionDirect": 826096, "positionDirectDate": "2009-08-19"}, {"maxAge": 1, "name": "HM Publishers Holdings Ltd", "relation": "Promoter", "url": "", "transactionDescription": "Sale", "latestTransDate": "2011-10-12", "positionDirect": 0, "positionDirectDate": "2011-10-12"}, {"maxAge": 1, "name": "Sood (Vijay)", "relation": "Director", "url": "", "transactionDescription": "Acquisition", "latestTransDate": "2012-03-30", "positionDirect": 9731, "positionDirectDate": "2012-03-30"}], "maxAge": 1}, "calendarEvents": {"maxAge": 1, "earnings": {"earningsDate": [], "earningsAverage": 8.1, "earningsLow": 8.1, "earningsHigh": 8.1, "revenueAverage": 689000000, "revenueLow": 689000000, "revenueHigh": 689000000}, "exDividendDate": "2019-11-06 05:30:00"}, "upgradeDowngradeHistory": {"history": [], "maxAge": 86400}, "price": {"maxAge": 1, "regularMarketChangePercent": -0.0358569, "regularMarketChange": -22.0, "regularMarketTime": "2021-04-30 15:29:33", "priceHint": 2, "regularMarketPrice": 591.55, "regularMarketDayHigh": 614.0, "regularMarketDayLow": 542.0, "regularMarketVolume": 20664, "averageDailyVolume10Day": 193669, "averageDailyVolume3Month": 33785, "regularMarketPreviousClose": 613.55, "regularMarketSource": "FREE_REALTIME", "regularMarketOpen": 603.6, "exchange": "NSI", "exchangeName": "NSE", "exchangeDataDelayedBy": 15, "marketState": "CLOSED", "quoteType": "EQUITY", "symbol": "MPSLTD.NS", "underlyingSymbol": null, "shortName": "MPS LTD", "longName": "MPS Limited", "currency": "INR", "quoteSourceName": "Delayed Quote", "currencySymbol": "\u20b9", "fromCurrency": null, "lastMarket": null, "marketCap": 10669787136}, "balanceSheetHistory": {"balanceSheetStatements": [{"maxAge": 1, "endDate": "2020-03-31", "cash": 817008000, "shortTermInvestments": 127610000, "netReceivables": 1218079000, "otherCurrentAssets": 37372000, "totalCurrentAssets": 3132416000, "propertyPlantEquipment": 354471000, "goodWill": 617724000, "intangibleAssets": 167315000, "otherAssets": 163967000, "deferredLongTermAssetCharges": 3948000, "totalAssets": 4435893000, "accountsPayable": 121954000, "otherCurrentLiab": 331083000, "otherLiab": 44899000, "totalCurrentLiabilities": 593997000, "totalLiab": 766821000, "commonStock": 186169000, "retainedEarnings": 1937620000, "treasuryStock": 85250000, "capitalSurplus": 1460033000, "otherStockholderEquity": 85250000, "totalStockholderEquity": 3669072000, "netTangibleAssets": 2884033000}, {"maxAge": 1, "endDate": "2019-03-31", "cash": 475245000, "shortTermInvestments": 291551000, "netReceivables": 1178955000, "otherCurrentAssets": 43421000, "totalCurrentAssets": 4164744000, "propertyPlantEquipment": 215542000, "goodWill": 600687000, "intangibleAssets": 203177000, "otherAssets": 189996000, "deferredLongTermAssetCharges": 8653000, "totalAssets": 5374146000, "accountsPayable": 133150000, "otherCurrentLiab": 376188000, "otherLiab": 71571000, "totalCurrentLiabilities": 591021000, "totalLiab": 662592000, "commonStock": 186169000, "retainedEarnings": 3048738000, "treasuryStock": 16614000, "capitalSurplus": 1460033000, "otherStockholderEquity": 16614000, "totalStockholderEquity": 4711554000, "netTangibleAssets": 3907690000}, {"maxAge": 1, "endDate": "2018-03-31", "cash": 229901000, "netReceivables": 750213000, "otherCurrentAssets": 8220000, "totalCurrentAssets": 3906123000, "propertyPlantEquipment": 194885000, "goodWill": 179427000, "intangibleAssets": 102078000, "otherAssets": 130117000, "totalAssets": 4512630000, "accountsPayable": 110909000, "otherCurrentLiab": 106529000, "otherLiab": 48975000, "totalCurrentLiabilities": 276900000, "totalLiab": 325875000, "commonStock": 186169000, "retainedEarnings": 2551622000, "treasuryStock": -11069000, "capitalSurplus": 1460033000, "otherStockholderEquity": -11069000, "totalStockholderEquity": 4186755000, "netTangibleAssets": 3905250000}, {"maxAge": 1, "endDate": "2017-03-31", "cash": 167691000, "netReceivables": 776683000, "otherCurrentAssets": 69287000, "totalCurrentAssets": 3098563000, "propertyPlantEquipment": 221562000, "goodWill": 170804000, "intangibleAssets": 81831000, "otherAssets": 241377000, "totalAssets": 3814137000, "accountsPayable": 109950000, "otherCurrentLiab": 118399000, "otherLiab": 53227000, "totalCurrentLiabilities": 281894000, "totalLiab": 335121000, "commonStock": 186169000, "retainedEarnings": 1859640000, "treasuryStock": -26826000, "capitalSurplus": 1460033000, "otherStockholderEquity": -26826000, "totalStockholderEquity": 3479016000, "netTangibleAssets": 3226381000}], "maxAge": 86400}, "earningsTrend": {"trend": [{"maxAge": 1, "period": "0q", "endDate": "2018-06-30", "growth": -0.262, "earningsEstimate": {"avg": 8.1, "low": 8.1, "high": 8.1, "yearAgoEps": 10.98, "numberOfAnalysts": 1, "growth": -0.262}, "revenueEstimate": {"avg": 689000000, "low": 689000000, "high": 689000000, "numberOfAnalysts": 1, "yearAgoRevenue": 669000000, "growth": 0.03}, "epsTrend": {"current": 8.1, "7daysAgo": 0.0, "30daysAgo": 0.0, "60daysAgo": 0.0, "90daysAgo": 0.0}, "epsRevisions": {"upLast7days": 0, "upLast30days": 0, "downLast30days": 0, "downLast90days": {}}}, {"maxAge": 1, "period": "+1q", "endDate": "2018-09-30", "growth": {}, "earningsEstimate": {"avg": 0.0, "low": 0.0, "high": 0.0, "yearAgoEps": 9.15, "numberOfAnalysts": 0, "growth": {}}, "revenueEstimate": {"avg": 0, "low": 0, "high": 0, "numberOfAnalysts": 0, "yearAgoRevenue": {}, "growth": {}}, "epsTrend": {"current": 0.0, "7daysAgo": 0.0, "30daysAgo": 0.0, "60daysAgo": 0.0, "90daysAgo": 0.0}, "epsRevisions": {"upLast7days": 0, "upLast30days": 0, "downLast30days": 0, "downLast90days": {}}}, {"maxAge": 1, "period": "0y", "endDate": "2019-03-31", "growth": 0.053000003, "earningsEstimate": {"avg": 39.7, "low": 39.7, "high": 39.7, "yearAgoEps": 37.71, "numberOfAnalysts": 1, "growth": 0.053000003}, "revenueEstimate": {"avg": 3578000000, "low": 3578000000, "high": 3578000000, "numberOfAnalysts": 1, "yearAgoRevenue": 2670300000, "growth": 0.34}, "epsTrend": {"current": 39.7, "7daysAgo": 39.3, "30daysAgo": 39.3, "60daysAgo": 41.7, "90daysAgo": 41.4}, "epsRevisions": {"upLast7days": 1, "upLast30days": 1, "downLast30days": 0, "downLast90days": {}}}, {"maxAge": 1, "period": "+1y", "endDate": "2020-03-31", "growth": 0.368, "earningsEstimate": {"avg": 54.3, "low": 54.3, "high": 54.3, "yearAgoEps": 39.7, "numberOfAnalysts": 1, "growth": 0.368}, "revenueEstimate": {"avg": 4292000000, "low": 4292000000, "high": 4292000000, "numberOfAnalysts": 1, "yearAgoRevenue": 3578000000, "growth": 0.2}, "epsTrend": {"current": 54.3, "7daysAgo": 54.0, "30daysAgo": 54.0, "60daysAgo": 55.8, "90daysAgo": 46.9}, "epsRevisions": {"upLast7days": 1, "upLast30days": 1, "downLast30days": 0, "downLast90days": {}}}, {"maxAge": 1, "period": "+5y", "endDate": null, "growth": 0.199, "earningsEstimate": {"avg": {}, "low": {}, "high": {}, "yearAgoEps": {}, "numberOfAnalysts": {}, "growth": {}}, "revenueEstimate": {"avg": {}, "low": {}, "high": {}, "numberOfAnalysts": {}, "yearAgoRevenue": {}, "growth": {}}, "epsTrend": {"current": {}, "7daysAgo": {}, "30daysAgo": {}, "60daysAgo": {}, "90daysAgo": {}}, "epsRevisions": {"upLast7days": {}, "upLast30days": {}, "downLast30days": {}, "downLast90days": {}}}, {"maxAge": 1, "period": "-5y", "endDate": null, "growth": 0.0072899996, "earningsEstimate": {"avg": {}, "low": {}, "high": {}, "yearAgoEps": {}, "numberOfAnalysts": {}, "growth": {}}, "revenueEstimate": {"avg": {}, "low": {}, "high": {}, "numberOfAnalysts": {}, "yearAgoRevenue": {}, "growth": {}}, "epsTrend": {"current": {}, "7daysAgo": {}, "30daysAgo": {}, "60daysAgo": {}, "90daysAgo": {}}, "epsRevisions": {"upLast7days": {}, "upLast30days": {}, "downLast30days": {}, "downLast90days": {}}}], "maxAge": 1}, "institutionOwnership": {"ownershipList": [], "maxAge": 1}, "majorHoldersBreakdown": {"maxAge": 1, "insidersPercentHeld": 0.70779, "institutionsPercentHeld": 0.06549, "institutionsFloatPercentHeld": 0.22410999, "institutionsCount": 4}, "balanceSheetHistoryQuarterly": {"balanceSheetStatements": [{"maxAge": 1, "endDate": "2020-12-31", "totalStockholderEquity": 3927100000, "netTangibleAssets": 2638000000}, {"maxAge": 1, "endDate": "2020-09-30", "cash": 1194700000, "shortTermInvestments": 460700000, "netReceivables": 737100000, "otherCurrentAssets": 731500000, "totalCurrentAssets": 3124000000, "longTermInvestments": 69000000, "propertyPlantEquipment": 400900000, "goodWill": 895900000, "intangibleAssets": 393200000, "otherAssets": 167800000, "deferredLongTermAssetCharges": 3100000, "totalAssets": 5050800000, "accountsPayable": 214500000, "otherCurrentLiab": 596400000, "otherLiab": 74900000, "totalCurrentLiabilities": 922700000, "totalLiab": 1123700000, "commonStock": 186200000, "treasuryStock": 3740900000, "otherStockholderEquity": 3740900000, "totalStockholderEquity": 3927100000, "netTangibleAssets": 2638000000}, {"maxAge": 1, "endDate": "2020-06-30", "totalStockholderEquity": 3669072000, "netTangibleAssets": 2884033000}, {"maxAge": 1, "endDate": "2020-03-31", "cash": 817008000, "shortTermInvestments": 127610000, "netReceivables": 1218079000, "otherCurrentAssets": 37372000, "totalCurrentAssets": 3132416000, "propertyPlantEquipment": 354471000, "goodWill": 617724000, "intangibleAssets": 167315000, "otherAssets": 163967000, "deferredLongTermAssetCharges": 3948000, "totalAssets": 4435893000, "accountsPayable": 121954000, "otherCurrentLiab": 331083000, "otherLiab": 44899000, "totalCurrentLiabilities": 593997000, "totalLiab": 766821000, "commonStock": 186169000, "retainedEarnings": 1937620000, "treasuryStock": 85250000, "capitalSurplus": 1460033000, "otherStockholderEquity": 85250000, "totalStockholderEquity": 3669072000, "netTangibleAssets": 2884033000}], "maxAge": 86400}, "earningsHistory": {"history": [{"maxAge": 1, "epsActual": 10.98, "epsEstimate": 8.8, "epsDifference": 2.18, "surprisePercent": 0.248, "quarter": "2017-06-30", "period": "-4q"}, {"maxAge": 1, "epsActual": 9.15, "epsEstimate": 10.59, "epsDifference": -1.44, "surprisePercent": -0.136, "quarter": "2017-09-30", "period": "-3q"}, {"maxAge": 1, "epsActual": 9.43, "epsEstimate": 9.3, "epsDifference": 0.13, "surprisePercent": 0.0139999995, "quarter": "2017-12-31", "period": "-2q"}, {"maxAge": 1, "epsActual": 8.14, "epsEstimate": 9.6, "epsDifference": -1.46, "surprisePercent": -0.152, "quarter": "2018-03-31", "period": "-1q"}], "maxAge": 86400}, "summaryProfile": {"address1": "C-35, Sector 62", "city": "Noida", "zip": "201307", "country": "India", "phone": "91 12 0459 9754", "fax": "91 12 0402 1280", "website": "http://www.mpslimited.com", "industry": "Publishing", "sector": "Communication Services", "longBusinessSummary": "MPS Limited provides platforms and services for content creation, full-service production, and distribution to the publishers, learning companies, corporate institutions, libraries, and content aggregators in India, Europe, the United States, and internationally. It operates through three segments: Content Solutions, Platform Solutions, and eLearning Solutions. The company offers content authoring and development solutions from PreK\u00c2\u009612 through higher education and professional development; publishing solutions; interactive systems; digital transformation and accessibility solutions; new media solutions; content assembly and transformation solutions; content fulfillment solutions; and marketing and customer support solutions. It also provides platforms, such as Digicore, a cloud-based digital publishing platform; MPSTrak, a cloud-based workflow and content management platform for books, journals, reference works, and media; mag+, which publishes content to mobile app; THINK360, an end-to-end order management and delivery platform; ScholarStor, a content hosting and delivery platform for publishers; SCHOLARLYStats, a cloud-based platform to empower librarians and institutions; MPSInsight, a cloud-based usage analytics platform that empowers publishers to access and analyze content usage analytics based on COUNTER standards; and TOPSIM solutions. In addition, the company offers eLearning solutions, including custom development, managed learning, mobile and micro learning, simulation, and gaming solutions, as well as augmented, virtual, and extended reality solutions; and operates experience centers and learning platforms. The company was formerly known as Macmillan India Limited and changed its name to MPS Limited in June 2009. The company was founded in 1892 and is based in Noida, India. MPS Limited is a subsidiary of ADI BPO Services Limited.", "fullTimeEmployees": 2403, "companyOfficers": [], "maxAge": 86400}, "netSharePurchaseActivity": {"maxAge": 1, "period": "6m", "buyInfoCount": 0, "buyInfoShares": 0, "sellInfoCount": 0, "netInfoCount": 0, "netInfoShares": 0, "netPercentInsiderShares": 0.0, "totalInsiderShares": 12804564}, "insiderTransactions": {"transactions": [{"maxAge": 1, "shares": 2277016, "filerUrl": "", "transactionText": "", "filerName": "ADI BPO Services Pvt Ltd", "filerRelation": "Promoter", "moneyText": "", "startDate": "2012-12-28", "ownership": "D"}, {"maxAge": 1, "shares": 5560, "filerUrl": "", "transactionText": "", "filerName": "Sood (Vijay)", "filerRelation": "Director", "moneyText": "", "startDate": "2012-03-30", "ownership": "D"}, {"maxAge": 1, "shares": 4171, "filerUrl": "", "transactionText": "", "filerName": "Sood (Vijay)", "filerRelation": "Director", "moneyText": "", "startDate": "2012-03-28", "ownership": "D"}, {"maxAge": 1, "shares": 10339980, "filerUrl": "", "transactionText": "", "filerName": "ADI BPO Services Pvt Ltd", "filerRelation": "Institution- Corporation", "moneyText": "", "startDate": "2011-10-12", "ownership": "D"}, {"maxAge": 1, "shares": 10339980, "filerUrl": "", "transactionText": "", "filerName": "HM Publishers Holdings Ltd", "filerRelation": "Promoter", "moneyText": "", "startDate": "2011-10-12", "ownership": "D"}, {"maxAge": 1, "shares": 22680, "filerUrl": "", "transactionText": "", "filerName": "Genesis Indian Investment Co Ltd", "filerRelation": "UNREPORTED", "moneyText": "", "startDate": "2009-08-19", "ownership": "D"}], "maxAge": 1}, "sectorTrend": {"maxAge": 1, "symbol": null, "estimates": []}, "incomeStatementHistoryQuarterly": {"incomeStatementHistory": [{"maxAge": 1, "endDate": "2020-12-31", "totalRevenue": 1161900000, "costOfRevenue": 541800000, "grossProfit": 620100000, "researchDevelopment": {}, "sellingGeneralAdministrative": {}, "nonRecurring": {}, "otherOperatingExpenses": 292900000, "totalOperatingExpenses": 892300000, "operatingIncome": 269600000, "totalOtherIncomeExpenseNet": 35000000, "ebit": 269600000, "interestExpense": -4900000, "incomeBeforeTax": 304600000, "incomeTaxExpense": 125500000, "minorityInterest": {}, "netIncomeFromContinuingOps": 179100000, "discontinuedOperations": {}, "extraordinaryItems": {}, "effectOfAccountingCharges": {}, "otherItems": {}, "netIncome": 179100000, "netIncomeApplicableToCommonShares": 179100000}, {"maxAge": 1, "endDate": "2020-09-30", "totalRevenue": 1103400000, "costOfRevenue": 555900000, "grossProfit": 547500000, "researchDevelopment": {}, "sellingGeneralAdministrative": {}, "nonRecurring": {}, "otherOperatingExpenses": 299700000, "totalOperatingExpenses": 915700000, "operatingIncome": 187700000, "totalOtherIncomeExpenseNet": 7700000, "ebit": 187700000, "interestExpense": -5000000, "incomeBeforeTax": 195400000, "incomeTaxExpense": 56400000, "minorityInterest": {}, "netIncomeFromContinuingOps": 139000000, "discontinuedOperations": {}, "extraordinaryItems": {}, "effectOfAccountingCharges": {}, "otherItems": {}, "netIncome": 139000000, "netIncomeApplicableToCommonShares": 139000000}, {"maxAge": 1, "endDate": "2020-06-30", "totalRevenue": 817700000, "costOfRevenue": 395600000, "grossProfit": 422100000, "researchDevelopment": {}, "sellingGeneralAdministrative": {}, "nonRecurring": {}, "otherOperatingExpenses": 215000000, "totalOperatingExpenses": 649300000, "operatingIncome": 168400000, "totalOtherIncomeExpenseNet": 20700000, "ebit": 168400000, "interestExpense": -4200000, "incomeBeforeTax": 189100000, "incomeTaxExpense": 50500000, "minorityInterest": {}, "netIncomeFromContinuingOps": 138600000, "discontinuedOperations": {}, "extraordinaryItems": {}, "effectOfAccountingCharges": {}, "otherItems": {}, "netIncome": 138600000, "netIncomeApplicableToCommonShares": 138600000}, {"maxAge": 1, "endDate": "2020-03-31", "totalRevenue": 761628000, "costOfRevenue": 486848000, "grossProfit": 274780000, "researchDevelopment": {}, "sellingGeneralAdministrative": 16208000, "nonRecurring": {}, "otherOperatingExpenses": 121537000, "totalOperatingExpenses": 662447000, "operatingIncome": 99181000, "totalOtherIncomeExpenseNet": 36505000, "ebit": 99181000, "interestExpense": -5687000, "incomeBeforeTax": 135686000, "incomeTaxExpense": 41402000, "minorityInterest": {}, "netIncomeFromContinuingOps": 94284000, "discontinuedOperations": {}, "extraordinaryItems": {}, "effectOfAccountingCharges": {}, "otherItems": {}, "netIncome": 94284000, "netIncomeApplicableToCommonShares": 94284000}], "maxAge": 86400}, "cashflowStatementHistoryQuarterly": {"cashflowStatements": [{"maxAge": 1, "endDate": "2020-12-31", "netIncome": 179100000, "changeToLiabilities": 0}, {"maxAge": 1, "endDate": "2020-09-30", "netIncome": 139000000, "changeToLiabilities": 0}, {"maxAge": 1, "endDate": "2020-06-30", "netIncome": 138600000, "changeToLiabilities": 0}, {"maxAge": 1, "endDate": "2020-03-31", "netIncome": 94284000, "changeToLiabilities": 0}], "maxAge": 86400}, "earnings": {"maxAge": 86400, "earningsChart": {"quarterly": [{"date": "2Q2017", "actual": 10.98, "estimate": 8.8}, {"date": "3Q2017", "actual": 9.15, "estimate": 10.59}, {"date": "4Q2017", "actual": 9.43, "estimate": 9.3}, {"date": "1Q2018", "actual": 8.14, "estimate": 9.6}], "currentQuarterEstimate": 8.1, "currentQuarterEstimateDate": "2Q", "currentQuarterEstimateYear": 2018, "earningsDate": []}, "financialsChart": {"yearly": [{"date": 2017, "revenue": 2887013000, "earnings": 704192000}, {"date": 2018, "revenue": 2670337000, "earnings": 702094000}, {"date": 2019, "revenue": 3682057000, "earnings": 760353000}, {"date": 2020, "revenue": 3316528000, "earnings": 598584000}], "quarterly": [{"date": "1Q2020", "revenue": 761628000, "earnings": 94284000}, {"date": "2Q2020", "revenue": 817700000, "earnings": 138600000}, {"date": "3Q2020", "revenue": 1103400000, "earnings": 139000000}, {"date": "4Q2020", "revenue": 1161900000, "earnings": 179100000}]}, "financialCurrency": "INR"}, "financialData": {"maxAge": 86400, "currentPrice": 591.55, "targetHighPrice": 820.0, "targetLowPrice": 820.0, "targetMeanPrice": 820.0, "targetMedianPrice": 820.0, "recommendationMean": 1.0, "recommendationKey": "strong_buy", "numberOfAnalystOpinions": 1, "totalCash": 1655399936, "totalCashPerShare": 91.505, "ebitda": 784408768, "totalDebt": 237900000, "totalRevenue": 3844627968, "debtToEquity": 6.058, "revenuePerShare": 208.063, "grossProfits": 1588680000, "earningsGrowth": 0.424, "revenueGrowth": 0.389, "grossMargins": 0.48496, "ebitdaMargins": 0.20402999, "operatingMargins": 0.18854, "profitMargins": 0.14331001, "financialCurrency": "INR"}}}