{"MRCEXIM.BO": {"cashflowStatementHistory": {"cashflowStatements": [{"maxAge": 1, "endDate": "2020-03-31", "netIncome": 714523, "depreciation": 53363, "changeToNetincome": -5842660, "changeToAccountReceivables": 9024138, "changeToLiabilities": 10335247, "changeToOperatingActivities": 1296673, "totalCashFromOperatingActivities": 16437451, "investments": 53150, "otherCashflowsFromInvestingActivities": -13550076, "totalCashflowsFromInvestingActivities": -13496926, "changeInCash": 2940525}, {"maxAge": 1, "endDate": "2019-03-31", "netIncome": 1447979, "depreciation": 147881, "changeToNetincome": -7565591, "changeToAccountReceivables": -12600648, "changeToLiabilities": -4706698, "changeToInventory": 772286, "changeToOperatingActivities": -14076327, "totalCashFromOperatingActivities": -36581118, "capitalExpenditures": -1365000, "investments": 24795345, "otherCashflowsFromInvestingActivities": 12873533, "totalCashflowsFromInvestingActivities": 36303878, "changeInCash": -277240}, {"maxAge": 1, "endDate": "2018-03-31", "netIncome": -433179, "depreciation": 170426, "changeToNetincome": -5500827, "changeToAccountReceivables": 7056358, "changeToLiabilities": -43352642, "changeToInventory": -772286, "changeToOperatingActivities": 3942462, "totalCashFromOperatingActivities": -38889688, "capitalExpenditures": -1365000, "investments": -20631349, "otherCashflowsFromInvestingActivities": 13052562, "totalCashflowsFromInvestingActivities": -7420125, "netBorrowings": 2816111, "otherCashflowsFromFinancingActivities": -1877071, "totalCashFromFinancingActivities": 45939040, "changeInCash": -370773, "issuanceOfStock": 45000000}, {"maxAge": 1, "endDate": "2017-03-31", "netIncome": 1193138, "depreciation": 181733, "changeToNetincome": -5778673, "changeToAccountReceivables": -11127095, "changeToLiabilities": 18016389, "changeToInventory": -772286, "changeToOperatingActivities": -16330611, "totalCashFromOperatingActivities": -13845119, "capitalExpenditures": -11000, "investments": -11250000, "otherCashflowsFromInvestingActivities": 13052562, "totalCashflowsFromInvestingActivities": -11261000, "netBorrowings": 6178165, "otherCashflowsFromFinancingActivities": -1877071, "totalCashFromFinancingActivities": 28178165, "changeInCash": 3072046, "issuanceOfStock": 22000000}], "maxAge": 86400}, "institutionOwnership": {"ownershipList": [], "maxAge": 1}, "balanceSheetHistoryQuarterly": {"balanceSheetStatements": [{"maxAge": 1, "endDate": "2020-03-31", "cash": 3036101, "netReceivables": 98518238, "otherCurrentAssets": 29711262, "totalCurrentAssets": 131265601, "longTermInvestments": 11250000, "propertyPlantEquipment": 35691, "intangibleAssets": 499386, "totalAssets": 143050678, "accountsPayable": 16745370, "otherCurrentLiab": 257720, "otherLiab": 110053, "totalCurrentLiabilities": 21429485, "totalLiab": 21539538, "commonStock": 104209000, "retainedEarnings": 3052140, "capitalSurplus": 14250000, "totalStockholderEquity": 121511140, "netTangibleAssets": 121011754}, {"maxAge": 1, "endDate": "2019-12-31", "cash": 3036101, "netReceivables": 98518238, "otherCurrentAssets": 29711262, "totalCurrentAssets": 131265601, "longTermInvestments": 11250000, "propertyPlantEquipment": 35691, "intangibleAssets": 499386, "totalAssets": 143050678, "accountsPayable": 16745370, "otherCurrentLiab": 257720, "otherLiab": 110053, "totalCurrentLiabilities": 21429485, "totalLiab": 21539538, "commonStock": 104209000, "retainedEarnings": 3052140, "capitalSurplus": 14250000, "totalStockholderEquity": 121511140, "netTangibleAssets": 121011754}, {"maxAge": 1, "endDate": "2019-09-30", "cash": 2077000, "netReceivables": 157125000, "otherCurrentAssets": 16612000, "totalCurrentAssets": 175814000, "longTermInvestments": 11250000, "propertyPlantEquipment": 990000, "totalAssets": 188054000, "accountsPayable": 60641000, "otherCurrentLiab": 462000, "otherLiab": 110000, "totalCurrentLiabilities": 66353000, "totalLiab": 66463000, "commonStock": 104209000, "treasuryStock": 17382000, "otherStockholderEquity": 17382000, "totalStockholderEquity": 121591000, "netTangibleAssets": 121591000}, {"maxAge": 1, "endDate": "2019-06-30", "cash": 2077000, "netReceivables": 157125000, "otherCurrentAssets": 16612000, "totalCurrentAssets": 175814000, "longTermInvestments": 11250000, "propertyPlantEquipment": 990000, "totalAssets": 188054000, "accountsPayable": 60641000, "otherCurrentLiab": 462000, "otherLiab": 110000, "totalCurrentLiabilities": 66353000, "totalLiab": 66463000, "commonStock": 104209000, "treasuryStock": 17382000, "otherStockholderEquity": 17382000, "totalStockholderEquity": 121591000, "netTangibleAssets": 121591000}], "maxAge": 86400}, "indexTrend": {"maxAge": 1, "symbol": "SP5", "peRatio": 19.7411, "pegRatio": 1.34172, "estimates": [{"period": "0q", "growth": 0.549}, {"period": "+1q", "growth": 0.431}, {"period": "0y", "growth": 0.305}, {"period": "+1y", "growth": 0.109}, {"period": "+5y", "growth": 0.120859005}, {"period": "-5y"}]}, "quoteType": {"exchange": "BSE", "quoteType": "EQUITY", "symbol": "MRCEXIM.BO", "underlyingSymbol": "MRCEXIM.BO", "shortName": "MRC Exim Limited", "longName": "MRC Exim Limited", "firstTradeDateEpochUtc": "2017-12-18 09:15:00", "timeZoneFullName": "Asia/Kolkata", "timeZoneShortName": "IST", "uuid": "aba25437-cec4-3267-9854-14351f850fd0", "gmtOffSetMilliseconds": 19800000, "maxAge": 1}, "incomeStatementHistory": {"incomeStatementHistory": [{"maxAge": 1, "endDate": "2020-03-31", "totalRevenue": 169200929, "costOfRevenue": 138635897, "grossProfit": 30565032, "researchDevelopment": {}, "sellingGeneralAdministrative": 2828862, "nonRecurring": {}, "otherOperatingExpenses": 31305697, "totalOperatingExpenses": 173679986, "operatingIncome": -4479057, "totalOtherIncomeExpenseNet": 5590020, "ebit": -4479057, "interestExpense": -252640, "incomeBeforeTax": 1110963, "incomeTaxExpense": 396440, "minorityInterest": {}, "netIncomeFromContinuingOps": 714523, "discontinuedOperations": {}, "extraordinaryItems": {}, "effectOfAccountingCharges": {}, "otherItems": {}, "netIncome": 714523, "netIncomeApplicableToCommonShares": 714523}, {"maxAge": 1, "endDate": "2019-03-31", "totalRevenue": 123248354, "costOfRevenue": 103536620, "grossProfit": 19711734, "researchDevelopment": {}, "sellingGeneralAdministrative": 4155353, "nonRecurring": {}, "otherOperatingExpenses": 20232048, "totalOperatingExpenses": 128071902, "operatingIncome": -4823548, "totalOtherIncomeExpenseNet": 6262461, "ebit": -4823548, "interestExpense": -551984, "incomeBeforeTax": 1438913, "incomeTaxExpense": -9066, "minorityInterest": {}, "netIncomeFromContinuingOps": 1447979, "discontinuedOperations": {}, "extraordinaryItems": {}, "effectOfAccountingCharges": {}, "otherItems": {}, "netIncome": 1447979, "netIncomeApplicableToCommonShares": 1447979}, {"maxAge": 1, "endDate": "2018-03-31", "totalRevenue": 236461018, "costOfRevenue": 231505422, "grossProfit": 4955596, "researchDevelopment": {}, "sellingGeneralAdministrative": 4593139, "nonRecurring": {}, "otherOperatingExpenses": 4886601, "totalOperatingExpenses": 241155588, "operatingIncome": -4694570, "totalOtherIncomeExpenseNet": 5251620, "ebit": -4694570, "interestExpense": -467119, "incomeBeforeTax": 557050, "incomeTaxExpense": 990229, "minorityInterest": {}, "netIncomeFromContinuingOps": -433179, "discontinuedOperations": {}, "extraordinaryItems": {}, "effectOfAccountingCharges": {}, "otherItems": {}, "netIncome": -433179, "netIncomeApplicableToCommonShares": -433179}, {"maxAge": 1, "endDate": "2017-03-31", "totalRevenue": 161208340, "costOfRevenue": 159176720, "grossProfit": 2031620, "researchDevelopment": {}, "sellingGeneralAdministrative": 3926705, "nonRecurring": {}, "otherOperatingExpenses": 1719469, "totalOperatingExpenses": 165004627, "operatingIncome": -3796287, "totalOtherIncomeExpenseNet": 5522995, "ebit": -3796287, "interestExpense": -248637, "incomeBeforeTax": 1726708, "incomeTaxExpense": 533570, "minorityInterest": {}, "netIncomeFromContinuingOps": 1193138, "discontinuedOperations": {}, "extraordinaryItems": {}, "effectOfAccountingCharges": {}, "otherItems": {}, "netIncome": 1193138, "netIncomeApplicableToCommonShares": 1193138}], "maxAge": 86400}, "fundOwnership": {"ownershipList": [], "maxAge": 1}, "summaryDetail": {"maxAge": 1, "priceHint": 2, "previousClose": 6.7, "open": 6.8, "dayLow": 6.7, "dayHigh": 6.85, "regularMarketPreviousClose": 6.7, "regularMarketOpen": 6.8, "regularMarketDayLow": 6.7, "regularMarketDayHigh": 6.85, "trailingPE": 97.10145, "volume": 1088002458, "regularMarketVolume": 1088002458, "averageVolume": 1704, "averageVolume10days": 3200, "averageDailyVolume10Day": 3200, "bid": 0.0, "ask": 6.65, "bidSize": 0, "askSize": 0, "marketCap": 69820032, "fiftyTwoWeekLow": 3.1, "fiftyTwoWeekHigh": 9.18, "fiftyDayAverage": 4.4930305, "twoHundredDayAverage": 5.4644117, "currency": "INR", "fromCurrency": null, "lastMarket": null, "algorithm": null, "tradeable": false}, "incomeStatementHistoryQuarterly": {"incomeStatementHistory": [{"maxAge": 1, "endDate": "2020-03-31", "totalRevenue": 29043465, "costOfRevenue": 13772949, "grossProfit": 15270516, "researchDevelopment": {}, "sellingGeneralAdministrative": 810931, "nonRecurring": {}, "otherOperatingExpenses": 15134849, "totalOperatingExpenses": 29945993, "operatingIncome": -902529, "totalOtherIncomeExpenseNet": 918510, "ebit": -902529, "interestExpense": -60820, "incomeBeforeTax": 15982, "incomeTaxExpense": 55720, "minorityInterest": {}, "netIncomeFromContinuingOps": -39738, "discontinuedOperations": {}, "extraordinaryItems": {}, "effectOfAccountingCharges": {}, "otherItems": {}, "netIncome": -39738, "netIncomeApplicableToCommonShares": -39738}, {"maxAge": 1, "endDate": "2019-12-31", "totalRevenue": 29043465, "costOfRevenue": 13772949, "grossProfit": 15270516, "researchDevelopment": {}, "sellingGeneralAdministrative": 810931, "nonRecurring": {}, "otherOperatingExpenses": 15134849, "totalOperatingExpenses": 29945993, "operatingIncome": -902529, "totalOtherIncomeExpenseNet": 918510, "ebit": -902529, "interestExpense": -60820, "incomeBeforeTax": 15982, "incomeTaxExpense": 55720, "minorityInterest": {}, "netIncomeFromContinuingOps": -39738, "discontinuedOperations": {}, "extraordinaryItems": {}, "effectOfAccountingCharges": {}, "otherItems": {}, "netIncome": -39738, "netIncomeApplicableToCommonShares": -39738}, {"maxAge": 1, "endDate": "2019-09-30", "totalRevenue": 55557000, "costOfRevenue": 55545000, "grossProfit": 12000, "researchDevelopment": {}, "sellingGeneralAdministrative": 603500, "nonRecurring": {}, "otherOperatingExpenses": 518000, "totalOperatingExpenses": 56894000, "operatingIncome": -1337000, "totalOtherIncomeExpenseNet": 1876500, "ebit": -1337000, "interestExpense": -65500, "incomeBeforeTax": 539500, "incomeTaxExpense": 142500, "minorityInterest": {}, "netIncomeFromContinuingOps": 397000, "discontinuedOperations": {}, "extraordinaryItems": {}, "effectOfAccountingCharges": {}, "otherItems": {}, "netIncome": 397000, "netIncomeApplicableToCommonShares": 397000}, {"maxAge": 1, "endDate": "2019-06-30", "totalRevenue": 55557000, "costOfRevenue": 55545000, "grossProfit": 12000, "researchDevelopment": {}, "sellingGeneralAdministrative": 603500, "nonRecurring": {}, "otherOperatingExpenses": 518000, "totalOperatingExpenses": 56894000, "operatingIncome": -1337000, "totalOtherIncomeExpenseNet": 1876500, "ebit": -1337000, "interestExpense": -65500, "incomeBeforeTax": 539500, "incomeTaxExpense": 142500, "minorityInterest": {}, "netIncomeFromContinuingOps": 397000, "discontinuedOperations": {}, "extraordinaryItems": {}, "effectOfAccountingCharges": {}, "otherItems": {}, "netIncome": 397000, "netIncomeApplicableToCommonShares": 397000}], "maxAge": 86400}, "cashflowStatementHistoryQuarterly": {"cashflowStatements": [{"maxAge": 1, "endDate": "2020-03-31", "netIncome": -39738, "changeToLiabilities": 0}, {"maxAge": 1, "endDate": "2019-12-31", "netIncome": -39738, "changeToLiabilities": 0}, {"maxAge": 1, "endDate": "2019-09-30", "netIncome": 397000, "changeToLiabilities": 0}, {"maxAge": 1, "endDate": "2019-06-30", "netIncome": 397000, "changeToLiabilities": 0}], "maxAge": 86400}, "insiderHolders": {"holders": [], "maxAge": 1}, "calendarEvents": {"maxAge": 1, "earnings": {"earningsDate": ["2020-06-30 05:30:S"]}}, "upgradeDowngradeHistory": {"history": [], "maxAge": 86400}, "price": {"maxAge": 1, "regularMarketChangePercent": 0.0, "regularMarketChange": 0.0, "regularMarketTime": "2021-04-01 15:29:21", "priceHint": 2, "regularMarketPrice": 6.7, "regularMarketDayHigh": 6.85, "regularMarketDayLow": 6.7, "regularMarketVolume": 1088002458, "averageDailyVolume10Day": 3200, "averageDailyVolume3Month": 1704, "regularMarketPreviousClose": 6.7, "regularMarketSource": "FREE_REALTIME", "regularMarketOpen": 6.8, "exchange": "BSE", "exchangeName": "BSE", "exchangeDataDelayedBy": 0, "marketState": "CLOSED", "quoteType": "EQUITY", "symbol": "MRCEXIM.BO", "underlyingSymbol": null, "shortName": "MRC Exim Limited", "longName": "MRC Exim Limited", "currency": "INR", "quoteSourceName": "Delayed Quote", "currencySymbol": "\u20b9", "fromCurrency": null, "lastMarket": null, "marketCap": 69820032}, "balanceSheetHistory": {"balanceSheetStatements": [{"maxAge": 1, "endDate": "2020-03-31", "cash": 3036101, "netReceivables": 98518238, "otherCurrentAssets": 29711262, "totalCurrentAssets": 131265601, "longTermInvestments": 11250000, "propertyPlantEquipment": 35691, "intangibleAssets": 499386, "totalAssets": 143050678, "accountsPayable": 16745370, "otherCurrentLiab": 257720, "otherLiab": 110053, "totalCurrentLiabilities": 21429485, "totalLiab": 21539538, "commonStock": 104209000, "retainedEarnings": 3052140, "capitalSurplus": 14250000, "totalStockholderEquity": 121511140, "netTangibleAssets": 121011754}, {"maxAge": 1, "endDate": "2019-03-31", "cash": 95575, "netReceivables": 125675617, "otherCurrentAssets": 13462550, "totalCurrentAssets": 139233742, "longTermInvestments": 11303150, "propertyPlantEquipment": 89054, "intangibleAssets": 1355552, "totalAssets": 151981498, "accountsPayable": 6410123, "otherCurrentLiab": 71120, "otherLiab": 110053, "totalCurrentLiabilities": 31074828, "totalLiab": 31184881, "commonStock": 104209000, "retainedEarnings": 2337617, "capitalSurplus": 14250000, "totalStockholderEquity": 120796617, "netTangibleAssets": 119441065}, {"maxAge": 1, "endDate": "2018-03-31", "cash": 372834, "netReceivables": 115787084, "inventory": 772286, "otherCurrentAssets": 717317, "totalCurrentAssets": 117649521, "longTermInvestments": 35108689, "propertyPlantEquipment": 227487, "totalAssets": 152985697, "accountsPayable": 11211659, "otherCurrentLiab": 5158149, "otherLiab": 380944, "totalCurrentLiabilities": 33256096, "totalLiab": 33637040, "commonStock": 104209000, "retainedEarnings": 886214, "treasuryStock": 3443, "capitalSurplus": 14250000, "otherStockholderEquity": 3443, "totalStockholderEquity": 119348657, "netTangibleAssets": 119348657}, {"maxAge": 1, "endDate": "2017-03-31", "cash": 43354, "netReceivables": 123864116, "otherCurrentAssets": 44201, "totalCurrentAssets": 123951671, "longTermInvestments": 14477340, "propertyPlantEquipment": 239251, "otherAssets": 79285, "deferredLongTermAssetCharges": 79285, "totalAssets": 138747547, "accountsPayable": 54564301, "otherCurrentLiab": 1563245, "longTermDebt": 7838165, "totalCurrentLiabilities": 56127546, "totalLiab": 63965711, "commonStock": 29683600, "retainedEarnings": 1193138, "capitalSurplus": 43905098, "totalStockholderEquity": 74781836, "netTangibleAssets": 74781836}], "maxAge": 86400}, "financialData": {"maxAge": 86400, "currentPrice": 6.7, "recommendationKey": "none", "grossProfits": 30565032, "financialCurrency": "INR"}}}