{"MRPL.NS": {"assetProfile": {"address1": "Mudapadav", "address2": "Post Kuthethoor Via- Katipalla", "city": "Mangalore", "zip": "575030", "country": "India", "phone": "91 82 4227 0400", "fax": "91 82 4227 3300", "website": "http://www.mrpl.co.in", "industry": "Oil & Gas Refining & Marketing", "sector": "Energy", "longBusinessSummary": "Mangalore Refinery and Petrochemicals Limited manufactures and sells refined petroleum products in India. The company produces and sells hydrogen, liquefied petroleum gas, fuel gas, motor spirit, xylol, naphtha, SKO, high speed diesel, aviation turbine fuel, furnace oil, asphalt, CRMB, LSWR, sulphur, and pet coke, as well as bitumen, polypropylene, and other products. It operates 7 retail outlets. The company serves mining, construction, power, agriculture, fertilizer, and paint industries. It also exports its products. The company was founded in 1988 and is based in Mangalore, India. Mangalore Refinery and Petrochemicals Limited is a subsidiary of Oil and Natural Gas Corporation Limited.", "fullTimeEmployees": 1942, "companyOfficers": [{"maxAge": 1, "name": "Mr. M.  Venkatesh", "age": 55, "title": "MD, CEO & Director", "yearBorn": 1965, "fiscalYear": 2020, "totalPay": 4948000, "exercisedValue": 0, "unexercisedValue": 0}, {"maxAge": 1, "name": "Mr. Ravi S. Prasad", "title": "Chief Financial Officer", "fiscalYear": 2020, "totalPay": 4080178, "exercisedValue": 0, "unexercisedValue": 0}, {"maxAge": 1, "name": "Ms. Pomila  Jaspal", "age": 56, "title": "CFO & Director", "yearBorn": 1964, "fiscalYear": 2020, "totalPay": 2150000, "exercisedValue": 0, "unexercisedValue": 0}, {"maxAge": 1, "name": "Mr. Dinesh Ranjan Mishra", "title": "Company Sec., Compliance Officer & Chief Investor Relation Officer", "fiscalYear": 2020, "totalPay": 3783000, "exercisedValue": 0, "unexercisedValue": 0}, {"maxAge": 1, "name": "Mr. Vijay  Bhatnagar", "title": "Group Gen. Mang. of Markrting & BD", "exercisedValue": 0, "unexercisedValue": 0}, {"maxAge": 1, "name": "Mr. Rajeev  Kushwah ITS", "title": "Chief Vigilance Officer", "exercisedValue": 0, "unexercisedValue": 0}, {"maxAge": 1, "name": "Mr. Sanjay  Varma", "age": 56, "title": "Director of Refinery & Director", "yearBorn": 1964, "exercisedValue": 0, "unexercisedValue": 0}, {"maxAge": 1, "name": "Puneet  Jain", "title": "Deputy Company Sec.", "exercisedValue": 0, "unexercisedValue": 0}], "auditRisk": 4, "boardRisk": 9, "compensationRisk": 3, "shareHolderRightsRisk": 8, "overallRisk": 9, "governanceEpochDate": "2021-04-01 05:30:00", "compensationAsOfEpochDate": "2020-12-31 05:30:00", "maxAge": 86400}, "recommendationTrend": {"trend": [{"period": "0m", "strongBuy": 0, "buy": 0, "hold": 0, "sell": 0, "strongSell": 0}, {"period": "-1m", "strongBuy": 1, "buy": 6, "hold": 0, "sell": 0, "strongSell": 1}, {"period": "-2m", "strongBuy": 1, "buy": 6, "hold": 0, "sell": 0, "strongSell": 1}, {"period": "-3m", "strongBuy": 1, "buy": 5, "hold": 1, "sell": 0, "strongSell": 1}], "maxAge": 86400}, "cashflowStatementHistory": {"cashflowStatements": [{"maxAge": 1, "endDate": "2020-03-31", "netIncome": -33529180000, "depreciation": 10841030000, "changeToNetincome": 93440000, "changeToAccountReceivables": 13383980000, "changeToLiabilities": -12089610000, "changeToInventory": 20752610000, "changeToOperatingActivities": 5299510000, "totalCashFromOperatingActivities": 4758550000, "capitalExpenditures": -14938220000, "otherCashflowsFromInvestingActivities": 462730000, "totalCashflowsFromInvestingActivities": -14469750000, "dividendsPaid": -1752600000, "netBorrowings": 13082920000, "otherCashflowsFromFinancingActivities": -10174210000, "totalCashFromFinancingActivities": 9682470000, "changeInCash": -28730000, "issuanceOfStock": 8526360000}, {"maxAge": 1, "endDate": "2019-03-31", "netIncome": 3400430000, "depreciation": 10457960000, "changeToNetincome": 11787780000, "changeToAccountReceivables": 2018420000, "changeToLiabilities": 1586210000, "changeToInventory": -10703130000, "changeToOperatingActivities": -2172580000, "totalCashFromOperatingActivities": 16340990000, "capitalExpenditures": -11927170000, "otherCashflowsFromInvestingActivities": 1174780000, "totalCashflowsFromInvestingActivities": -10738500000, "dividendsPaid": -5257800000, "netBorrowings": 5780890000, "otherCashflowsFromFinancingActivities": -10482540000, "totalCashFromFinancingActivities": -9959450000, "changeInCash": -4356960000, "issuanceOfStock": 8526360000}, {"maxAge": 1, "endDate": "2018-03-31", "netIncome": 19926450000, "depreciation": 9646920000, "changeToNetincome": 10771910000, "changeToAccountReceivables": -364260000, "changeToLiabilities": -10474230000, "changeToInventory": -8240580000, "changeToOperatingActivities": 18428900000, "totalCashFromOperatingActivities": 39659890000, "capitalExpenditures": -10707090000, "otherCashflowsFromInvestingActivities": 952360000, "totalCashflowsFromInvestingActivities": -9754730000, "dividendsPaid": -10515590000, "netBorrowings": -6580020000, "otherCashflowsFromFinancingActivities": -10867390000, "totalCashFromFinancingActivities": -27963000000, "changeInCash": 1942160000, "issuanceOfStock": 8526360000}, {"maxAge": 1, "endDate": "2017-03-31", "netIncome": 34726410000, "depreciation": 9798510000, "changeToNetincome": 10174190000, "changeToAccountReceivables": -3043320000, "changeToLiabilities": -155025010000, "changeToInventory": -10316100000, "changeToOperatingActivities": 102549840000, "totalCashFromOperatingActivities": -11499180000, "capitalExpenditures": -8618340000, "investments": 310000, "otherCashflowsFromInvestingActivities": 5680280000, "totalCashflowsFromInvestingActivities": -2237860000, "dividendsPaid": -10515590000, "netBorrowings": 12120650000, "otherCashflowsFromFinancingActivities": -9475260000, "totalCashFromFinancingActivities": 2645390000, "changeInCash": -11091650000, "issuanceOfStock": 8526360000}], "maxAge": 86400}, "indexTrend": {"maxAge": 1, "symbol": "SP5", "peRatio": 19.7411, "pegRatio": 1.34172, "estimates": [{"period": "0q", "growth": 0.549}, {"period": "+1q", "growth": 0.431}, {"period": "0y", "growth": 0.305}, {"period": "+1y", "growth": 0.109}, {"period": "+5y", "growth": 0.120865}, {"period": "-5y"}]}, "defaultKeyStatistics": {"maxAge": 1, "priceHint": 2, "enterpriseValue": 74689937408, "forwardPE": 3.3116386, "profitMargins": -0.08384, "floatShares": 182548164, "sharesOutstanding": 1752600064, "heldPercentInsiders": 0.89575994, "heldPercentInstitutions": 0.03475, "beta": 1.386477, "category": null, "bookValue": 38.998, "priceToBook": 1.1090312, "fundFamily": null, "legalType": null, "lastFiscalYearEnd": "2020-03-31 05:30:00", "nextFiscalYearEnd": "2022-03-31 05:30:00", "mostRecentQuarter": "2020-12-31 05:30:00", "netIncomeToCommon": -27091879936, "trailingEps": -15.463, "forwardEps": 14.33, "pegRatio": 0.49, "lastSplitFactor": null, "enterpriseToRevenue": 0.231, "enterpriseToEbitda": -4.112}, "industryTrend": {"maxAge": 1, "symbol": null, "estimates": []}, "quoteType": {"exchange": "NSI", "quoteType": "EQUITY", "symbol": "MRPL.NS", "underlyingSymbol": "MRPL.NS", "shortName": "MANGALORE REF &PET", "longName": "Mangalore Refinery and Petrochemicals Limited", "firstTradeDateEpochUtc": "1996-01-01 09:15:00", "timeZoneFullName": "Asia/Kolkata", "timeZoneShortName": "IST", "uuid": "f83715af-96ad-31b3-9b53-3b74492c2d45", "gmtOffSetMilliseconds": 19800000, "maxAge": 1}, "incomeStatementHistory": {"incomeStatementHistory": [{"maxAge": 1, "endDate": "2020-03-31", "totalRevenue": 502303980000, "costOfRevenue": 513675520000, "grossProfit": -11371540000, "researchDevelopment": {}, "sellingGeneralAdministrative": 5038570000, "nonRecurring": {}, "otherOperatingExpenses": 6396510000, "totalOperatingExpenses": 535968510000, "operatingIncome": -33664530000, "totalOtherIncomeExpenseNet": -20319510000, "ebit": -33664530000, "interestExpense": -12384050000, "incomeBeforeTax": -53984040000, "incomeTaxExpense": -13592750000, "minorityInterest": 2490480000, "netIncomeFromContinuingOps": -40391290000, "discontinuedOperations": {}, "extraordinaryItems": {}, "effectOfAccountingCharges": {}, "otherItems": {}, "netIncome": -33529180000, "netIncomeApplicableToCommonShares": -33529180000}, {"maxAge": 1, "endDate": "2019-03-31", "totalRevenue": 634460850000, "costOfRevenue": 591287250000, "grossProfit": 43173600000, "researchDevelopment": {}, "sellingGeneralAdministrative": 5085340000, "nonRecurring": {}, "otherOperatingExpenses": 8375210000, "totalOperatingExpenses": 615223040000, "operatingIncome": 19237810000, "totalOtherIncomeExpenseNet": -12724190000, "ebit": 19237810000, "interestExpense": -10568750000, "incomeBeforeTax": 6513620000, "incomeTaxExpense": 3001010000, "minorityInterest": 3001360000, "netIncomeFromContinuingOps": 3512610000, "discontinuedOperations": {}, "extraordinaryItems": {}, "effectOfAccountingCharges": {}, "otherItems": {}, "netIncome": 3400430000, "netIncomeApplicableToCommonShares": 3400430000}, {"maxAge": 1, "endDate": "2018-03-31", "totalRevenue": 490549990000, "costOfRevenue": 427608160000, "grossProfit": 62941830000, "researchDevelopment": {}, "sellingGeneralAdministrative": 4832940000, "nonRecurring": {}, "otherOperatingExpenses": 12256010000, "totalOperatingExpenses": 454830370000, "operatingIncome": 35719620000, "totalOtherIncomeExpenseNet": -7005600000, "ebit": 35719620000, "interestExpense": -9110740000, "incomeBeforeTax": 28714020000, "incomeTaxExpense": 10978390000, "minorityInterest": 1539800000, "netIncomeFromContinuingOps": 17735630000, "discontinuedOperations": {}, "extraordinaryItems": {}, "effectOfAccountingCharges": {}, "otherItems": {}, "netIncome": 19926450000, "netIncomeApplicableToCommonShares": 19926450000}, {"maxAge": 1, "endDate": "2017-03-31", "totalRevenue": 437665260000, "costOfRevenue": 372365860000, "grossProfit": 65299400000, "researchDevelopment": {}, "sellingGeneralAdministrative": 4075140000, "nonRecurring": {}, "otherOperatingExpenses": 10710990000, "totalOperatingExpenses": 397052560000, "operatingIncome": 40612700000, "totalOtherIncomeExpenseNet": 9925820000, "ebit": 40612700000, "interestExpense": -9642570000, "incomeBeforeTax": 50538520000, "incomeTaxExpense": 17606420000, "minorityInterest": 3729290000, "netIncomeFromContinuingOps": 32932100000, "discontinuedOperations": {}, "extraordinaryItems": {}, "effectOfAccountingCharges": {}, "otherItems": {}, "netIncome": 34726410000, "netIncomeApplicableToCommonShares": 34726410000}], "maxAge": 86400}, "fundOwnership": {"ownershipList": [{"maxAge": 1, "reportDate": "2021-01-31", "organization": "Vanguard International Stock Index-Emerging Markets Stk", "pctHeld": 0.0015, "position": 2678081, "value": 96143107}, {"maxAge": 1, "reportDate": "2021-01-31", "organization": "Vanguard International Stock Index-Total Intl Stock Indx", "pctHeld": 0.0014, "position": 2383972, "value": 85584594}, {"maxAge": 1, "reportDate": "2021-01-31", "organization": "DFA Emerging Markets Core Equity Portfolio", "pctHeld": 0.0005, "position": 896438, "value": 32182124}, {"maxAge": 1, "reportDate": "2021-01-31", "organization": "DFA Emerging Markets Small Cap Series", "pctHeld": 0.0005, "position": 806347, "value": 28947857}, {"maxAge": 1, "reportDate": "2021-01-31", "organization": "Vanguard Intl Equity Index Fds-FTSE All World ex U.S. Index Fund", "pctHeld": 0.0002, "position": 335742, "value": 12053137}, {"maxAge": 1, "reportDate": "2020-12-31", "organization": "PIMCO Equity Series-PIMCO RAE Emerging Markets Fd", "pctHeld": 0.0001, "position": 227950, "value": 8080827}], "maxAge": 1}, "summaryDetail": {"maxAge": 1, "priceHint": 2, "previousClose": 42.65, "open": 42.5, "dayLow": 41.25, "dayHigh": 43.8, "regularMarketPreviousClose": 42.65, "regularMarketOpen": 42.5, "regularMarketDayLow": 41.25, "regularMarketDayHigh": 43.8, "exDividendDate": "2019-05-30 05:30:00", "payoutRatio": 0.0, "beta": 1.386477, "forwardPE": 3.0181437, "volume": 9238712, "regularMarketVolume": 9238712, "averageVolume": 3329800, "averageVolume10days": 1180286, "averageDailyVolume10Day": 1180286, "bid": 0.0, "ask": 0.0, "bidSize": 0, "askSize": 0, "marketCap": 75888615424, "fiftyTwoWeekLow": 23.7, "fiftyTwoWeekHigh": 46.1, "priceToSalesTrailing12Months": 0.23485279, "fiftyDayAverage": 40.125, "twoHundredDayAverage": 33.87447, "trailingAnnualDividendRate": 1.0, "trailingAnnualDividendYield": 0.023446659, "currency": "INR", "fromCurrency": null, "lastMarket": null, "algorithm": null, "tradeable": false}, "insiderHolders": {"holders": [], "maxAge": 1}, "calendarEvents": {"maxAge": 1, "earnings": {"earningsDate": [], "earningsAverage": 2.72, "earningsLow": 2.72, "earningsHigh": 2.72, "revenueAverage": 127829000000, "revenueLow": 127829000000, "revenueHigh": 127829000000}, "exDividendDate": "2019-05-30 05:30:00"}, "upgradeDowngradeHistory": {"history": [], "maxAge": 86400}, "price": {"maxAge": 1, "regularMarketChangePercent": 0.014067959, "regularMarketChange": 0.5999985, "regularMarketTime": "2021-04-30 15:30:00", "priceHint": 2, "regularMarketPrice": 43.25, "regularMarketDayHigh": 43.8, "regularMarketDayLow": 41.25, "regularMarketVolume": 9238712, "averageDailyVolume10Day": 1180286, "averageDailyVolume3Month": 3329800, "regularMarketPreviousClose": 42.65, "regularMarketSource": "FREE_REALTIME", "regularMarketOpen": 42.5, "exchange": "NSI", "exchangeName": "NSE", "exchangeDataDelayedBy": 15, "marketState": "CLOSED", "quoteType": "EQUITY", "symbol": "MRPL.NS", "underlyingSymbol": null, "shortName": "MANGALORE REF &PET", "longName": "Mangalore Refinery and Petrochemicals Limited", "currency": "INR", "quoteSourceName": "Delayed Quote", "currencySymbol": "\u20b9", "fromCurrency": null, "lastMarket": null, "marketCap": 75888615424}, "balanceSheetHistory": {"balanceSheetStatements": [{"maxAge": 1, "endDate": "2020-03-31", "cash": 18000000, "shortTermInvestments": 2471870000, "netReceivables": 10311470000, "inventory": 42322210000, "otherCurrentAssets": 4506910000, "totalCurrentAssets": 59630460000, "longTermInvestments": 292950000, "propertyPlantEquipment": 217809460000, "goodWill": 3772780000, "intangibleAssets": 113410000, "otherAssets": 24799980000, "deferredLongTermAssetCharges": 13014620000, "totalAssets": 306419040000, "accountsPayable": 32765330000, "shortLongTermDebt": 17993160000, "otherCurrentLiab": 13845410000, "longTermDebt": 123777550000, "otherLiab": 4714950000, "minorityInterest": 2490480000, "totalCurrentLiabilities": 104958270000, "totalLiab": 235581450000, "commonStock": 17525990000, "retainedEarnings": 42489040000, "treasuryStock": 4868180000, "capitalSurplus": 3463900000, "otherStockholderEquity": 4868180000, "totalStockholderEquity": 68347110000, "netTangibleAssets": 64460920000}, {"maxAge": 1, "endDate": "2019-03-31", "cash": 46730000, "shortTermInvestments": 356480000, "netReceivables": 23860940000, "inventory": 63086770000, "otherCurrentAssets": 11878950000, "totalCurrentAssets": 99229870000, "longTermInvestments": 287580000, "propertyPlantEquipment": 206039440000, "goodWill": 3772780000, "intangibleAssets": 86240000, "otherAssets": 18246650000, "totalAssets": 327662560000, "accountsPayable": 46932330000, "shortLongTermDebt": 33793260000, "otherCurrentLiab": 5740360000, "longTermDebt": 39357520000, "otherLiab": 6789400000, "minorityInterest": 3001360000, "totalCurrentLiabilities": 179056510000, "totalLiab": 225203430000, "commonStock": 17525990000, "retainedEarnings": 78101640000, "treasuryStock": 363690000, "capitalSurplus": 3466450000, "otherStockholderEquity": 363690000, "totalStockholderEquity": 99457770000, "netTangibleAssets": 95598750000}, {"maxAge": 1, "endDate": "2018-03-31", "cash": 4403690000, "shortTermInvestments": 880000000, "netReceivables": 25927050000, "inventory": 52404000000, "otherCurrentAssets": 6339270000, "totalCurrentAssets": 89954010000, "longTermInvestments": 306260000, "propertyPlantEquipment": 205063860000, "goodWill": 3772780000, "intangibleAssets": 73850000, "otherAssets": 20335350000, "totalAssets": 319506110000, "accountsPayable": 47925450000, "shortLongTermDebt": 41807060000, "otherCurrentLiab": 5893790000, "longTermDebt": 44786760000, "otherLiab": 4991570000, "deferredLongTermLiab": 1302290000, "minorityInterest": 1539800000, "totalCurrentLiabilities": 165853860000, "totalLiab": 215632190000, "commonStock": 17525990000, "retainedEarnings": 81209170000, "treasuryStock": 130980000, "capitalSurplus": 3467980000, "otherStockholderEquity": 130980000, "totalStockholderEquity": 102334120000, "netTangibleAssets": 98487490000}, {"maxAge": 1, "endDate": "2017-03-31", "cash": 2461530000, "shortTermInvestments": 2755460000, "netReceivables": 29394380000, "inventory": 44140490000, "otherCurrentAssets": 21679860000, "totalCurrentAssets": 100431720000, "longTermInvestments": 418520000, "propertyPlantEquipment": 204583490000, "goodWill": 3772780000, "intangibleAssets": 27080000, "otherAssets": 19163750000, "deferredLongTermAssetCharges": 3106870000, "totalAssets": 328397340000, "accountsPayable": 60444970000, "shortLongTermDebt": 22173140000, "otherCurrentLiab": 7693260000, "longTermDebt": 85909490000, "otherLiab": 661530000, "deferredLongTermLiab": 1357340000, "minorityInterest": 3729290000, "totalCurrentLiabilities": 143074680000, "totalLiab": 229645700000, "commonStock": 17525990000, "retainedEarnings": 73905270000, "treasuryStock": 123110000, "capitalSurplus": 3467980000, "otherStockholderEquity": 123110000, "totalStockholderEquity": 95022350000, "netTangibleAssets": 91222490000}], "maxAge": 86400}, "earningsTrend": {"trend": [{"maxAge": 1, "period": "0q", "endDate": "2018-03-31", "growth": 0.38099998, "earningsEstimate": {"avg": 2.72, "low": 2.72, "high": 2.72, "yearAgoEps": 1.97, "numberOfAnalysts": 1, "growth": 0.38099998}, "revenueEstimate": {"avg": 127829000000, "low": 127829000000, "high": 127829000000, "numberOfAnalysts": 1, "yearAgoRevenue": 133258000000, "growth": -0.040999997}, "epsTrend": {"current": 2.72, "7daysAgo": 2.72, "30daysAgo": 2.72, "60daysAgo": 2.72, "90daysAgo": 0.0}, "epsRevisions": {"upLast7days": 0, "upLast30days": 0, "downLast30days": 0, "downLast90days": {}}}, {"maxAge": 1, "period": "+1q", "endDate": "2018-06-30", "growth": {}, "earningsEstimate": {"avg": 0.0, "low": 0.0, "high": 0.0, "yearAgoEps": 1.34, "numberOfAnalysts": 0, "growth": {}}, "revenueEstimate": {"avg": 0, "low": 0, "high": 0, "numberOfAnalysts": 0, "yearAgoRevenue": {}, "growth": {}}, "epsTrend": {"current": 0.0, "7daysAgo": 0.0, "30daysAgo": 0.0, "60daysAgo": 0.0, "90daysAgo": 0.0}, "epsRevisions": {"upLast7days": 0, "upLast30days": 0, "downLast30days": 0, "downLast90days": {}}}, {"maxAge": 1, "period": "0y", "endDate": "2018-03-31", "growth": 0.081999995, "earningsEstimate": {"avg": 12.64, "low": 10.1, "high": 15.7, "yearAgoEps": 11.68, "numberOfAnalysts": 5, "growth": 0.081999995}, "revenueEstimate": {"avg": 471251000000, "low": 444981000000, "high": 499648000000, "numberOfAnalysts": 5, "yearAgoRevenue": 431924000000, "growth": 0.091000006}, "epsTrend": {"current": 12.64, "7daysAgo": 11.9, "30daysAgo": 11.54, "60daysAgo": 11.54, "90daysAgo": 12.23}, "epsRevisions": {"upLast7days": 0, "upLast30days": 1, "downLast30days": 1, "downLast90days": {}}}, {"maxAge": 1, "period": "+1y", "endDate": "2019-03-31", "growth": 0.033, "earningsEstimate": {"avg": 13.06, "low": 11.5, "high": 15.8, "yearAgoEps": 12.64, "numberOfAnalysts": 5, "growth": 0.033}, "revenueEstimate": {"avg": 507728000000, "low": 467249000000, "high": 535825000000, "numberOfAnalysts": 5, "yearAgoRevenue": 471251000000, "growth": 0.077}, "epsTrend": {"current": 13.06, "7daysAgo": 13.13, "30daysAgo": 13.18, "60daysAgo": 13.18, "90daysAgo": 13.55}, "epsRevisions": {"upLast7days": 0, "upLast30days": 0, "downLast30days": 1, "downLast90days": {}}}, {"maxAge": 1, "period": "+5y", "endDate": null, "growth": 0.185, "earningsEstimate": {"avg": {}, "low": {}, "high": {}, "yearAgoEps": {}, "numberOfAnalysts": {}, "growth": {}}, "revenueEstimate": {"avg": {}, "low": {}, "high": {}, "numberOfAnalysts": {}, "yearAgoRevenue": {}, "growth": {}}, "epsTrend": {"current": {}, "7daysAgo": {}, "30daysAgo": {}, "60daysAgo": {}, "90daysAgo": {}}, "epsRevisions": {"upLast7days": {}, "upLast30days": {}, "downLast30days": {}, "downLast90days": {}}}, {"maxAge": 1, "period": "-5y", "endDate": null, "growth": 0.16079001, "earningsEstimate": {"avg": {}, "low": {}, "high": {}, "yearAgoEps": {}, "numberOfAnalysts": {}, "growth": {}}, "revenueEstimate": {"avg": {}, "low": {}, "high": {}, "numberOfAnalysts": {}, "yearAgoRevenue": {}, "growth": {}}, "epsTrend": {"current": {}, "7daysAgo": {}, "30daysAgo": {}, "60daysAgo": {}, "90daysAgo": {}}, "epsRevisions": {"upLast7days": {}, "upLast30days": {}, "downLast30days": {}, "downLast90days": {}}}], "maxAge": 1}, "institutionOwnership": {"ownershipList": [], "maxAge": 1}, "majorHoldersBreakdown": {"maxAge": 1, "insidersPercentHeld": 0.89575994, "institutionsPercentHeld": 0.03475, "institutionsFloatPercentHeld": 0.33335, "institutionsCount": 16}, "balanceSheetHistoryQuarterly": {"balanceSheetStatements": [{"maxAge": 1, "endDate": "2020-12-31"}, {"maxAge": 1, "endDate": "2020-09-30"}, {"maxAge": 1, "endDate": "2020-06-30", "totalStockholderEquity": 68347100000, "netTangibleAssets": 64476400000}, {"maxAge": 1, "endDate": "2020-03-31", "cash": 18000000, "shortTermInvestments": 2471870000, "netReceivables": 10311470000, "inventory": 42322210000, "otherCurrentAssets": 4506910000, "totalCurrentAssets": 59630460000, "longTermInvestments": 292950000, "propertyPlantEquipment": 217809460000, "goodWill": 3772780000, "intangibleAssets": 113410000, "otherAssets": 24799980000, "deferredLongTermAssetCharges": 13014620000, "totalAssets": 306419040000, "accountsPayable": 32765330000, "shortLongTermDebt": 17993160000, "otherCurrentLiab": 13845410000, "longTermDebt": 123777550000, "otherLiab": 4714950000, "minorityInterest": 2490480000, "totalCurrentLiabilities": 104958270000, "totalLiab": 235581450000, "commonStock": 17525990000, "retainedEarnings": 42489040000, "treasuryStock": 4868180000, "capitalSurplus": 3463900000, "otherStockholderEquity": 4868180000, "totalStockholderEquity": 68347110000, "netTangibleAssets": 64460920000}], "maxAge": 86400}, "earningsHistory": {"history": [{"maxAge": 1, "epsActual": 1.97, "epsEstimate": 3.34, "epsDifference": -1.37, "surprisePercent": -0.41, "quarter": "2017-03-31", "period": "-4q"}, {"maxAge": 1, "epsActual": 1.34, "epsEstimate": 3.36, "epsDifference": -2.02, "surprisePercent": -0.601, "quarter": "2017-06-30", "period": "-3q"}, {"maxAge": 1, "epsActual": 2.88, "epsEstimate": 4.0, "epsDifference": -1.12, "surprisePercent": -0.28, "quarter": "2017-09-30", "period": "-2q"}, {"maxAge": 1, "epsActual": 5.53, "epsEstimate": 5.05, "epsDifference": 0.48, "surprisePercent": 0.095, "quarter": "2017-12-31", "period": "-1q"}], "maxAge": 86400}, "summaryProfile": {"address1": "Mudapadav", "address2": "Post Kuthethoor Via- Katipalla", "city": "Mangalore", "zip": "575030", "country": "India", "phone": "91 82 4227 0400", "fax": "91 82 4227 3300", "website": "http://www.mrpl.co.in", "industry": "Oil & Gas Refining & Marketing", "sector": "Energy", "longBusinessSummary": "Mangalore Refinery and Petrochemicals Limited manufactures and sells refined petroleum products in India. The company produces and sells hydrogen, liquefied petroleum gas, fuel gas, motor spirit, xylol, naphtha, SKO, high speed diesel, aviation turbine fuel, furnace oil, asphalt, CRMB, LSWR, sulphur, and pet coke, as well as bitumen, polypropylene, and other products. It operates 7 retail outlets. The company serves mining, construction, power, agriculture, fertilizer, and paint industries. It also exports its products. The company was founded in 1988 and is based in Mangalore, India. Mangalore Refinery and Petrochemicals Limited is a subsidiary of Oil and Natural Gas Corporation Limited.", "fullTimeEmployees": 1942, "companyOfficers": [], "maxAge": 86400}, "netSharePurchaseActivity": {"maxAge": 1, "period": "6m", "buyInfoCount": 0, "buyInfoShares": 0, "sellInfoCount": 0, "netInfoCount": 0, "netInfoShares": 0, "netPercentInsiderShares": 0.0, "totalInsiderShares": 1568681344}, "sectorTrend": {"maxAge": 1, "symbol": null, "estimates": []}, "incomeStatementHistoryQuarterly": {"incomeStatementHistory": [{"maxAge": 1, "endDate": "2020-12-31", "totalRevenue": 78933700000, "costOfRevenue": 71901300000, "grossProfit": 7032400000, "researchDevelopment": {}, "sellingGeneralAdministrative": 1290800000, "nonRecurring": {}, "otherOperatingExpenses": 5223900000, "totalOperatingExpenses": 81434200000, "operatingIncome": -2500500000, "totalOtherIncomeExpenseNet": -769000000, "ebit": -2500500000, "interestExpense": -1086900000, "incomeBeforeTax": -3269500000, "incomeTaxExpense": -740400000, "minorityInterest": {}, "netIncomeFromContinuingOps": -2529100000, "discontinuedOperations": {}, "extraordinaryItems": {}, "effectOfAccountingCharges": {}, "otherItems": {}, "netIncome": -2136500000, "netIncomeApplicableToCommonShares": -2136500000}, {"maxAge": 1, "endDate": "2020-09-30", "totalRevenue": 61668800000, "costOfRevenue": 56992900000, "grossProfit": 4675900000, "researchDevelopment": {}, "sellingGeneralAdministrative": 1269200000, "nonRecurring": {}, "otherOperatingExpenses": 797600000, "totalOperatingExpenses": 61928300000, "operatingIncome": -259500000, "totalOtherIncomeExpenseNet": 1163300000, "ebit": -259500000, "interestExpense": -1086900000, "incomeBeforeTax": 903800000, "incomeTaxExpense": 809700000, "minorityInterest": {}, "netIncomeFromContinuingOps": 94100000, "discontinuedOperations": {}, "extraordinaryItems": {}, "effectOfAccountingCharges": {}, "otherItems": {}, "netIncome": 94100000, "netIncomeApplicableToCommonShares": 94100000}, {"maxAge": 1, "endDate": "2020-06-30", "totalRevenue": 43827600000, "costOfRevenue": 41151900000, "grossProfit": 2675700000, "researchDevelopment": {}, "sellingGeneralAdministrative": 1270900000, "nonRecurring": {}, "otherOperatingExpenses": 7349100000, "totalOperatingExpenses": 52534200000, "operatingIncome": -8706600000, "totalOtherIncomeExpenseNet": -1893500000, "ebit": -8706600000, "interestExpense": -2106000000, "incomeBeforeTax": -10600100000, "incomeTaxExpense": -3043600000, "minorityInterest": {}, "netIncomeFromContinuingOps": -7556500000, "discontinuedOperations": {}, "extraordinaryItems": {}, "effectOfAccountingCharges": {}, "otherItems": {}, "netIncome": -7197800000, "netIncomeApplicableToCommonShares": -7197800000}, {"maxAge": 1, "endDate": "2020-03-31", "totalRevenue": 99663580000, "costOfRevenue": 119342320000, "grossProfit": -19678740000, "researchDevelopment": {}, "sellingGeneralAdministrative": 1377770000, "nonRecurring": {}, "otherOperatingExpenses": -4576890000, "totalOperatingExpenses": 118864410000, "operatingIncome": -19200830000, "totalOtherIncomeExpenseNet": -10542710000, "ebit": -19200830000, "interestExpense": -2978850000, "incomeBeforeTax": -29743540000, "incomeTaxExpense": -7243050000, "minorityInterest": 2490480000, "netIncomeFromContinuingOps": -22500490000, "discontinuedOperations": {}, "extraordinaryItems": {}, "effectOfAccountingCharges": {}, "otherItems": {}, "netIncome": -18082180000, "netIncomeApplicableToCommonShares": -18082180000}], "maxAge": 86400}, "cashflowStatementHistoryQuarterly": {"cashflowStatements": [{"maxAge": 1, "endDate": "2020-12-31", "netIncome": -2136500000, "changeToLiabilities": 0}, {"maxAge": 1, "endDate": "2020-09-30", "netIncome": 94100000, "changeToLiabilities": 0}, {"maxAge": 1, "endDate": "2020-06-30", "netIncome": -7197800000, "changeToLiabilities": 0}, {"maxAge": 1, "endDate": "2020-03-31", "netIncome": -18082180000, "changeToLiabilities": 0}], "maxAge": 86400}, "earnings": {"maxAge": 86400, "earningsChart": {"quarterly": [{"date": "1Q2017", "actual": 1.97, "estimate": 3.34}, {"date": "2Q2017", "actual": 1.34, "estimate": 3.36}, {"date": "3Q2017", "actual": 2.88, "estimate": 4.0}, {"date": "4Q2017", "actual": 5.53, "estimate": 5.05}], "currentQuarterEstimate": 2.72, "currentQuarterEstimateDate": "1Q", "currentQuarterEstimateYear": 2018, "earningsDate": []}, "financialsChart": {"yearly": [{"date": 2017, "revenue": 437665260000, "earnings": 34726410000}, {"date": 2018, "revenue": 490549990000, "earnings": 19926450000}, {"date": 2019, "revenue": 634460850000, "earnings": 3400430000}, {"date": 2020, "revenue": 502303980000, "earnings": -33529180000}], "quarterly": [{"date": "1Q2020", "revenue": 99663580000, "earnings": -18082180000}, {"date": "2Q2020", "revenue": 43827600000, "earnings": -7197800000}, {"date": "3Q2020", "revenue": 61668800000, "earnings": 94100000}, {"date": "4Q2020", "revenue": 78933700000, "earnings": -2136500000}]}, "financialCurrency": "INR"}, "financialData": {"maxAge": 86400, "currentPrice": 43.25, "targetHighPrice": 175.0, "targetLowPrice": 113.0, "targetMeanPrice": 140.63, "targetMedianPrice": 143.5, "recommendationMean": 2.3, "recommendationKey": "buy", "numberOfAnalystOpinions": 8, "ebitda": -18164690944, "totalRevenue": 323132686336, "revenuePerShare": 184.435, "grossProfits": -11371540000, "revenueGrowth": -0.439, "grossMargins": -0.0187, "ebitdaMargins": -0.056209996, "operatingMargins": -0.08944, "profitMargins": -0.08384, "financialCurrency": "INR"}}}