{"MSPL.BO": {"recommendationTrend": {"trend": [{"period": "0m", "strongBuy": 0, "buy": 0, "hold": 0, "sell": 0, "strongSell": 0}, {"period": "-1m", "strongBuy": 0, "buy": 0, "hold": 0, "sell": 0, "strongSell": 0}, {"period": "-2m", "strongBuy": 0, "buy": 0, "hold": 0, "sell": 0, "strongSell": 0}, {"period": "-3m", "strongBuy": 0, "buy": 0, "hold": 0, "sell": 0, "strongSell": 0}], "maxAge": 86400}, "cashflowStatementHistory": {"cashflowStatements": [{"maxAge": 1, "endDate": "2020-03-31", "netIncome": -676714000, "depreciation": 537899000, "changeToNetincome": 1098949000, "changeToAccountReceivables": 323180000, "changeToLiabilities": 1021920000, "changeToInventory": -1543397000, "changeToOperatingActivities": 11269000, "totalCashFromOperatingActivities": 773106000, "capitalExpenditures": -25548000, "otherCashflowsFromInvestingActivities": -2363000, "totalCashflowsFromInvestingActivities": -3025000, "netBorrowings": -149700000, "otherCashflowsFromFinancingActivities": -643194000, "totalCashFromFinancingActivities": -792894000, "changeInCash": -22813000}, {"maxAge": 1, "endDate": "2019-03-31", "netIncome": -206032000, "depreciation": 546639000, "changeToNetincome": 1173584000, "changeToAccountReceivables": 50916000, "changeToLiabilities": -420799000, "changeToInventory": -207399000, "changeToOperatingActivities": 1483000, "totalCashFromOperatingActivities": 938392000, "capitalExpenditures": -22350000, "otherCashflowsFromInvestingActivities": 163198000, "totalCashflowsFromInvestingActivities": 141548000, "netBorrowings": -427751000, "otherCashflowsFromFinancingActivities": -649852000, "totalCashFromFinancingActivities": -1077603000, "changeInCash": 2336000}, {"maxAge": 1, "endDate": "2018-03-31", "netIncome": -556878000, "depreciation": 569203000, "changeToNetincome": 1242752000, "changeToAccountReceivables": 284511000, "changeToLiabilities": 481739000, "changeToInventory": -551311000, "changeToOperatingActivities": 495000, "totalCashFromOperatingActivities": 1470511000, "capitalExpenditures": -3041000, "investments": 3001000, "otherCashflowsFromInvestingActivities": -190544000, "totalCashflowsFromInvestingActivities": -185380000, "netBorrowings": -328184000, "otherCashflowsFromFinancingActivities": -895996000, "totalCashFromFinancingActivities": -1224180000, "changeInCash": 60950000}, {"maxAge": 1, "endDate": "2017-03-31", "netIncome": -937436000, "depreciation": 564215000, "changeToNetincome": 1102618000, "changeToAccountReceivables": -330513000, "changeToLiabilities": 563418000, "changeToInventory": -233403000, "changeToOperatingActivities": -1440000, "totalCashFromOperatingActivities": 727459000, "capitalExpenditures": -91000, "investments": 3001000, "otherCashflowsFromInvestingActivities": 8341000, "totalCashflowsFromInvestingActivities": 8663000, "netBorrowings": -39283000, "otherCashflowsFromFinancingActivities": -568061000, "totalCashFromFinancingActivities": -607344000, "changeInCash": 128778000}], "maxAge": 86400}, "institutionOwnership": {"ownershipList": [], "maxAge": 1}, "balanceSheetHistoryQuarterly": {"balanceSheetStatements": [{"maxAge": 1, "endDate": "2020-06-30", "totalStockholderEquity": 5927959000, "netTangibleAssets": 5922635000}, {"maxAge": 1, "endDate": "2020-03-31", "cash": 114727000, "netReceivables": 752927000, "inventory": 5262273000, "otherCurrentAssets": 1299198000, "totalCurrentAssets": 7443263000, "longTermInvestments": 469461000, "propertyPlantEquipment": 9067302000, "goodWill": 100000, "intangibleAssets": 5224000, "otherAssets": 385594000, "deferredLongTermAssetCharges": 313303000, "totalAssets": 17370944000, "accountsPayable": 1806926000, "shortLongTermDebt": 331033000, "otherCurrentLiab": 955042000, "longTermDebt": 5661308000, "otherLiab": 12104000, "minorityInterest": 3496000, "totalCurrentLiabilities": 5766077000, "totalLiab": 11439489000, "commonStock": 3854150000, "retainedEarnings": -2700777000, "treasuryStock": 2957728000, "capitalSurplus": 1505559000, "otherStockholderEquity": 2957728000, "totalStockholderEquity": 5616660000, "netTangibleAssets": 5611336000}, {"maxAge": 1, "endDate": "2019-12-31", "totalStockholderEquity": 6058840000, "netTangibleAssets": 6052947000}, {"maxAge": 1, "endDate": "2019-09-30", "cash": 672921000, "shortTermInvestments": 16406000, "netReceivables": 716117000, "inventory": 3427123000, "otherCurrentAssets": 1199534000, "totalCurrentAssets": 6032101000, "longTermInvestments": 591364000, "propertyPlantEquipment": 9338276000, "intangibleAssets": 5893000, "otherAssets": 322162000, "deferredLongTermAssetCharges": 287710000, "totalAssets": 16289796000, "accountsPayable": 1575082000, "shortLongTermDebt": 454348000, "otherCurrentLiab": 75528000, "longTermDebt": 5621583000, "otherLiab": 10369000, "totalCurrentLiabilities": 4599004000, "totalLiab": 10230956000, "commonStock": 3854150000, "treasuryStock": 2204690000, "otherStockholderEquity": 2204690000, "totalStockholderEquity": 6058840000, "netTangibleAssets": 6052947000}], "maxAge": 86400}, "earningsHistory": {"history": [{"maxAge": 1, "epsActual": {}, "epsEstimate": {}, "epsDifference": {}, "surprisePercent": {}, "quarter": {}, "period": "-4q"}, {"maxAge": 1, "epsActual": {}, "epsEstimate": {}, "epsDifference": {}, "surprisePercent": {}, "quarter": {}, "period": "-3q"}, {"maxAge": 1, "epsActual": {}, "epsEstimate": {}, "epsDifference": {}, "surprisePercent": {}, "quarter": {}, "period": "-2q"}, {"maxAge": 1, "epsActual": {}, "epsEstimate": {}, "epsDifference": {}, "surprisePercent": {}, "quarter": {}, "period": "-1q"}], "maxAge": 86400}, "indexTrend": {"maxAge": 1, "symbol": "SP5", "peRatio": 19.7411, "pegRatio": 1.34172, "estimates": [{"period": "0q", "growth": 0.549}, {"period": "+1q", "growth": 0.431}, {"period": "0y", "growth": 0.305}, {"period": "+1y", "growth": 0.109}, {"period": "+5y", "growth": 0.120865}, {"period": "-5y"}]}, "industryTrend": {"maxAge": 1, "symbol": null, "estimates": []}, "insiderTransactions": {"transactions": [{"maxAge": 1, "shares": 280000, "filerUrl": "", "transactionText": "", "filerName": "Sikhar Commotrade Pvt Ltd", "filerRelation": "Promoter", "moneyText": "", "startDate": "2016-02-04", "ownership": "D"}, {"maxAge": 1, "shares": 170000, "filerUrl": "", "transactionText": "", "filerName": "Agrawal (Anya)", "filerRelation": "Promoter", "moneyText": "", "startDate": "2016-02-04", "ownership": "D"}, {"maxAge": 1, "shares": 110000, "filerUrl": "", "transactionText": "", "filerName": "Agrawal (Arav)", "filerRelation": "Promoter", "moneyText": "", "startDate": "2016-02-04", "ownership": "D"}, {"maxAge": 1, "shares": 22000, "filerUrl": "", "transactionText": "", "filerName": "Agrawal (Suresh Kumar)", "filerRelation": "Promoter", "moneyText": "", "startDate": "2015-04-07", "ownership": "D"}, {"maxAge": 1, "shares": 5930500, "filerUrl": "", "transactionText": "", "filerName": "MSP Properties India Pvt Ltd", "filerRelation": "Promoter", "moneyText": "", "startDate": "2013-05-10", "ownership": "D"}, {"maxAge": 1, "shares": 3932000, "filerUrl": "", "transactionText": "", "filerName": "K C Texofine Pvt Ltd", "filerRelation": "Promoter", "moneyText": "", "startDate": "2013-05-10", "ownership": "D"}, {"maxAge": 1, "shares": 1822000, "filerUrl": "", "transactionText": "", "filerName": "Jagaran Vypaar Pvt Ltd", "filerRelation": "Promoter", "moneyText": "", "startDate": "2013-05-07", "ownership": "D"}, {"maxAge": 1, "shares": 3872000, "filerUrl": "", "transactionText": "", "filerName": "Raj Securities Ltd", "filerRelation": "Promoter", "moneyText": "", "startDate": "2013-05-07", "ownership": "D"}, {"maxAge": 1, "shares": 100000, "filerUrl": "", "transactionText": "", "filerName": "MSP Properties India Pvt Ltd", "filerRelation": "Promoter", "moneyText": "", "startDate": "2013-05-03", "ownership": "D"}, {"maxAge": 1, "shares": 100000, "filerUrl": "", "transactionText": "", "filerName": "MSP Infotech Pvt Ltd", "filerRelation": "Promoter", "moneyText": "", "startDate": "2013-05-03", "ownership": "D"}, {"maxAge": 1, "shares": 3835000, "filerUrl": "", "transactionText": "", "filerName": "Larigo Investment Pvt Ltd", "filerRelation": "Promoter", "moneyText": "", "startDate": "2013-05-03", "ownership": "D"}, {"maxAge": 1, "shares": 350000, "filerUrl": "", "transactionText": "", "filerName": "Adhunik Gases Ltd", "filerRelation": "Promoter", "moneyText": "", "startDate": "2013-02-13", "ownership": "D"}, {"maxAge": 1, "shares": 410000, "filerUrl": "", "transactionText": "", "filerName": "Sikhar Commotrade Pvt Ltd", "filerRelation": "Promoter", "moneyText": "", "startDate": "2013-02-13", "ownership": "D"}, {"maxAge": 1, "shares": 2500000, "filerUrl": "", "transactionText": "", "filerName": "Rajnath Vyapaar Pvt. Ltd", "filerRelation": "Institution- Corporation", "moneyText": "", "startDate": "2013-02-13", "ownership": "D"}, {"maxAge": 1, "shares": 4115000, "filerUrl": "", "transactionText": "", "filerName": "Ilex Pvt. Ltd.", "filerRelation": "Institution- Corporation", "moneyText": "", "startDate": "2013-02-13", "ownership": "D"}, {"maxAge": 1, "shares": 1500000, "filerUrl": "", "transactionText": "", "filerName": "Hightime Holdings Pvt. Ltd.", "filerRelation": "Promoter", "moneyText": "", "startDate": "2013-02-13", "ownership": "D"}, {"maxAge": 1, "shares": 2280000, "filerUrl": "", "transactionText": "", "filerName": "B S Confin Pvt. Ltd", "filerRelation": "Promoter", "moneyText": "", "startDate": "2013-02-13", "ownership": "D"}, {"maxAge": 1, "shares": 2500000, "filerUrl": "", "transactionText": "", "filerName": "Emerald Tradelink Pvt. Ltd.", "filerRelation": "Institution- Corporation", "moneyText": "", "startDate": "2013-02-13", "ownership": "D"}, {"maxAge": 1, "shares": 725000, "filerUrl": "", "transactionText": "", "filerName": "Dexo Trading Pvt Ltd", "filerRelation": "Promoter", "moneyText": "", "startDate": "2013-02-13", "ownership": "D"}], "maxAge": 1}, "quoteType": {"exchange": "BSE", "quoteType": "EQUITY", "symbol": "MSPL.BO", "underlyingSymbol": "MSPL.BO", "shortName": "MSP STEEL & POWER LTD.", "longName": "MSP Steel &amp; Power Limited", "firstTradeDateEpochUtc": "2005-07-18 09:15:00", "timeZoneFullName": "Asia/Kolkata", "timeZoneShortName": "IST", "uuid": "0024af37-91fd-3b99-9523-4bd430629e93", "gmtOffSetMilliseconds": 19800000, "maxAge": 1}, "incomeStatementHistory": {"incomeStatementHistory": [{"maxAge": 1, "endDate": "2020-03-31", "totalRevenue": 15327271000, "costOfRevenue": 12068901000, "grossProfit": 3258370000, "researchDevelopment": {}, "sellingGeneralAdministrative": 492099000, "nonRecurring": {}, "otherOperatingExpenses": 1920056000, "totalOperatingExpenses": 15018955000, "operatingIncome": 308316000, "totalOtherIncomeExpenseNet": -872113000, "ebit": 308316000, "interestExpense": -866109000, "incomeBeforeTax": -563797000, "incomeTaxExpense": 113088000, "minorityInterest": 3496000, "netIncomeFromContinuingOps": -676885000, "discontinuedOperations": {}, "extraordinaryItems": {}, "effectOfAccountingCharges": {}, "otherItems": {}, "netIncome": -676714000, "netIncomeApplicableToCommonShares": -676714000}, {"maxAge": 1, "endDate": "2019-03-31", "totalRevenue": 16698019000, "costOfRevenue": 12704528000, "grossProfit": 3993491000, "researchDevelopment": {}, "sellingGeneralAdministrative": 430753000, "nonRecurring": {}, "otherOperatingExpenses": 2246165000, "totalOperatingExpenses": 15928085000, "operatingIncome": 769934000, "totalOtherIncomeExpenseNet": -789492000, "ebit": 769934000, "interestExpense": -747160000, "incomeBeforeTax": -19558000, "incomeTaxExpense": 186474000, "minorityInterest": 3496000, "netIncomeFromContinuingOps": -206032000, "discontinuedOperations": {}, "extraordinaryItems": {}, "effectOfAccountingCharges": {}, "otherItems": {}, "netIncome": -206032000, "netIncomeApplicableToCommonShares": -206032000}, {"maxAge": 1, "endDate": "2018-03-31", "totalRevenue": 11603705000, "costOfRevenue": 8692955000, "grossProfit": 2910750000, "researchDevelopment": {}, "sellingGeneralAdministrative": 351379000, "nonRecurring": {}, "otherOperatingExpenses": 1381560000, "totalOperatingExpenses": 10995097000, "operatingIncome": 608608000, "totalOtherIncomeExpenseNet": -1224013000, "ebit": 608608000, "interestExpense": -1228594000, "incomeBeforeTax": -615405000, "incomeTaxExpense": -58527000, "minorityInterest": 3496000, "netIncomeFromContinuingOps": -556878000, "discontinuedOperations": {}, "extraordinaryItems": {}, "effectOfAccountingCharges": {}, "otherItems": {}, "netIncome": -556878000, "netIncomeApplicableToCommonShares": -556878000}, {"maxAge": 1, "endDate": "2017-03-31", "totalRevenue": 8493248000, "costOfRevenue": 6265071000, "grossProfit": 2228177000, "researchDevelopment": {}, "sellingGeneralAdministrative": 294249000, "nonRecurring": {}, "otherOperatingExpenses": 1186983000, "totalOperatingExpenses": 8310518000, "operatingIncome": 182730000, "totalOtherIncomeExpenseNet": -1224684000, "ebit": 182730000, "interestExpense": -1186356000, "incomeBeforeTax": -1041954000, "incomeTaxExpense": -104518000, "minorityInterest": 3496000, "netIncomeFromContinuingOps": -937436000, "discontinuedOperations": {}, "extraordinaryItems": {}, "effectOfAccountingCharges": {}, "otherItems": {}, "netIncome": -937436000, "netIncomeApplicableToCommonShares": -937436000}], "maxAge": 86400}, "fundOwnership": {"ownershipList": [], "maxAge": 1}, "summaryDetail": {"maxAge": 1, "priceHint": 2, "previousClose": 11.1, "open": 11.5, "dayLow": 10.6, "dayHigh": 11.65, "regularMarketPreviousClose": 11.1, "regularMarketOpen": 11.5, "regularMarketDayLow": 10.6, "regularMarketDayHigh": 11.65, "volume": 28833, "regularMarketVolume": 28833, "averageVolume": 13850, "averageVolume10days": 8258, "averageDailyVolume10Day": 8258, "bid": 11.65, "ask": 0.0, "bidSize": 0, "askSize": 0, "marketCap": 4490084864, "fiftyTwoWeekLow": 3.66, "fiftyTwoWeekHigh": 11.65, "fiftyDayAverage": 8.304849, "twoHundredDayAverage": 7.1189704, "currency": "INR", "fromCurrency": null, "lastMarket": null, "algorithm": null, "tradeable": false}, "sectorTrend": {"maxAge": 1, "symbol": null, "estimates": []}, "incomeStatementHistoryQuarterly": {"incomeStatementHistory": [{"maxAge": 1, "endDate": "2020-06-30", "totalRevenue": 2416060000, "costOfRevenue": 1829192000, "grossProfit": 586868000, "researchDevelopment": {}, "sellingGeneralAdministrative": 100995000, "nonRecurring": {}, "otherOperatingExpenses": 362813000, "totalOperatingExpenses": 2426576000, "operatingIncome": -10516000, "totalOtherIncomeExpenseNet": -193095000, "ebit": -10516000, "interestExpense": -195142000, "incomeBeforeTax": -203611000, "incomeTaxExpense": -44078000, "minorityInterest": {}, "netIncomeFromContinuingOps": -159533000, "discontinuedOperations": {}, "extraordinaryItems": {}, "effectOfAccountingCharges": {}, "otherItems": {}, "netIncome": -159480000, "netIncomeApplicableToCommonShares": -159480000}, {"maxAge": 1, "endDate": "2020-03-31", "totalRevenue": 3807639000, "costOfRevenue": 2972454000, "grossProfit": 835185000, "researchDevelopment": {}, "sellingGeneralAdministrative": 154517000, "nonRecurring": {}, "otherOperatingExpenses": 281894000, "totalOperatingExpenses": 3540664000, "operatingIncome": 266975000, "totalOtherIncomeExpenseNet": -239101000, "ebit": 266975000, "interestExpense": -213151000, "incomeBeforeTax": 27874000, "incomeTaxExpense": 12528000, "minorityInterest": 3496000, "netIncomeFromContinuingOps": 15346000, "discontinuedOperations": {}, "extraordinaryItems": {}, "effectOfAccountingCharges": {}, "otherItems": {}, "netIncome": 15313000, "netIncomeApplicableToCommonShares": 15313000}, {"maxAge": 1, "endDate": "2019-12-31", "totalRevenue": 3724818000, "costOfRevenue": 2905668000, "grossProfit": 819150000, "researchDevelopment": {}, "sellingGeneralAdministrative": 115348000, "nonRecurring": {}, "otherOperatingExpenses": 543225000, "totalOperatingExpenses": 3699630000, "operatingIncome": 25188000, "totalOtherIncomeExpenseNet": -205547000, "ebit": 25188000, "interestExpense": -215938000, "incomeBeforeTax": -180359000, "incomeTaxExpense": -35242000, "minorityInterest": 3496000, "netIncomeFromContinuingOps": -145117000, "discontinuedOperations": {}, "extraordinaryItems": {}, "effectOfAccountingCharges": {}, "otherItems": {}, "netIncome": -144913000, "netIncomeApplicableToCommonShares": -144913000}, {"maxAge": 1, "endDate": "2019-09-30", "totalRevenue": 3760206000, "costOfRevenue": 3042402000, "grossProfit": 717804000, "researchDevelopment": {}, "sellingGeneralAdministrative": 116357000, "nonRecurring": {}, "otherOperatingExpenses": 565505000, "totalOperatingExpenses": 3860197000, "operatingIncome": -99991000, "totalOtherIncomeExpenseNet": -205093000, "ebit": -99991000, "interestExpense": -210378000, "incomeBeforeTax": -305084000, "incomeTaxExpense": -6041000, "minorityInterest": 3496000, "netIncomeFromContinuingOps": -299043000, "discontinuedOperations": {}, "extraordinaryItems": {}, "effectOfAccountingCharges": {}, "otherItems": {}, "netIncome": -299043000, "netIncomeApplicableToCommonShares": -299043000}], "maxAge": 86400}, "cashflowStatementHistoryQuarterly": {"cashflowStatements": [{"maxAge": 1, "endDate": "2020-06-30", "netIncome": -159480000, "changeToLiabilities": 0}, {"maxAge": 1, "endDate": "2020-03-31", "netIncome": 15313000, "changeToLiabilities": 0}, {"maxAge": 1, "endDate": "2019-12-31", "netIncome": -144913000, "changeToLiabilities": 0}, {"maxAge": 1, "endDate": "2019-09-30", "netIncome": -299043000, "changeToLiabilities": 0}], "maxAge": 86400}, "insiderHolders": {"holders": [{"maxAge": 1, "name": "Agrawal (Anya)", "relation": "Promoter", "url": "", "transactionDescription": "Other", "latestTransDate": "2016-02-04", "positionDirect": 0, "positionDirectDate": "2016-02-04"}, {"maxAge": 1, "name": "Agrawal (Arav)", "relation": "Promoter", "url": "", "transactionDescription": "Other", "latestTransDate": "2016-02-04", "positionDirect": 0, "positionDirectDate": "2016-02-04"}, {"maxAge": 1, "name": "Agrawal (Suresh Kumar)", "relation": "Promoter", "url": "", "transactionDescription": "Other", "latestTransDate": "2015-04-07", "positionDirect": 141000, "positionDirectDate": "2015-04-07"}, {"maxAge": 1, "name": "Jagaran Vypaar Pvt Ltd", "relation": "Promoter", "url": "", "transactionDescription": "Sale", "latestTransDate": "2013-05-07", "positionDirect": 0, "positionDirectDate": "2013-05-07"}, {"maxAge": 1, "name": "K C Texofine Pvt Ltd", "relation": "Promoter", "url": "", "transactionDescription": "Sale", "latestTransDate": "2013-05-10", "positionDirect": 1215000, "positionDirectDate": "2013-05-10"}, {"maxAge": 1, "name": "Larigo Investment Pvt Ltd", "relation": "Promoter", "url": "", "transactionDescription": "Sale", "latestTransDate": "2013-05-03", "positionDirect": 1000000, "positionDirectDate": "2013-05-03"}, {"maxAge": 1, "name": "MSP Infotech Pvt Ltd", "relation": "Promoter", "url": "", "transactionDescription": "Acquisition", "latestTransDate": "2013-05-03", "positionDirect": 7229760, "positionDirectDate": "2013-05-03"}, {"maxAge": 1, "name": "MSP Properties India Pvt Ltd", "relation": "Promoter", "url": "", "transactionDescription": "Sale", "latestTransDate": "2013-05-10", "positionDirect": 0, "positionDirectDate": "2013-05-10"}, {"maxAge": 1, "name": "Raj Securities Ltd", "relation": "Promoter", "url": "", "transactionDescription": "Sale", "latestTransDate": "2013-05-07", "positionDirect": 1000000, "positionDirectDate": "2013-05-07"}, {"maxAge": 1, "name": "Sikhar Commotrade Pvt Ltd", "relation": "Promoter", "url": "", "transactionDescription": "Other", "latestTransDate": "2016-02-04", "positionDirect": 1440000, "positionDirectDate": "2016-02-04"}], "maxAge": 1}, "earnings": {"maxAge": 86400, "earningsChart": {"quarterly": [], "earningsDate": ["2020-08-22 05:30:S"]}, "financialsChart": {"yearly": [{"date": 2017, "revenue": 8493248000, "earnings": -937436000}, {"date": 2018, "revenue": 11603705000, "earnings": -556878000}, {"date": 2019, "revenue": 16698019000, "earnings": -206032000}, {"date": 2020, "revenue": 15327271000, "earnings": -676714000}], "quarterly": [{"date": "3Q2019", "revenue": 3760206000, "earnings": -299043000}, {"date": "4Q2019", "revenue": 3724818000, "earnings": -144913000}, {"date": "1Q2020", "revenue": 3807639000, "earnings": 15313000}, {"date": "2Q2020", "revenue": 2416060000, "earnings": -159480000}]}, "financialCurrency": "INR"}, "calendarEvents": {"maxAge": 1, "earnings": {"earningsDate": ["2020-08-22 05:30:S"]}}, "upgradeDowngradeHistory": {"history": [], "maxAge": 86400}, "price": {"maxAge": 1, "regularMarketChangePercent": 0.04954948, "regularMarketChange": 0.54999924, "regularMarketTime": "2021-04-30 14:57:53", "priceHint": 2, "regularMarketPrice": 11.65, "regularMarketDayHigh": 11.65, "regularMarketDayLow": 10.6, "regularMarketVolume": 28833, "averageDailyVolume10Day": 8258, "averageDailyVolume3Month": 13850, "regularMarketPreviousClose": 11.1, "regularMarketSource": "FREE_REALTIME", "regularMarketOpen": 11.5, "exchange": "BSE", "exchangeName": "BSE", "exchangeDataDelayedBy": 0, "marketState": "CLOSED", "quoteType": "EQUITY", "symbol": "MSPL.BO", "underlyingSymbol": null, "shortName": "MSP STEEL & POWER LTD.", "longName": "MSP Steel &amp; Power Limited", "currency": "INR", "quoteSourceName": "Delayed Quote", "currencySymbol": "\u20b9", "fromCurrency": null, "lastMarket": null, "marketCap": 4490084864}, "balanceSheetHistory": {"balanceSheetStatements": [{"maxAge": 1, "endDate": "2020-03-31", "cash": 114727000, "netReceivables": 752927000, "inventory": 5262273000, "otherCurrentAssets": 1299198000, "totalCurrentAssets": 7443263000, "longTermInvestments": 469461000, "propertyPlantEquipment": 9067302000, "goodWill": 100000, "intangibleAssets": 5224000, "otherAssets": 385594000, "deferredLongTermAssetCharges": 313303000, "totalAssets": 17370944000, "accountsPayable": 1806926000, "shortLongTermDebt": 331033000, "otherCurrentLiab": 955042000, "longTermDebt": 5661308000, "otherLiab": 12104000, "minorityInterest": 3496000, "totalCurrentLiabilities": 5766077000, "totalLiab": 11439489000, "commonStock": 3854150000, "retainedEarnings": -2700777000, "treasuryStock": 2957728000, "capitalSurplus": 1505559000, "otherStockholderEquity": 2957728000, "totalStockholderEquity": 5616660000, "netTangibleAssets": 5611336000}, {"maxAge": 1, "endDate": "2019-03-31", "cash": 137540000, "netReceivables": 1117988000, "inventory": 3718875000, "otherCurrentAssets": 1396645000, "totalCurrentAssets": 6379932000, "longTermInvestments": 528948000, "propertyPlantEquipment": 9602806000, "intangibleAssets": 6566000, "otherAssets": 475784000, "deferredLongTermAssetCharges": 422105000, "totalAssets": 16994036000, "accountsPayable": 1574500000, "shortLongTermDebt": 389807000, "otherCurrentLiab": 178488000, "longTermDebt": 5649903000, "otherLiab": 9443000, "totalCurrentLiabilities": 4680426000, "totalLiab": 10339772000, "commonStock": 3854150000, "retainedEarnings": -2018055000, "treasuryStock": 3001311000, "capitalSurplus": 1505559000, "otherStockholderEquity": 3001311000, "totalStockholderEquity": 6342965000, "netTangibleAssets": 6336399000}, {"maxAge": 1, "endDate": "2018-03-31", "cash": 135202000, "shortTermInvestments": 645000, "netReceivables": 1144925000, "inventory": 3511476000, "otherCurrentAssets": 1773563000, "totalCurrentAssets": 6575451000, "longTermInvestments": 500552000, "propertyPlantEquipment": 10133791000, "otherAssets": 648911000, "deferredLongTermAssetCharges": 582838000, "totalAssets": 17858705000, "accountsPayable": 1839751000, "shortLongTermDebt": 401154000, "otherCurrentLiab": 321226000, "longTermDebt": 5877333000, "otherLiab": 8266000, "totalCurrentLiabilities": 5145669000, "totalLiab": 11031268000, "commonStock": 3854150000, "retainedEarnings": -1811020000, "treasuryStock": 2967449000, "capitalSurplus": 1505559000, "otherStockholderEquity": 2967449000, "totalStockholderEquity": 6516138000, "netTangibleAssets": 6516138000}, {"maxAge": 1, "endDate": "2017-03-31", "cash": 74252000, "netReceivables": 1453638000, "inventory": 2960165000, "otherCurrentAssets": 1618869000, "totalCurrentAssets": 6116118000, "longTermInvestments": 549621000, "propertyPlantEquipment": 10705155000, "otherAssets": 587727000, "deferredLongTermAssetCharges": 525132000, "totalAssets": 17958621000, "accountsPayable": 1193262000, "shortLongTermDebt": 769970000, "otherCurrentLiab": 485970000, "longTermDebt": 8637849000, "otherLiab": 8125000, "totalCurrentLiabilities": 5078896000, "totalLiab": 13725043000, "commonStock": 881000000, "retainedEarnings": -1255920000, "treasuryStock": 3102939000, "capitalSurplus": 1505559000, "otherStockholderEquity": 3102939000, "totalStockholderEquity": 4233578000, "netTangibleAssets": 4233578000}], "maxAge": 86400}, "earningsTrend": {"trend": [{"maxAge": 1, "period": "0q", "endDate": null, "growth": {}, "earningsEstimate": {"avg": 0.0, "low": 0.0, "high": 0.0, "yearAgoEps": {}, "numberOfAnalysts": 0, "growth": {}}, "revenueEstimate": {"avg": 0, "low": 0, "high": 0, "numberOfAnalysts": 0, "yearAgoRevenue": {}, "growth": {}}, "epsTrend": {"current": 0.0, "7daysAgo": 0.0, "30daysAgo": 0.0, "60daysAgo": 0.0, "90daysAgo": 0.0}, "epsRevisions": {"upLast7days": 0, "upLast30days": 0, "downLast30days": 0, "downLast90days": {}}}, {"maxAge": 1, "period": "+1q", "endDate": null, "growth": {}, "earningsEstimate": {"avg": 0.0, "low": 0.0, "high": 0.0, "yearAgoEps": {}, "numberOfAnalysts": 0, "growth": {}}, "revenueEstimate": {"avg": 0, "low": 0, "high": 0, "numberOfAnalysts": 0, "yearAgoRevenue": {}, "growth": {}}, "epsTrend": {"current": 0.0, "7daysAgo": 0.0, "30daysAgo": 0.0, "60daysAgo": 0.0, "90daysAgo": 0.0}, "epsRevisions": {"upLast7days": 0, "upLast30days": 0, "downLast30days": 0, "downLast90days": {}}}, {"maxAge": 1, "period": "0y", "endDate": null, "growth": {}, "earningsEstimate": {"avg": 0.0, "low": 0.0, "high": 0.0, "yearAgoEps": {}, "numberOfAnalysts": 0, "growth": {}}, "revenueEstimate": {"avg": 0, "low": 0, "high": 0, "numberOfAnalysts": 0, "yearAgoRevenue": {}, "growth": {}}, "epsTrend": {"current": 0.0, "7daysAgo": 0.0, "30daysAgo": 0.0, "60daysAgo": 0.0, "90daysAgo": 0.0}, "epsRevisions": {"upLast7days": 0, "upLast30days": 0, "downLast30days": 0, "downLast90days": {}}}, {"maxAge": 1, "period": "+1y", "endDate": null, "growth": {}, "earningsEstimate": {"avg": 0.0, "low": 0.0, "high": 0.0, "yearAgoEps": {}, "numberOfAnalysts": 0, "growth": {}}, "revenueEstimate": {"avg": 0, "low": 0, "high": 0, "numberOfAnalysts": 0, "yearAgoRevenue": {}, "growth": {}}, "epsTrend": {"current": 0.0, "7daysAgo": 0.0, "30daysAgo": 0.0, "60daysAgo": 0.0, "90daysAgo": 0.0}, "epsRevisions": {"upLast7days": 0, "upLast30days": 0, "downLast30days": 0, "downLast90days": {}}}, {"maxAge": 1, "period": "+5y", "endDate": null, "growth": {}, "earningsEstimate": {"avg": {}, "low": {}, "high": {}, "yearAgoEps": {}, "numberOfAnalysts": {}, "growth": {}}, "revenueEstimate": {"avg": {}, "low": {}, "high": {}, "numberOfAnalysts": {}, "yearAgoRevenue": {}, "growth": {}}, "epsTrend": {"current": {}, "7daysAgo": {}, "30daysAgo": {}, "60daysAgo": {}, "90daysAgo": {}}, "epsRevisions": {"upLast7days": {}, "upLast30days": {}, "downLast30days": {}, "downLast90days": {}}}, {"maxAge": 1, "period": "-5y", "endDate": null, "growth": -0.25076, "earningsEstimate": {"avg": {}, "low": {}, "high": {}, "yearAgoEps": {}, "numberOfAnalysts": {}, "growth": {}}, "revenueEstimate": {"avg": {}, "low": {}, "high": {}, "numberOfAnalysts": {}, "yearAgoRevenue": {}, "growth": {}}, "epsTrend": {"current": {}, "7daysAgo": {}, "30daysAgo": {}, "60daysAgo": {}, "90daysAgo": {}}, "epsRevisions": {"upLast7days": {}, "upLast30days": {}, "downLast30days": {}, "downLast90days": {}}}], "maxAge": 1}, "financialData": {"maxAge": 86400, "currentPrice": 11.65, "targetHighPrice": 17.0, "targetLowPrice": 17.0, "targetMeanPrice": 17.0, "targetMedianPrice": 17.0, "recommendationKey": "none", "numberOfAnalystOpinions": 1, "grossProfits": 3258370000, "financialCurrency": "INR"}}}