{"MSRINDIA.BO": {"cashflowStatementHistory": {"cashflowStatements": [{"maxAge": 1, "endDate": "2020-03-31", "netIncome": 490000, "depreciation": 28954000, "changeToNetincome": 44300000, "changeToAccountReceivables": 39934000, "changeToLiabilities": 58316000, "changeToInventory": -145893000, "changeToOperatingActivities": 4273000, "totalCashFromOperatingActivities": 30374000, "capitalExpenditures": -2883000, "investments": 1515000, "totalCashflowsFromInvestingActivities": 25627000, "netBorrowings": -9840000, "otherCashflowsFromFinancingActivities": -36694000, "totalCashFromFinancingActivities": -46534000, "changeInCash": 9467000}, {"maxAge": 1, "endDate": "2019-03-31", "netIncome": 4986905, "depreciation": 31202790, "changeToNetincome": 24185649, "changeToAccountReceivables": -67725030, "changeToLiabilities": 1257963, "changeToInventory": -158616390, "changeToOperatingActivities": 228994557, "totalCashFromOperatingActivities": 64286444, "capitalExpenditures": -81286596, "investments": -5335000, "otherCashflowsFromInvestingActivities": 122913, "totalCashflowsFromInvestingActivities": -86498683, "netBorrowings": 45449750, "otherCashflowsFromFinancingActivities": -23109617, "totalCashFromFinancingActivities": 22340133, "changeInCash": 127894}, {"maxAge": 1, "endDate": "2018-03-31", "netIncome": 17701064, "depreciation": 31086174, "changeToNetincome": 7348129, "changeToAccountReceivables": 74575725, "changeToLiabilities": -139932528, "changeToInventory": 58149301, "changeToOperatingActivities": -12638302, "totalCashFromOperatingActivities": 36289563, "capitalExpenditures": -27833983, "investments": -5335000, "otherCashflowsFromInvestingActivities": 445825, "totalCashflowsFromInvestingActivities": -27388158, "netBorrowings": 45449750, "otherCashflowsFromFinancingActivities": -9702759, "totalCashFromFinancingActivities": -9702759, "changeInCash": -801354}, {"maxAge": 1, "endDate": "2017-03-31", "netIncome": 9064000, "depreciation": 32881000, "changeToNetincome": -2000, "changeToAccountReceivables": 141767000, "changeToLiabilities": -84547000, "changeToInventory": -1237000, "changeToOperatingActivities": 6314000, "totalCashFromOperatingActivities": 104240000, "capitalExpenditures": -116366000, "investments": -5335000, "otherCashflowsFromInvestingActivities": -4373000, "totalCashflowsFromInvestingActivities": -120739000, "netBorrowings": 45449750, "otherCashflowsFromFinancingActivities": -9702759, "totalCashFromFinancingActivities": -9702759, "changeInCash": -16499000}], "maxAge": 86400}, "institutionOwnership": {"maxAge": 1, "ownershipList": []}, "balanceSheetHistoryQuarterly": {"balanceSheetStatements": [{"maxAge": 1, "endDate": "2020-06-30", "totalStockholderEquity": 353601000, "netTangibleAssets": 353553000}, {"maxAge": 1, "endDate": "2020-03-31", "cash": 10486000, "shortTermInvestments": 3485000, "netReceivables": 159678000, "inventory": 396546000, "otherCurrentAssets": 3731000, "totalCurrentAssets": 573926000, "propertyPlantEquipment": 235165000, "intangibleAssets": 48000, "otherAssets": 12575000, "deferredLongTermAssetCharges": 2067000, "totalAssets": 821714000, "accountsPayable": 114939000, "otherCurrentLiab": 10699000, "longTermDebt": 40508000, "otherLiab": 2000, "totalCurrentLiabilities": 427603000, "totalLiab": 468113000, "commonStock": 314400000, "treasuryStock": 39201000, "otherStockholderEquity": 39201000, "totalStockholderEquity": 353601000, "netTangibleAssets": 353553000}, {"maxAge": 1, "endDate": "2019-12-31", "totalStockholderEquity": 358003000, "netTangibleAssets": 358003000}, {"maxAge": 1, "endDate": "2019-09-30", "cash": 2648000, "netReceivables": 129824000, "inventory": 311255000, "otherCurrentAssets": 2221000, "totalCurrentAssets": 445948000, "propertyPlantEquipment": 290895000, "otherAssets": 1552000, "deferredLongTermAssetCharges": 1552000, "totalAssets": 738395000, "accountsPayable": 41269000, "otherCurrentLiab": 11262000, "longTermDebt": 43214000, "totalCurrentLiabilities": 337178000, "totalLiab": 380392000, "commonStock": 314400000, "treasuryStock": 43603000, "otherStockholderEquity": 43603000, "totalStockholderEquity": 358003000, "netTangibleAssets": 358003000}], "maxAge": 86400}, "indexTrend": {"maxAge": 1, "symbol": "SP5", "peRatio": 19.7411, "pegRatio": 1.34172, "estimates": [{"period": "0q", "growth": 0.549}, {"period": "+1q", "growth": 0.431}, {"period": "0y", "growth": 0.305}, {"period": "+1y", "growth": 0.109}, {"period": "+5y", "growth": 0.120859005}, {"period": "-5y"}]}, "insiderTransactions": {"transactions": [{"maxAge": 1, "shares": 18741087, "filerUrl": "", "transactionText": "", "filerName": "Kakunuri (Padmavathi)", "filerRelation": "UNREPORTED", "moneyText": "", "startDate": "2016-02-02", "ownership": "D"}, {"maxAge": 1, "shares": 7027907, "filerUrl": "", "transactionText": "", "filerName": "Morthala (Kanaka Vindya Purdhvi Reddy)", "filerRelation": "UNREPORTED", "moneyText": "", "startDate": "2016-02-02", "ownership": "D"}, {"maxAge": 1, "shares": 4685272, "filerUrl": "", "transactionText": "", "filerName": "Reddy (Malla M)", "filerRelation": "UNREPORTED", "moneyText": "", "startDate": "2016-02-02", "ownership": "D"}, {"maxAge": 1, "shares": 7027907, "filerUrl": "", "transactionText": "", "filerName": "Reddy (Mortala Dheeraj)", "filerRelation": "UNREPORTED", "moneyText": "", "startDate": "2016-02-02", "ownership": "D"}, {"maxAge": 1, "shares": 4685274, "filerUrl": "", "transactionText": "", "filerName": "Vijayalakshmi (K)", "filerRelation": "UNREPORTED", "moneyText": "", "startDate": "2016-02-02", "ownership": "D"}, {"maxAge": 1, "shares": 3375, "filerUrl": "", "transactionText": "", "filerName": "Palacharla (Priyanka)", "filerRelation": "UNREPORTED", "moneyText": "", "startDate": "2015-04-09", "ownership": "D"}, {"maxAge": 1, "shares": 2700, "filerUrl": "", "transactionText": "", "filerName": "Palacharla (Priyanka)", "filerRelation": "UNREPORTED", "moneyText": "", "startDate": "2015-03-31", "ownership": "D"}, {"maxAge": 1, "shares": 1815, "filerUrl": "", "transactionText": "", "filerName": "Palacharla (Priyanka)", "filerRelation": "UNREPORTED", "moneyText": "", "startDate": "2015-03-30", "ownership": "D"}, {"maxAge": 1, "shares": 8012, "filerUrl": "", "transactionText": "", "filerName": "Palacharla (Priyanka)", "filerRelation": "UNREPORTED", "moneyText": "", "startDate": "2015-02-23", "ownership": "D"}], "maxAge": 1}, "quoteType": {"exchange": "BSE", "quoteType": "EQUITY", "symbol": "MSRINDIA.BO", "underlyingSymbol": "MSRINDIA.BO", "shortName": "MSR INDIA LTD.", "longName": "MSR India Limited", "firstTradeDateEpochUtc": "2011-12-08 09:15:00", "timeZoneFullName": "Asia/Kolkata", "timeZoneShortName": "IST", "uuid": "1ab43fd6-8507-36ff-b6a5-0fbf55a254fe", "messageBoardId": null, "gmtOffSetMilliseconds": 19800000, "maxAge": 1}, "incomeStatementHistory": {"incomeStatementHistory": [{"maxAge": 1, "endDate": "2020-03-31", "totalRevenue": 501318000, "costOfRevenue": 218639000, "grossProfit": 282679000, "researchDevelopment": {}, "sellingGeneralAdministrative": 51662000, "nonRecurring": {}, "otherOperatingExpenses": 165050000, "totalOperatingExpenses": 464305000, "operatingIncome": 37013000, "totalOtherIncomeExpenseNet": -36694000, "ebit": 37013000, "interestExpense": -36694000, "incomeBeforeTax": 319000, "incomeTaxExpense": -171000, "minorityInterest": {}, "netIncomeFromContinuingOps": 490000, "discontinuedOperations": {}, "extraordinaryItems": {}, "effectOfAccountingCharges": {}, "otherItems": {}, "netIncome": 490000, "netIncomeApplicableToCommonShares": 490000}, {"maxAge": 1, "endDate": "2019-03-31", "totalRevenue": 1699187340, "costOfRevenue": 1533598983, "grossProfit": 165588357, "researchDevelopment": {}, "sellingGeneralAdministrative": 54846144, "nonRecurring": {}, "otherOperatingExpenses": 46322807, "totalOperatingExpenses": 1665949387, "operatingIncome": 33237953, "totalOtherIncomeExpenseNet": -22986704, "ebit": 33237953, "interestExpense": -20579624, "incomeBeforeTax": 10251249, "incomeTaxExpense": 5264344, "minorityInterest": {}, "netIncomeFromContinuingOps": 4986905, "discontinuedOperations": {}, "extraordinaryItems": {}, "effectOfAccountingCharges": {}, "otherItems": {}, "netIncome": 4986905, "netIncomeApplicableToCommonShares": 4986905}, {"maxAge": 1, "endDate": "2018-03-31", "totalRevenue": 1222517384, "costOfRevenue": 1059051993, "grossProfit": 163465391, "researchDevelopment": {}, "sellingGeneralAdministrative": 56878202, "nonRecurring": {}, "otherOperatingExpenses": 44107904, "totalOperatingExpenses": 1191091773, "operatingIncome": 31425611, "totalOtherIncomeExpenseNet": -9256934, "ebit": 31425611, "interestExpense": -8605117, "incomeBeforeTax": 22168677, "incomeTaxExpense": 4467613, "minorityInterest": {}, "netIncomeFromContinuingOps": 17701064, "discontinuedOperations": {}, "extraordinaryItems": {}, "effectOfAccountingCharges": {}, "otherItems": {}, "netIncome": 17701064, "netIncomeApplicableToCommonShares": 17701064}, {"maxAge": 1, "endDate": "2017-03-31", "totalRevenue": 1124746000, "costOfRevenue": 996333000, "grossProfit": 128413000, "researchDevelopment": {}, "sellingGeneralAdministrative": 24168000, "nonRecurring": {}, "otherOperatingExpenses": 60020000, "totalOperatingExpenses": 1113402000, "operatingIncome": 11344000, "totalOtherIncomeExpenseNet": -223000, "ebit": 11344000, "interestExpense": -248000, "incomeBeforeTax": 11121000, "incomeTaxExpense": 2057000, "minorityInterest": {}, "netIncomeFromContinuingOps": 9064000, "discontinuedOperations": {}, "extraordinaryItems": {}, "effectOfAccountingCharges": {}, "otherItems": {}, "netIncome": 9064000, "netIncomeApplicableToCommonShares": 9064000}], "maxAge": 86400}, "fundOwnership": {"maxAge": 1, "ownershipList": []}, "summaryDetail": {"maxAge": 1, "priceHint": 2, "previousClose": 9.95, "open": 10.4, "dayLow": 9.46, "dayHigh": 10.44, "regularMarketPreviousClose": 9.95, "regularMarketOpen": 10.4, "regularMarketDayLow": 9.46, "regularMarketDayHigh": 10.44, "trailingPE": 1035.0001, "volume": 5997, "regularMarketVolume": 5997, "averageVolume": 7018, "averageVolume10days": 2471, "averageDailyVolume10Day": 2471, "bid": 9.47, "ask": 10.35, "bidSize": 0, "askSize": 0, "marketCap": 650808000, "fiftyTwoWeekLow": 5.02, "fiftyTwoWeekHigh": 17.34, "fiftyDayAverage": 12.347714, "twoHundredDayAverage": 12.7673, "currency": "INR", "fromCurrency": null, "toCurrency": null, "lastMarket": null, "algorithm": null, "tradeable": false}, "incomeStatementHistoryQuarterly": {"incomeStatementHistory": [{"maxAge": 1, "endDate": "2020-06-30", "totalRevenue": 51001000, "costOfRevenue": 29485000, "grossProfit": 21516000, "researchDevelopment": {}, "sellingGeneralAdministrative": 12078000, "nonRecurring": {}, "otherOperatingExpenses": 1962000, "totalOperatingExpenses": 50764000, "operatingIncome": 237000, "totalOtherIncomeExpenseNet": -9799000, "ebit": 237000, "interestExpense": -9800000, "incomeBeforeTax": -9562000, "incomeTaxExpense": 0, "minorityInterest": {}, "netIncomeFromContinuingOps": -9562000, "discontinuedOperations": {}, "extraordinaryItems": {}, "effectOfAccountingCharges": {}, "otherItems": {}, "netIncome": -9562000, "netIncomeApplicableToCommonShares": -9562000}, {"maxAge": 1, "endDate": "2020-03-31", "totalRevenue": 165976000, "costOfRevenue": 3857000, "grossProfit": 162119000, "researchDevelopment": {}, "sellingGeneralAdministrative": 11266000, "nonRecurring": {}, "otherOperatingExpenses": 82110000, "totalOperatingExpenses": 104471000, "operatingIncome": 61505000, "totalOtherIncomeExpenseNet": -8517000, "ebit": 61505000, "interestExpense": -8517000, "incomeBeforeTax": 52988000, "incomeTaxExpense": 0, "minorityInterest": {}, "netIncomeFromContinuingOps": 52988000, "discontinuedOperations": {}, "extraordinaryItems": {}, "effectOfAccountingCharges": {}, "otherItems": {}, "netIncome": 52988000, "netIncomeApplicableToCommonShares": 52988000}, {"maxAge": 1, "endDate": "2019-12-31", "totalRevenue": 129271000, "costOfRevenue": 85746000, "grossProfit": 43525000, "researchDevelopment": {}, "sellingGeneralAdministrative": 13148000, "nonRecurring": {}, "otherOperatingExpenses": 13789000, "totalOperatingExpenses": 119429000, "operatingIncome": 9842000, "totalOtherIncomeExpenseNet": -9131000, "ebit": 9842000, "interestExpense": -9131000, "incomeBeforeTax": 711000, "incomeTaxExpense": 0, "minorityInterest": {}, "netIncomeFromContinuingOps": 711000, "discontinuedOperations": {}, "extraordinaryItems": {}, "effectOfAccountingCharges": {}, "otherItems": {}, "netIncome": 711000, "netIncomeApplicableToCommonShares": 711000}, {"maxAge": 1, "endDate": "2019-09-30", "totalRevenue": 154485000, "costOfRevenue": 105511000, "grossProfit": 48974000, "researchDevelopment": {}, "sellingGeneralAdministrative": 13649000, "nonRecurring": {}, "otherOperatingExpenses": 17186000, "totalOperatingExpenses": 143310000, "operatingIncome": 11175000, "totalOtherIncomeExpenseNet": -8998000, "ebit": 11175000, "interestExpense": -8998000, "incomeBeforeTax": 2177000, "incomeTaxExpense": 0, "minorityInterest": {}, "netIncomeFromContinuingOps": 2177000, "discontinuedOperations": {}, "extraordinaryItems": {}, "effectOfAccountingCharges": {}, "otherItems": {}, "netIncome": 2177000, "netIncomeApplicableToCommonShares": 2177000}], "maxAge": 86400}, "cashflowStatementHistoryQuarterly": {"cashflowStatements": [{"maxAge": 1, "endDate": "2020-06-30", "netIncome": -9562000, "changeToLiabilities": 0}, {"maxAge": 1, "endDate": "2020-03-31", "netIncome": 52988000, "changeToLiabilities": 0}, {"maxAge": 1, "endDate": "2019-12-31", "netIncome": 711000, "changeToLiabilities": 0}, {"maxAge": 1, "endDate": "2019-09-30", "netIncome": 2177000, "changeToLiabilities": 0}], "maxAge": 86400}, "insiderHolders": {"holders": [{"maxAge": 1, "name": "Kakunuri (Padmavathi)", "relation": "UNREPORTED", "url": "", "transactionDescription": "Other", "latestTransDate": "2016-02-02", "positionDirect": 18741087, "positionDirectDate": "2016-02-02"}, {"maxAge": 1, "name": "Morthala (Kanaka Vindya Purdhvi Reddy)", "relation": "UNREPORTED", "url": "", "transactionDescription": "Other", "latestTransDate": "2016-02-02", "positionDirect": 7027907, "positionDirectDate": "2016-02-02"}, {"maxAge": 1, "name": "Palacharla (Priyanka)", "relation": "UNREPORTED", "url": "", "transactionDescription": "Acquisition", "latestTransDate": "2015-04-09", "positionDirect": 286625, "positionDirectDate": "2015-04-09"}, {"maxAge": 1, "name": "Reddy (Malla M)", "relation": "UNREPORTED", "url": "", "transactionDescription": "Other", "latestTransDate": "2016-02-02", "positionDirect": 4685272, "positionDirectDate": "2016-02-02"}, {"maxAge": 1, "name": "Reddy (Mortala Dheeraj)", "relation": "UNREPORTED", "url": "", "transactionDescription": "Other", "latestTransDate": "2016-02-02", "positionDirect": 7027907, "positionDirectDate": "2016-02-02"}, {"maxAge": 1, "name": "Vijayalakshmi (K)", "relation": "UNREPORTED", "url": "", "transactionDescription": "Other", "latestTransDate": "2016-02-02", "positionDirect": 4685274, "positionDirectDate": "2016-02-02"}], "maxAge": 1}, "calendarEvents": {"maxAge": 1, "earnings": {"earningsDate": []}}, "price": {"maxAge": 1, "regularMarketChangePercent": 0.040201064, "regularMarketChange": 0.40000057, "regularMarketTime": "2021-04-30 15:02:59", "priceHint": 2, "regularMarketPrice": 10.35, "regularMarketDayHigh": 10.44, "regularMarketDayLow": 9.46, "regularMarketVolume": 5997, "averageDailyVolume10Day": 2471, "averageDailyVolume3Month": 7018, "regularMarketPreviousClose": 9.95, "regularMarketSource": "FREE_REALTIME", "regularMarketOpen": 10.4, "exchange": "BSE", "exchangeName": "BSE", "exchangeDataDelayedBy": 0, "marketState": "CLOSED", "quoteType": "EQUITY", "symbol": "MSRINDIA.BO", "underlyingSymbol": null, "shortName": "MSR INDIA LTD.", "longName": "MSR India Limited", "currency": "INR", "quoteSourceName": "Delayed Quote", "currencySymbol": "\u20b9", "fromCurrency": null, "toCurrency": null, "lastMarket": null, "marketCap": 650808000}, "balanceSheetHistory": {"balanceSheetStatements": [{"maxAge": 1, "endDate": "2020-03-31", "cash": 10486000, "shortTermInvestments": 3485000, "netReceivables": 159678000, "inventory": 396546000, "otherCurrentAssets": 3731000, "totalCurrentAssets": 573926000, "propertyPlantEquipment": 235165000, "intangibleAssets": 48000, "otherAssets": 12575000, "deferredLongTermAssetCharges": 2067000, "totalAssets": 821714000, "accountsPayable": 114939000, "otherCurrentLiab": 10699000, "longTermDebt": 40508000, "otherLiab": 2000, "totalCurrentLiabilities": 427603000, "totalLiab": 468113000, "commonStock": 314400000, "treasuryStock": 39201000, "otherStockholderEquity": 39201000, "totalStockholderEquity": 353601000, "netTangibleAssets": 353553000}, {"maxAge": 1, "endDate": "2019-03-31", "cash": 569080, "shortTermInvestments": 5000000, "netReceivables": 199612608, "inventory": 250653345, "otherCurrentAssets": 6923643, "totalCurrentAssets": 462758676, "propertyPlantEquipment": 304961435, "intangibleAssets": 64010, "otherAssets": 3434389, "deferredLongTermAssetCharges": 332094, "totalAssets": 771218510, "accountsPayable": 56623800, "otherCurrentLiab": 2848545, "longTermDebt": 51549638, "otherLiab": -1000, "totalCurrentLiabilities": 366557657, "totalLiab": 418107295, "commonStock": 314400000, "retainedEarnings": 38274086, "treasuryStock": 39932000, "capitalSurplus": 437129, "otherStockholderEquity": 39932000, "totalStockholderEquity": 353111215, "netTangibleAssets": 353047205}, {"maxAge": 1, "endDate": "2018-03-31", "cash": 441190, "netReceivables": 131887578, "inventory": 92036955, "otherCurrentAssets": 50040401, "totalCurrentAssets": 274406124, "propertyPlantEquipment": 254834952, "intangibleAssets": 85346, "otherAssets": 2136230, "deferredLongTermAssetCharges": 1552376, "totalAssets": 531462652, "accountsPayable": 55365837, "otherCurrentLiab": 1450134, "longTermDebt": 6099888, "totalCurrentLiabilities": 177238454, "totalLiab": 183338342, "commonStock": 314400000, "retainedEarnings": 33287181, "capitalSurplus": 437129, "totalStockholderEquity": 348124310, "netTangibleAssets": 348038964}, {"maxAge": 1, "endDate": "2017-03-31", "cash": 929000, "netReceivables": 224847000, "inventory": 33888000, "otherCurrentAssets": 37878000, "totalCurrentAssets": 297542000, "propertyPlantEquipment": 258043000, "intangibleAssets": 97000, "totalAssets": 555682000, "accountsPayable": 215897000, "otherCurrentLiab": 4403000, "otherLiab": 325000, "totalCurrentLiabilities": 224934000, "totalLiab": 225259000, "commonStock": 314400000, "retainedEarnings": 15586000, "capitalSurplus": 437000, "totalStockholderEquity": 330423000, "netTangibleAssets": 330326000}], "maxAge": 86400}, "financialData": {"maxAge": 86400, "currentPrice": 10.35, "recommendationKey": "none", "grossProfits": 282679000, "financialCurrency": "INR"}}}