{"MSTCLTD.NS": {"assetProfile": {"address1": "225-C, Acharya Jagadish Chandra Bose Rd", "city": "Kolkata", "zip": "700020", "country": "India", "phone": "91 33 2290 0964", "fax": "91 33 2287 8547", "website": "http://www.mstcindia.co.in", "industry": "Conglomerates", "sector": "Industrials", "longBusinessSummary": "MSTC Limited engages in marketing, e-commerce, other, and scrap recovery and allied job businesses in India. It is involved in the sourcing, purchase, and sale of industrial raw materials, such as heavy melting scrap, low-ash metallurgical coke, HR coil, naphtha, crude oil, coking coal, steam coal, line pipes, etc. for users, as well as traders in the steel, oil and gas, and private and public power sectors. The company also provides e-auction services for sale of ferrous and non-ferrous scraps, surplus stores, minerals, old plant and machineries, e-waste, coal and non-coal mine blocks, iron ore, pulses, grins, oil seeds, land parcels, agricultural produce, tea, gorgon nut, tendu leaves, timbers and other forest produce, etc; and buildings, apartment, banks' NPAs and DRT, organic agri produce assets etc. In addition, it operates various other portals for petroleum products, organic farming, agricultural product trading, and other activities. Further, the company offers tender and auction, recycling, and e-procurement services. It serves central/PSUs/state government departments and private institutions. The company was formerly known as Metal Scrap Trade Corporation Limited and changed its name to MSTC Limited in September 1994. MSTC Limited was founded in 1964 and is headquartered in Kolkata, India.", "fullTimeEmployees": 344, "companyOfficers": [{"maxAge": 1, "name": "Mr. Surinder Kumar Gupta", "title": "Chairman & MD", "fiscalYear": 2020, "totalPay": 1260000, "exercisedValue": 0, "unexercisedValue": 0}, {"maxAge": 1, "name": "Mr. Subrata  Sarkar", "age": 50, "title": "CFO, Director of Fin. & Whole Time Director", "yearBorn": 1970, "fiscalYear": 2020, "totalPay": 4500000, "exercisedValue": 0, "unexercisedValue": 0}, {"maxAge": 1, "name": "Mr. Ajay Kumar Rai", "age": 45, "title": "Company Sec. & Compliance Officer", "yearBorn": 1975, "fiscalYear": 2020, "totalPay": 3240000, "exercisedValue": 0, "unexercisedValue": 0}, {"maxAge": 1, "name": "Ms. Bhanu  Kumar", "age": 53, "title": "Director of Commercial & Whole Time Director", "yearBorn": 1967, "fiscalYear": 2020, "totalPay": 5540000, "exercisedValue": 0, "unexercisedValue": 0}, {"maxAge": 1, "name": "Ms. Amita  Saha", "title": "Deputy Ggeneral Mang. of Personnel & Admin.", "exercisedValue": 0, "unexercisedValue": 0}, {"maxAge": 1, "name": "Mr. Arup  Banerjee", "title": "Gen. Mang. of Legal", "exercisedValue": 0, "unexercisedValue": 0}, {"maxAge": 1, "name": "Mr. B.  Majumdar", "title": "Gen. Mang. of Marketing & Corp. Communications", "exercisedValue": 0, "unexercisedValue": 0}, {"maxAge": 1, "name": "Mr. Suresh  Madhavan", "title": "Chief Vigilance Officer", "exercisedValue": 0, "unexercisedValue": 0}, {"maxAge": 1, "name": "Mr. Amitava  Sinha", "title": "Deputy Gen. Mang. and Sec. to Chairman & Managing Director", "exercisedValue": 0, "unexercisedValue": 0}], "compensationAsOfEpochDate": "2020-12-31 05:30:00", "maxAge": 86400}, "cashflowStatementHistory": {"cashflowStatements": [{"maxAge": 1, "endDate": "2020-03-31", "netIncome": 970140000, "depreciation": 157960000, "changeToNetincome": 804810000, "changeToAccountReceivables": 3950220000, "changeToLiabilities": -3701840000, "changeToInventory": -9650000, "changeToOperatingActivities": 41950000, "totalCashFromOperatingActivities": 2222530000, "capitalExpenditures": -387780000, "investments": 1479580000, "otherCashflowsFromInvestingActivities": 157740000, "totalCashflowsFromInvestingActivities": 1281830000, "netBorrowings": -2031850000, "otherCashflowsFromFinancingActivities": -299830000, "totalCashFromFinancingActivities": -2331680000, "changeInCash": 1172680000}, {"maxAge": 1, "endDate": "2019-03-31", "netIncome": -3071040000, "depreciation": 141560000, "changeToNetincome": 5783340000, "changeToAccountReceivables": 16033280000, "changeToLiabilities": -17743390000, "changeToInventory": -18750000, "changeToOperatingActivities": -117750000, "totalCashFromOperatingActivities": 1013300000, "capitalExpenditures": -392230000, "investments": 504680000, "otherCashflowsFromInvestingActivities": 439470000, "totalCashflowsFromInvestingActivities": 598250000, "dividendsPaid": -260480000, "netBorrowings": -1275440000, "otherCashflowsFromFinancingActivities": -632160000, "totalCashFromFinancingActivities": -2168080000, "changeInCash": -556530000}, {"maxAge": 1, "endDate": "2018-03-31", "netIncome": 772200000, "depreciation": 118300000, "changeToNetincome": 1320800000, "changeToAccountReceivables": -3641630000, "changeToLiabilities": 895900000, "changeToInventory": 702300000, "changeToOperatingActivities": 38430000, "totalCashFromOperatingActivities": 211900000, "capitalExpenditures": -262900000, "investments": 870600000, "otherCashflowsFromInvestingActivities": 208200000, "totalCashflowsFromInvestingActivities": 840700000, "dividendsPaid": -249900000, "netBorrowings": 30300000, "otherCashflowsFromFinancingActivities": -724800000, "totalCashFromFinancingActivities": -944400000, "changeInCash": 108200000}, {"maxAge": 1, "endDate": "2017-03-31", "netIncome": 1391500000, "depreciation": 121000000, "changeToNetincome": -190500000, "changeToAccountReceivables": -9031180000, "changeToLiabilities": 3140440000, "changeToInventory": -552200000, "changeToOperatingActivities": -73200000, "totalCashFromOperatingActivities": -5193840000, "capitalExpenditures": -193800000, "investments": 3499000000, "otherCashflowsFromInvestingActivities": 421700000, "totalCashflowsFromInvestingActivities": 3771600000, "dividendsPaid": -347600000, "netBorrowings": 1217100000, "otherCashflowsFromFinancingActivities": -749100000, "totalCashFromFinancingActivities": 120400000, "changeInCash": -1301840000}], "maxAge": 86400}, "institutionOwnership": {"ownershipList": [], "maxAge": 1}, "majorHoldersBreakdown": {"maxAge": 1, "insidersPercentHeld": 0.70883006, "institutionsPercentHeld": 0.052789997, "institutionsFloatPercentHeld": 0.18129, "institutionsCount": 2}, "balanceSheetHistoryQuarterly": {"balanceSheetStatements": [{"maxAge": 1, "endDate": "2020-12-31", "totalStockholderEquity": 4709690000, "netTangibleAssets": 4704880000}, {"maxAge": 1, "endDate": "2020-09-30", "cash": 4083350000, "shortTermInvestments": 303700000, "netReceivables": 11141750000, "inventory": 63810000, "otherCurrentAssets": 107590000, "totalCurrentAssets": 15700200000, "longTermInvestments": 623930000, "propertyPlantEquipment": 1231410000, "intangibleAssets": 4810000, "otherAssets": 2848380000, "deferredLongTermAssetCharges": 2239630000, "totalAssets": 20408730000, "accountsPayable": 5058680000, "otherCurrentLiab": 8098020000, "longTermDebt": 83310000, "otherLiab": 959010000, "totalCurrentLiabilities": 14656720000, "totalLiab": 15699040000, "commonStock": 704000000, "treasuryStock": 4005690000, "otherStockholderEquity": 4005690000, "totalStockholderEquity": 4709690000, "netTangibleAssets": 4704880000}, {"maxAge": 1, "endDate": "2020-06-30", "totalStockholderEquity": 4739220000, "netTangibleAssets": 4727010000}, {"maxAge": 1, "endDate": "2020-03-31", "cash": 606760000, "shortTermInvestments": 848030000, "netReceivables": 14735410000, "inventory": 70000000, "otherCurrentAssets": 1101720000, "totalCurrentAssets": 17386030000, "longTermInvestments": 162120000, "propertyPlantEquipment": 1241180000, "intangibleAssets": 12210000, "otherAssets": 3209960000, "deferredLongTermAssetCharges": 2296960000, "totalAssets": 22011500000, "accountsPayable": 6298610000, "otherCurrentLiab": 5925660000, "longTermDebt": 33910000, "otherLiab": 899490000, "totalCurrentLiabilities": 16338880000, "totalLiab": 17272280000, "commonStock": 704000000, "retainedEarnings": 3693620000, "treasuryStock": 341600000, "otherStockholderEquity": 341600000, "totalStockholderEquity": 4739220000, "netTangibleAssets": 4727010000}], "maxAge": 86400}, "indexTrend": {"maxAge": 1, "symbol": "SP5", "peRatio": 19.7411, "pegRatio": 1.34172, "estimates": [{"period": "0q", "growth": 0.549}, {"period": "+1q", "growth": 0.431}, {"period": "0y", "growth": 0.305}, {"period": "+1y", "growth": 0.109}, {"period": "+5y", "growth": 0.120865}, {"period": "-5y"}]}, "defaultKeyStatistics": {"maxAge": 1, "priceHint": 2, "enterpriseValue": 15075733504, "profitMargins": 0.06309, "floatShares": 19985201, "sharesOutstanding": 70400000, "heldPercentInsiders": 0.70883006, "heldPercentInstitutions": 0.052789997, "beta": 1.267291, "category": null, "bookValue": 66.823, "priceToBook": 3.7928557, "fundFamily": null, "legalType": null, "lastFiscalYearEnd": "2020-03-31 05:30:00", "nextFiscalYearEnd": "2022-03-31 05:30:00", "mostRecentQuarter": "2020-12-31 05:30:00", "earningsQuarterlyGrowth": -0.671, "netIncomeToCommon": 418390016, "trailingEps": 5.939, "lastSplitFactor": null, "enterpriseToRevenue": 2.273, "enterpriseToEbitda": 13.503}, "summaryProfile": {"address1": "225-C, Acharya Jagadish Chandra Bose Rd", "city": "Kolkata", "zip": "700020", "country": "India", "phone": "91 33 2290 0964", "fax": "91 33 2287 8547", "website": "http://www.mstcindia.co.in", "industry": "Conglomerates", "sector": "Industrials", "longBusinessSummary": "MSTC Limited engages in marketing, e-commerce, other, and scrap recovery and allied job businesses in India. It is involved in the sourcing, purchase, and sale of industrial raw materials, such as heavy melting scrap, low-ash metallurgical coke, HR coil, naphtha, crude oil, coking coal, steam coal, line pipes, etc. for users, as well as traders in the steel, oil and gas, and private and public power sectors. The company also provides e-auction services for sale of ferrous and non-ferrous scraps, surplus stores, minerals, old plant and machineries, e-waste, coal and non-coal mine blocks, iron ore, pulses, grins, oil seeds, land parcels, agricultural produce, tea, gorgon nut, tendu leaves, timbers and other forest produce, etc; and buildings, apartment, banks' NPAs and DRT, organic agri produce assets etc. In addition, it operates various other portals for petroleum products, organic farming, agricultural product trading, and other activities. Further, the company offers tender and auction, recycling, and e-procurement services. It serves central/PSUs/state government departments and private institutions. The company was formerly known as Metal Scrap Trade Corporation Limited and changed its name to MSTC Limited in September 1994. MSTC Limited was founded in 1964 and is headquartered in Kolkata, India.", "fullTimeEmployees": 344, "companyOfficers": [], "maxAge": 86400}, "netSharePurchaseActivity": {"maxAge": 1, "period": "6m", "buyInfoCount": 0, "buyInfoShares": 0, "sellInfoCount": 0, "netInfoCount": 0, "netInfoShares": 0, "netPercentInsiderShares": 0.0, "totalInsiderShares": 50003924}, "quoteType": {"exchange": "NSI", "quoteType": "EQUITY", "symbol": "MSTCLTD.NS", "underlyingSymbol": "MSTCLTD.NS", "shortName": "MSTC LIMITED", "longName": "MSTC Limited", "firstTradeDateEpochUtc": "2019-03-29 09:15:00", "timeZoneFullName": "Asia/Kolkata", "timeZoneShortName": "IST", "uuid": "0b37b63f-e149-3c9a-bde0-5e3b3c6c2fb0", "gmtOffSetMilliseconds": 19800000, "maxAge": 1}, "incomeStatementHistory": {"incomeStatementHistory": [{"maxAge": 1, "endDate": "2020-03-31", "totalRevenue": 12313990000, "costOfRevenue": 6289360000, "grossProfit": 6024630000, "researchDevelopment": {}, "sellingGeneralAdministrative": 1883970000, "nonRecurring": {}, "otherOperatingExpenses": 1758770000, "totalOperatingExpenses": 10472240000, "operatingIncome": 1841750000, "totalOtherIncomeExpenseNet": -174320000, "ebit": 1841750000, "interestExpense": -287220000, "incomeBeforeTax": 1667430000, "incomeTaxExpense": 697290000, "minorityInterest": {}, "netIncomeFromContinuingOps": 970140000, "discontinuedOperations": {}, "extraordinaryItems": {}, "effectOfAccountingCharges": {}, "otherItems": {}, "netIncome": 970140000, "netIncomeApplicableToCommonShares": 970140000}, {"maxAge": 1, "endDate": "2019-03-31", "totalRevenue": 32919970000, "costOfRevenue": 26022930000, "grossProfit": 6897040000, "researchDevelopment": {}, "sellingGeneralAdministrative": 1765360000, "nonRecurring": {}, "otherOperatingExpenses": 6082490000, "totalOperatingExpenses": 35118450000, "operatingIncome": -2198480000, "totalOtherIncomeExpenseNet": -175990000, "ebit": -2198480000, "interestExpense": -578050000, "incomeBeforeTax": -2374470000, "incomeTaxExpense": 696570000, "minorityInterest": {}, "netIncomeFromContinuingOps": -3071040000, "discontinuedOperations": {}, "extraordinaryItems": {}, "effectOfAccountingCharges": {}, "otherItems": {}, "netIncome": -3071040000, "netIncomeApplicableToCommonShares": -3071040000}, {"maxAge": 1, "endDate": "2018-03-31", "totalRevenue": 22654000000, "costOfRevenue": 15998700000, "grossProfit": 6655300000, "researchDevelopment": {}, "sellingGeneralAdministrative": 2174700000, "nonRecurring": {}, "otherOperatingExpenses": -1536300000, "totalOperatingExpenses": 21355100000, "operatingIncome": 1298900000, "totalOtherIncomeExpenseNet": -127400000, "ebit": 1298900000, "interestExpense": -673600000, "incomeBeforeTax": 1171500000, "incomeTaxExpense": 399300000, "minorityInterest": {}, "netIncomeFromContinuingOps": 772200000, "discontinuedOperations": {}, "extraordinaryItems": {}, "effectOfAccountingCharges": {}, "otherItems": {}, "netIncome": 772200000, "netIncomeApplicableToCommonShares": 772200000}, {"maxAge": 1, "endDate": "2017-03-31", "totalRevenue": 17392200000, "costOfRevenue": 12360900000, "grossProfit": 5031300000, "researchDevelopment": {}, "sellingGeneralAdministrative": 1555800000, "nonRecurring": {}, "otherOperatingExpenses": 1044400000, "totalOperatingExpenses": 15324200000, "operatingIncome": 2068000000, "totalOtherIncomeExpenseNet": -240100000, "ebit": 2068000000, "interestExpense": -677200000, "incomeBeforeTax": 1827900000, "incomeTaxExpense": 436400000, "minorityInterest": {}, "netIncomeFromContinuingOps": 1391500000, "discontinuedOperations": {}, "extraordinaryItems": {}, "effectOfAccountingCharges": {}, "otherItems": {}, "netIncome": 1391500000, "netIncomeApplicableToCommonShares": 1391500000}], "maxAge": 86400}, "fundOwnership": {"ownershipList": [], "maxAge": 1}, "summaryDetail": {"maxAge": 1, "priceHint": 2, "previousClose": 263.45, "open": 261.55, "dayLow": 250.25, "dayHigh": 262.5, "regularMarketPreviousClose": 263.45, "regularMarketOpen": 261.55, "regularMarketDayLow": 250.25, "regularMarketDayHigh": 262.5, "dividendRate": 3.3, "dividendYield": 0.0125, "exDividendDate": "2020-09-16 05:30:00", "payoutRatio": 0.5556, "beta": 1.267291, "trailingPE": 42.675533, "volume": 273387, "regularMarketVolume": 273387, "averageVolume": 1568296, "averageVolume10days": 570482, "averageDailyVolume10Day": 570482, "bid": 0.0, "ask": 0.0, "bidSize": 0, "askSize": 0, "marketCap": 17880137728, "fiftyTwoWeekLow": 84.55, "fiftyTwoWeekHigh": 400.0, "priceToSalesTrailing12Months": 2.6963246, "fiftyDayAverage": 304.12354, "twoHundredDayAverage": 209.86418, "trailingAnnualDividendRate": 3.3, "trailingAnnualDividendYield": 0.012526095, "currency": "INR", "fromCurrency": null, "lastMarket": null, "algorithm": null, "tradeable": false}, "incomeStatementHistoryQuarterly": {"incomeStatementHistory": [{"maxAge": 1, "endDate": "2020-12-31", "totalRevenue": 1580400000, "costOfRevenue": 122610000, "grossProfit": 1457790000, "researchDevelopment": {}, "sellingGeneralAdministrative": 428360000, "nonRecurring": {}, "otherOperatingExpenses": 662770000, "totalOperatingExpenses": 1260890000, "operatingIncome": 319510000, "totalOtherIncomeExpenseNet": -14900000, "ebit": 319510000, "interestExpense": -15440000, "incomeBeforeTax": 304610000, "incomeTaxExpense": 193150000, "minorityInterest": {}, "netIncomeFromContinuingOps": 111460000, "discontinuedOperations": {}, "extraordinaryItems": {}, "effectOfAccountingCharges": {}, "otherItems": {}, "netIncome": 111460000, "netIncomeApplicableToCommonShares": 111460000}, {"maxAge": 1, "endDate": "2020-09-30", "totalRevenue": 2094520000, "costOfRevenue": 781070000, "grossProfit": 1313450000, "researchDevelopment": {}, "sellingGeneralAdministrative": 427830000, "nonRecurring": {}, "otherOperatingExpenses": 367030000, "totalOperatingExpenses": 1624120000, "operatingIncome": 470400000, "totalOtherIncomeExpenseNet": -20250000, "ebit": 470400000, "interestExpense": -15560000, "incomeBeforeTax": 450150000, "incomeTaxExpense": 162590000, "minorityInterest": {}, "netIncomeFromContinuingOps": 287560000, "discontinuedOperations": {}, "extraordinaryItems": {}, "effectOfAccountingCharges": {}, "otherItems": {}, "netIncome": 287560000, "netIncomeApplicableToCommonShares": 287560000}, {"maxAge": 1, "endDate": "2020-06-30", "totalRevenue": 1017930000, "costOfRevenue": 61620000, "grossProfit": 956310000, "researchDevelopment": {}, "sellingGeneralAdministrative": 415740000, "nonRecurring": {}, "otherOperatingExpenses": 454170000, "totalOperatingExpenses": 979460000, "operatingIncome": 38470000, "totalOtherIncomeExpenseNet": -33890000, "ebit": 38470000, "interestExpense": -25580000, "incomeBeforeTax": 4580000, "incomeTaxExpense": 32270000, "minorityInterest": {}, "netIncomeFromContinuingOps": -27690000, "discontinuedOperations": {}, "extraordinaryItems": {}, "effectOfAccountingCharges": {}, "otherItems": {}, "netIncome": -27690000, "netIncomeApplicableToCommonShares": -27690000}, {"maxAge": 1, "endDate": "2020-03-31", "totalRevenue": 1938450000, "costOfRevenue": 345610000, "grossProfit": 1592840000, "researchDevelopment": {}, "sellingGeneralAdministrative": 603680000, "nonRecurring": {}, "otherOperatingExpenses": 449560000, "totalOperatingExpenses": 1820630000, "operatingIncome": 117820000, "totalOtherIncomeExpenseNet": 85200000, "ebit": 117820000, "interestExpense": -53700000, "incomeBeforeTax": 203020000, "incomeTaxExpense": 155960000, "minorityInterest": {}, "netIncomeFromContinuingOps": 47060000, "discontinuedOperations": {}, "extraordinaryItems": {}, "effectOfAccountingCharges": {}, "otherItems": {}, "netIncome": 47060000, "netIncomeApplicableToCommonShares": 47060000}], "maxAge": 86400}, "cashflowStatementHistoryQuarterly": {"cashflowStatements": [{"maxAge": 1, "endDate": "2020-12-31", "netIncome": 111460000, "changeToLiabilities": 0}, {"maxAge": 1, "endDate": "2020-09-30", "netIncome": 287560000, "changeToLiabilities": 0}, {"maxAge": 1, "endDate": "2020-06-30", "netIncome": -27690000, "changeToLiabilities": 0}, {"maxAge": 1, "endDate": "2020-03-31", "netIncome": 47060000, "changeToLiabilities": 0}], "maxAge": 86400}, "insiderHolders": {"holders": [], "maxAge": 1}, "calendarEvents": {"maxAge": 1, "earnings": {"earningsDate": ["2021-02-12 05:30:S"]}, "exDividendDate": "2020-09-16 05:30:00"}, "upgradeDowngradeHistory": {"history": [], "maxAge": 86400}, "price": {"maxAge": 1, "regularMarketChangePercent": -0.03795792, "regularMarketChange": -10.000015, "regularMarketTime": "2021-04-30 15:29:57", "priceHint": 2, "regularMarketPrice": 253.45, "regularMarketDayHigh": 262.5, "regularMarketDayLow": 250.25, "regularMarketVolume": 273387, "averageDailyVolume10Day": 570482, "averageDailyVolume3Month": 1568296, "regularMarketPreviousClose": 263.45, "regularMarketSource": "FREE_REALTIME", "regularMarketOpen": 261.55, "exchange": "NSI", "exchangeName": "NSE", "exchangeDataDelayedBy": 15, "marketState": "CLOSED", "quoteType": "EQUITY", "symbol": "MSTCLTD.NS", "underlyingSymbol": null, "shortName": "MSTC LIMITED", "longName": "MSTC Limited", "currency": "INR", "quoteSourceName": "Delayed Quote", "currencySymbol": "\u20b9", "fromCurrency": null, "lastMarket": null, "marketCap": 17880137728}, "balanceSheetHistory": {"balanceSheetStatements": [{"maxAge": 1, "endDate": "2020-03-31", "cash": 606760000, "shortTermInvestments": 848030000, "netReceivables": 14735410000, "inventory": 70000000, "otherCurrentAssets": 1101720000, "totalCurrentAssets": 17386030000, "longTermInvestments": 162120000, "propertyPlantEquipment": 1241180000, "intangibleAssets": 12210000, "otherAssets": 3209960000, "deferredLongTermAssetCharges": 2296960000, "totalAssets": 22011500000, "accountsPayable": 6298610000, "otherCurrentLiab": 5925660000, "longTermDebt": 33910000, "otherLiab": 899490000, "totalCurrentLiabilities": 16338880000, "totalLiab": 17272280000, "commonStock": 704000000, "retainedEarnings": 3693620000, "treasuryStock": 341600000, "otherStockholderEquity": 341600000, "totalStockholderEquity": 4739220000, "netTangibleAssets": 4727010000}, {"maxAge": 1, "endDate": "2019-03-31", "cash": 962210000, "shortTermInvestments": 431610000, "netReceivables": 18817190000, "inventory": 60350000, "otherCurrentAssets": 3251080000, "totalCurrentAssets": 23542630000, "longTermInvestments": 138840000, "propertyPlantEquipment": 1054710000, "intangibleAssets": 11530000, "otherAssets": 3529360000, "deferredLongTermAssetCharges": 2615310000, "totalAssets": 28277070000, "accountsPayable": 9317880000, "otherCurrentLiab": 6660060000, "longTermDebt": 9350000, "otherLiab": 796870000, "totalCurrentLiabilities": 23591160000, "totalLiab": 24397380000, "commonStock": 704000000, "retainedEarnings": 2834090000, "treasuryStock": 341600000, "otherStockholderEquity": 341600000, "totalStockholderEquity": 3879690000, "netTangibleAssets": 3868160000}, {"maxAge": 1, "endDate": "2018-03-31", "cash": 1758600000, "shortTermInvestments": 116990000, "netReceivables": 39956570000, "inventory": 41600000, "otherCurrentAssets": 4204510000, "totalCurrentAssets": 46092170000, "longTermInvestments": 385000000, "propertyPlantEquipment": 781500000, "intangibleAssets": 13300000, "otherAssets": 3754300000, "deferredLongTermAssetCharges": 2815760000, "totalAssets": 51026270000, "accountsPayable": 25473100000, "otherCurrentLiab": 7895500000, "otherLiab": 979070000, "totalCurrentLiabilities": 42737900000, "totalLiab": 43716970000, "commonStock": 352000000, "retainedEarnings": 6615700000, "treasuryStock": 341600000, "otherStockholderEquity": 341600000, "totalStockholderEquity": 7309300000, "netTangibleAssets": 7296000000}, {"maxAge": 1, "endDate": "2017-03-31", "cash": 902400000, "shortTermInvestments": 270400000, "netReceivables": 34773840000, "inventory": 743900000, "otherCurrentAssets": 4419400000, "totalCurrentAssets": 41124840000, "longTermInvestments": 179840000, "propertyPlantEquipment": 663700000, "intangibleAssets": 16400000, "otherAssets": 4013360000, "deferredLongTermAssetCharges": 3170500000, "totalAssets": 45998140000, "accountsPayable": 25303100000, "otherCurrentLiab": 7401100000, "otherLiab": 719140000, "totalCurrentLiabilities": 41218700000, "totalLiab": 41937840000, "commonStock": 176000000, "retainedEarnings": 3542700000, "treasuryStock": 341600000, "otherStockholderEquity": 341600000, "totalStockholderEquity": 4060300000, "netTangibleAssets": 4043900000}], "maxAge": 86400}, "financialData": {"maxAge": 86400, "currentPrice": 253.45, "recommendationKey": "none", "totalCash": 4387049984, "totalCashPerShare": 62.189, "ebitda": 1116460032, "totalDebt": 1583330048, "totalRevenue": 6631300096, "debtToEquity": 33.618, "revenuePerShare": 94.144, "grossProfits": 6024630000, "earningsGrowth": -0.672, "revenueGrowth": -0.445, "grossMargins": 0.80231005, "ebitdaMargins": 0.16836001, "operatingMargins": 0.14269, "profitMargins": 0.06309, "financialCurrency": "INR"}}}