{"MTARTECH.NS": {"assetProfile": {"address1": "18, Technocrats Industrial Estate", "address2": "Balanagar", "city": "Hyderabad", "zip": "500037", "country": "India", "phone": "91 40 4455 3333", "website": "http://www.mtar.in", "industry": "Metal Fabrication", "sector": "Industrials", "longBusinessSummary": "MTAR Technologies Limited, a precision engineering solutions company, develops, manufactures, and sells high precision components and equipment in India and internationally. The company offers fuel machining heads, bridges and columns, grid plates, sealing plugs, shielding plugs, liner tubes, end fittings, drive mechanisms, top hatch cover beams and deck plate assemblies, CHAS products, and ball screws and water lubricated bearings for use in nuclear sector. It also provides base shroud assemblies and air frames, actuator assembly components, LCA components, missile parts, valves, electro-pneumatic modules electro-pneumatic modules, liquid propulsion engines, cryogenic engines, ball screws, and water lubricated bearings for use in space and defense sectors; and power units for clean energy sector. The company was founded in 1970 and is based in Hyderabad, India.", "fullTimeEmployees": 891, "companyOfficers": [{"maxAge": 1, "name": "Mr. Parvat Srinivas Reddy", "age": 55, "title": "MD & Director", "yearBorn": 1965, "exercisedValue": 0, "unexercisedValue": 0}, {"maxAge": 1, "name": "Mr. Sudipto  Bhattacharya", "age": 59, "title": "Chief Financial Officer", "yearBorn": 1961, "exercisedValue": 0, "unexercisedValue": 0}, {"maxAge": 1, "name": "Mr. Devesh Dhar Dwivedi", "title": "Chief Operating Officer", "exercisedValue": 0, "unexercisedValue": 0}, {"maxAge": 1, "name": "Mr. Shubham Sunil Bagadia", "title": "Compliance Officer & Company Sec.", "exercisedValue": 0, "unexercisedValue": 0}, {"maxAge": 1, "name": "Mr. Pusparaj  Satpathy", "title": "VP of HR", "exercisedValue": 0, "unexercisedValue": 0}], "maxAge": 86400}, "cashflowStatementHistory": {"cashflowStatements": [{"maxAge": 1, "endDate": "2020-03-31", "netIncome": 313191000, "depreciation": 119792000, "changeToNetincome": 58215000, "changeToAccountReceivables": -88257000, "changeToLiabilities": 249985000, "changeToInventory": -343889000, "changeToOperatingActivities": 243259000, "totalCashFromOperatingActivities": 552983000, "capitalExpenditures": -118943000, "investments": -96186000, "otherCashflowsFromInvestingActivities": 9176000, "totalCashflowsFromInvestingActivities": -205953000, "dividendsPaid": -141071000, "netBorrowings": 4025000, "otherCashflowsFromFinancingActivities": -88252000, "totalCashFromFinancingActivities": -404536000, "changeInCash": -57506000, "repurchaseOfStock": -179238000}, {"maxAge": 1, "endDate": "2019-03-31", "netIncome": 391991000, "depreciation": 111625000, "changeToNetincome": -44219000, "changeToAccountReceivables": -14504000, "changeToLiabilities": -73161000, "changeToInventory": 8609000, "changeToOperatingActivities": -78534000, "totalCashFromOperatingActivities": 302524000, "capitalExpenditures": -265037000, "investments": 128000, "otherCashflowsFromInvestingActivities": 6616000, "totalCashflowsFromInvestingActivities": -228340000, "dividendsPaid": -84643000, "netBorrowings": 89451000, "otherCashflowsFromFinancingActivities": -62000000, "totalCashFromFinancingActivities": -57192000, "changeInCash": 16992000, "repurchaseOfStock": -179238000}, {"maxAge": 1, "endDate": "2018-03-31", "netIncome": 64162000, "depreciation": 109587000, "changeToNetincome": 85162000, "changeToAccountReceivables": -103085000, "changeToLiabilities": -77539000, "changeToInventory": -104130000, "changeToOperatingActivities": 167232000, "totalCashFromOperatingActivities": 143866000, "capitalExpenditures": -20717000, "investments": 128000, "otherCashflowsFromInvestingActivities": 7122000, "totalCashflowsFromInvestingActivities": -12805000, "dividendsPaid": -84643000, "netBorrowings": 89451000, "otherCashflowsFromFinancingActivities": -44600000, "totalCashFromFinancingActivities": -44600000, "changeInCash": 86461000, "repurchaseOfStock": -179238000}, {"maxAge": 1, "endDate": "2017-03-31", "netIncome": -187427000, "depreciation": 104304000, "changeToNetincome": -51645000, "changeToAccountReceivables": -190473000, "changeToLiabilities": 176272000, "changeToInventory": 52189000, "changeToOperatingActivities": 209767000, "totalCashFromOperatingActivities": 115737000, "capitalExpenditures": -74676000, "investments": 128000, "otherCashflowsFromInvestingActivities": 5199000, "totalCashflowsFromInvestingActivities": -68597000, "dividendsPaid": -84643000, "netBorrowings": -139000, "otherCashflowsFromFinancingActivities": -53853000, "totalCashFromFinancingActivities": -53992000, "changeInCash": -6852000, "repurchaseOfStock": -179238000}], "maxAge": 86400}, "institutionOwnership": {"ownershipList": [], "maxAge": 1}, "majorHoldersBreakdown": {"maxAge": 1, "insidersPercentHeld": 0.03915, "institutionsPercentHeld": 0.20864001, "institutionsFloatPercentHeld": 0.21714, "institutionsCount": 13}, "balanceSheetHistoryQuarterly": {"balanceSheetStatements": [{"maxAge": 1, "endDate": "2020-12-31", "cash": 110310000, "netReceivables": 804580000, "inventory": 791460000, "otherCurrentAssets": 212120000, "totalCurrentAssets": 1938400000, "longTermInvestments": 100000, "propertyPlantEquipment": 1738890000, "intangibleAssets": 8740000, "otherAssets": 132940000, "totalAssets": 3819070000, "accountsPayable": 145300000, "shortLongTermDebt": 17930000, "otherCurrentLiab": 386930000, "longTermDebt": 71700000, "otherLiab": 132460000, "totalCurrentLiabilities": 1158810000, "totalLiab": 1362970000, "commonStock": 267590000, "retainedEarnings": 1076720000, "treasuryStock": 14550000, "capitalSurplus": 1097240000, "otherStockholderEquity": 14550000, "totalStockholderEquity": 2456100000, "netTangibleAssets": 2447360000}, {"maxAge": 1, "endDate": "2020-09-30", "cash": 90650000, "shortTermInvestments": 101630000, "netReceivables": 781590000, "inventory": 754880000, "otherCurrentAssets": 52610000, "totalCurrentAssets": 1808150000, "longTermInvestments": 5100000, "propertyPlantEquipment": 1688770000, "intangibleAssets": 2720000, "otherAssets": 89570000, "totalAssets": 3594310000, "accountsPayable": 115850000, "shortLongTermDebt": 1220000, "otherCurrentLiab": 468670000, "longTermDebt": 10990000, "otherLiab": 113000000, "totalCurrentLiabilities": 1022230000, "totalLiab": 1146220000, "commonStock": 267590000, "retainedEarnings": 1068710000, "treasuryStock": 14550000, "capitalSurplus": 1097240000, "otherStockholderEquity": 14550000, "totalStockholderEquity": 2448090000, "netTangibleAssets": 2445370000}, {"maxAge": 1, "endDate": "2020-06-30", "cash": 90650000, "shortTermInvestments": 101630000, "netReceivables": 781590000, "inventory": 754880000, "otherCurrentAssets": 52610000, "totalCurrentAssets": 1808150000, "longTermInvestments": 5100000, "propertyPlantEquipment": 1688770000, "intangibleAssets": 2720000, "otherAssets": 89570000, "totalAssets": 3594310000, "accountsPayable": 115850000, "shortLongTermDebt": 1220000, "otherCurrentLiab": 468670000, "longTermDebt": 10990000, "otherLiab": 113000000, "totalCurrentLiabilities": 1022230000, "totalLiab": 1146220000, "commonStock": 267590000, "retainedEarnings": 1068710000, "treasuryStock": 14550000, "capitalSurplus": 1097240000, "otherStockholderEquity": 14550000, "totalStockholderEquity": 2448090000, "netTangibleAssets": 2445370000}, {"maxAge": 1, "endDate": "2020-03-31", "cash": 50169000, "shortTermInvestments": 182354000, "netReceivables": 667773000, "inventory": 754598000, "otherCurrentAssets": 34278000, "totalCurrentAssets": 1715199000, "longTermInvestments": 100000, "propertyPlantEquipment": 1667000000, "intangibleAssets": 1403000, "otherAssets": 79045000, "totalAssets": 3462747000, "accountsPayable": 307646000, "otherCurrentLiab": 501730000, "otherLiab": 76886000, "totalCurrentLiabilities": 1135052000, "totalLiab": 1211938000, "commonStock": 267596000, "retainedEarnings": 871416000, "treasuryStock": 14545000, "capitalSurplus": 1097252000, "otherStockholderEquity": 14545000, "totalStockholderEquity": 2250809000, "netTangibleAssets": 2249406000}], "maxAge": 86400}, "indexTrend": {"maxAge": 1, "symbol": "SP5", "peRatio": 19.7411, "pegRatio": 1.34172, "estimates": [{"period": "0q", "growth": 0.549}, {"period": "+1q", "growth": 0.431}, {"period": "0y", "growth": 0.305}, {"period": "+1y", "growth": 0.109}, {"period": "+5y", "growth": 0.120865}, {"period": "-5y"}]}, "defaultKeyStatistics": {"maxAge": 1, "priceHint": 2, "enterpriseValue": 25543716864, "profitMargins": 0.15457, "floatShares": 5796395, "sharesOutstanding": 30759600, "heldPercentInsiders": 0.03915, "heldPercentInstitutions": 0.20864001, "category": null, "bookValue": 91.784, "priceToBook": 10.171163, "fundFamily": null, "legalType": null, "lastFiscalYearEnd": "2020-03-31 05:30:00", "nextFiscalYearEnd": "2022-03-31 05:30:00", "mostRecentQuarter": "2020-12-31 05:30:00", "netIncomeToCommon": 369220000, "trailingEps": 13.618, "lastSplitFactor": null, "enterpriseToRevenue": 10.694, "enterpriseToEbitda": 37.701}, "summaryProfile": {"address1": "18, Technocrats Industrial Estate", "address2": "Balanagar", "city": "Hyderabad", "zip": "500037", "country": "India", "phone": "91 40 4455 3333", "website": "http://www.mtar.in", "industry": "Metal Fabrication", "sector": "Industrials", "longBusinessSummary": "MTAR Technologies Limited, a precision engineering solutions company, develops, manufactures, and sells high precision components and equipment in India and internationally. The company offers fuel machining heads, bridges and columns, grid plates, sealing plugs, shielding plugs, liner tubes, end fittings, drive mechanisms, top hatch cover beams and deck plate assemblies, CHAS products, and ball screws and water lubricated bearings for use in nuclear sector. It also provides base shroud assemblies and air frames, actuator assembly components, LCA components, missile parts, valves, electro-pneumatic modules electro-pneumatic modules, liquid propulsion engines, cryogenic engines, ball screws, and water lubricated bearings for use in space and defense sectors; and power units for clean energy sector. The company was founded in 1970 and is based in Hyderabad, India.", "fullTimeEmployees": 891, "companyOfficers": [], "maxAge": 86400}, "netSharePurchaseActivity": {"maxAge": 1, "period": "6m", "buyInfoCount": 0, "buyInfoShares": 0, "sellInfoCount": 0, "netInfoCount": 0, "netInfoShares": 0, "netPercentInsiderShares": 0.0, "totalInsiderShares": 1047638}, "insiderTransactions": {"transactions": [{"maxAge": 1, "shares": 1204080, "filerUrl": "", "transactionText": "Other at price 0.00 per share.", "filerName": "Reddy (Jayaprakash P)", "filerRelation": "Promoter", "moneyText": "", "startDate": "2021-04-12", "ownership": "D"}], "maxAge": 1}, "quoteType": {"exchange": "NSI", "quoteType": "EQUITY", "symbol": "MTARTECH.NS", "underlyingSymbol": "MTARTECH.NS", "shortName": "MTAR Technologies Limited", "longName": "MTAR Technologies Limited", "firstTradeDateEpochUtc": "2021-03-15 09:15:00", "timeZoneFullName": "Asia/Kolkata", "timeZoneShortName": "IST", "uuid": "0187d14f-5cd6-386d-9aa9-be6ecd272412", "gmtOffSetMilliseconds": 19800000, "maxAge": 1}, "incomeStatementHistory": {"incomeStatementHistory": [{"maxAge": 1, "endDate": "2020-03-31", "totalRevenue": 2137735000, "costOfRevenue": 756873000, "grossProfit": 1380862000, "researchDevelopment": {}, "sellingGeneralAdministrative": 518836000, "nonRecurring": {}, "otherOperatingExpenses": 280531000, "totalOperatingExpenses": 1678543000, "operatingIncome": 459192000, "totalOtherIncomeExpenseNet": -3855000, "ebit": 459192000, "interestExpense": -19677000, "incomeBeforeTax": 455337000, "incomeTaxExpense": 142146000, "minorityInterest": {}, "netIncomeFromContinuingOps": 313191000, "discontinuedOperations": {}, "extraordinaryItems": {}, "effectOfAccountingCharges": {}, "otherItems": {}, "netIncome": 313191000, "netIncomeApplicableToCommonShares": 313191000}, {"maxAge": 1, "endDate": "2019-03-31", "totalRevenue": 1836703000, "costOfRevenue": 656364000, "grossProfit": 1180339000, "researchDevelopment": {}, "sellingGeneralAdministrative": 435594000, "nonRecurring": {}, "otherOperatingExpenses": 197952000, "totalOperatingExpenses": 1411866000, "operatingIncome": 424837000, "totalOtherIncomeExpenseNet": -9286000, "ebit": 424837000, "interestExpense": -18560000, "incomeBeforeTax": 415551000, "incomeTaxExpense": 23560000, "minorityInterest": {}, "netIncomeFromContinuingOps": 391991000, "discontinuedOperations": {}, "extraordinaryItems": {}, "effectOfAccountingCharges": {}, "otherItems": {}, "netIncome": 391991000, "netIncomeApplicableToCommonShares": 391991000}, {"maxAge": 1, "endDate": "2018-03-31", "totalRevenue": 1566192000, "costOfRevenue": 597262000, "grossProfit": 968930000, "researchDevelopment": {}, "sellingGeneralAdministrative": 446760000, "nonRecurring": {}, "otherOperatingExpenses": 194581000, "totalOperatingExpenses": 1358676000, "operatingIncome": 207516000, "totalOtherIncomeExpenseNet": -35946000, "ebit": 207516000, "interestExpense": -23934000, "incomeBeforeTax": 171570000, "incomeTaxExpense": 107408000, "minorityInterest": {}, "netIncomeFromContinuingOps": 64162000, "discontinuedOperations": {}, "extraordinaryItems": {}, "effectOfAccountingCharges": {}, "otherItems": {}, "netIncome": 64162000, "netIncomeApplicableToCommonShares": 64162000}, {"maxAge": 1, "endDate": "2017-03-31", "totalRevenue": 1006761000, "costOfRevenue": 577919000, "grossProfit": 428842000, "researchDevelopment": {}, "sellingGeneralAdministrative": 387015000, "nonRecurring": {}, "otherOperatingExpenses": 109649000, "totalOperatingExpenses": 1227113000, "operatingIncome": -220352000, "totalOtherIncomeExpenseNet": -52169000, "ebit": -220352000, "interestExpense": -33764000, "incomeBeforeTax": -272521000, "incomeTaxExpense": -85094000, "minorityInterest": {}, "netIncomeFromContinuingOps": -187427000, "discontinuedOperations": {}, "extraordinaryItems": {}, "effectOfAccountingCharges": {}, "otherItems": {}, "netIncome": -187427000, "netIncomeApplicableToCommonShares": -187427000}], "maxAge": 86400}, "fundOwnership": {"ownershipList": [], "maxAge": 1}, "summaryDetail": {"maxAge": 1, "priceHint": 2, "previousClose": 939.6, "open": 935.0, "dayLow": 930.0, "dayHigh": 949.95, "regularMarketPreviousClose": 939.6, "regularMarketOpen": 935.0, "regularMarketDayLow": 930.0, "regularMarketDayHigh": 949.95, "payoutRatio": 0.0, "trailingPE": 68.55265, "volume": 82089, "regularMarketVolume": 82089, "averageVolume": 2310741, "averageVolume10days": 261877, "averageDailyVolume10Day": 261877, "bid": 0.0, "ask": 0.0, "marketCap": 28744656896, "fiftyTwoWeekLow": 860.0, "fiftyTwoWeekHigh": 1154.9, "priceToSalesTrailing12Months": 12.0338, "fiftyDayAverage": 1008.91785, "twoHundredDayAverage": 1008.91785, "trailingAnnualDividendRate": 8.0, "trailingAnnualDividendYield": 0.008514262, "currency": "INR", "fromCurrency": null, "lastMarket": null, "algorithm": null, "tradeable": false}, "incomeStatementHistoryQuarterly": {"incomeStatementHistory": [{"maxAge": 1, "endDate": "2020-12-31", "totalRevenue": 552420000, "costOfRevenue": 181560000, "grossProfit": 370860000, "researchDevelopment": {}, "sellingGeneralAdministrative": 139040000, "nonRecurring": {}, "otherOperatingExpenses": 56110000, "totalOperatingExpenses": 409330000, "operatingIncome": 143090000, "totalOtherIncomeExpenseNet": -18820000, "ebit": 143090000, "interestExpense": -10040000, "incomeBeforeTax": 124270000, "incomeTaxExpense": 35760000, "minorityInterest": {}, "netIncomeFromContinuingOps": 88510000, "discontinuedOperations": {}, "extraordinaryItems": {}, "effectOfAccountingCharges": {}, "otherItems": {}, "netIncome": 88510000, "netIncomeApplicableToCommonShares": 88510000}, {"maxAge": 1, "endDate": "2020-09-30", "totalRevenue": 610130000, "costOfRevenue": 266245000, "grossProfit": 343885000, "researchDevelopment": {}, "sellingGeneralAdministrative": 118000000, "nonRecurring": {}, "otherOperatingExpenses": 46750000, "totalOperatingExpenses": 461310000, "operatingIncome": 148820000, "totalOtherIncomeExpenseNet": -13035000, "ebit": 148820000, "interestExpense": -7725000, "incomeBeforeTax": 135785000, "incomeTaxExpense": 39755000, "minorityInterest": {}, "netIncomeFromContinuingOps": 96030000, "discontinuedOperations": {}, "extraordinaryItems": {}, "effectOfAccountingCharges": {}, "otherItems": {}, "netIncome": 96030000, "netIncomeApplicableToCommonShares": 96030000}, {"maxAge": 1, "endDate": "2020-06-30", "totalRevenue": 610130000, "costOfRevenue": 266245000, "grossProfit": 343885000, "researchDevelopment": {}, "sellingGeneralAdministrative": 118000000, "nonRecurring": {}, "otherOperatingExpenses": 46750000, "totalOperatingExpenses": 461310000, "operatingIncome": 148820000, "totalOtherIncomeExpenseNet": -13035000, "ebit": 148820000, "interestExpense": -7725000, "incomeBeforeTax": 135785000, "incomeTaxExpense": 39755000, "minorityInterest": {}, "netIncomeFromContinuingOps": 96030000, "discontinuedOperations": {}, "extraordinaryItems": {}, "effectOfAccountingCharges": {}, "otherItems": {}, "netIncome": 96030000, "netIncomeApplicableToCommonShares": 96030000}, {"maxAge": 1, "endDate": "2020-03-31", "totalRevenue": 615975000, "costOfRevenue": 229373000, "grossProfit": 386602000, "researchDevelopment": {}, "sellingGeneralAdministrative": 140206000, "nonRecurring": {}, "otherOperatingExpenses": 99371000, "totalOperatingExpenses": 500213000, "operatingIncome": 115762000, "totalOtherIncomeExpenseNet": 11965000, "ebit": 115762000, "interestExpense": -7687000, "incomeBeforeTax": 127727000, "incomeTaxExpense": 39066000, "minorityInterest": {}, "netIncomeFromContinuingOps": 88661000, "discontinuedOperations": {}, "extraordinaryItems": {}, "effectOfAccountingCharges": {}, "otherItems": {}, "netIncome": 88661000, "netIncomeApplicableToCommonShares": 88661000}], "maxAge": 86400}, "cashflowStatementHistoryQuarterly": {"cashflowStatements": [{"maxAge": 1, "endDate": "2020-12-31", "netIncome": 88510000, "depreciation": 31710000, "changeToNetincome": -21760000, "changeToAccountReceivables": -11840000, "changeToLiabilities": 24950000, "changeToInventory": -36580000, "changeToOperatingActivities": -113560000, "totalCashFromOperatingActivities": -37660000, "capitalExpenditures": -76640000, "investments": -230000, "otherCashflowsFromInvestingActivities": 1450000, "totalCashflowsFromInvestingActivities": -75420000, "dividendsPaid": -80280000, "netBorrowings": 254780000, "otherCashflowsFromFinancingActivities": -41480000, "totalCashFromFinancingActivities": 133020000, "effectOfExchangeRate": -280000, "changeInCash": 19660000}, {"maxAge": 1, "endDate": "2020-09-30", "netIncome": 96030000, "depreciation": 30050000, "changeToNetincome": 44455000, "changeToAccountReceivables": -52345000, "changeToLiabilities": -94860000, "changeToInventory": -145000, "changeToOperatingActivities": -36790000, "totalCashFromOperatingActivities": -13340000, "capitalExpenditures": -43255000, "investments": -2325000, "otherCashflowsFromInvestingActivities": 3560000, "totalCashflowsFromInvestingActivities": -42020000, "dividendsPaid": -80280000, "netBorrowings": 64355000, "otherCashflowsFromFinancingActivities": -12105000, "totalCashFromFinancingActivities": 32760000, "effectOfExchangeRate": 155000, "changeInCash": -22445000, "repurchaseOfStock": -19490000}, {"maxAge": 1, "endDate": "2020-06-30", "netIncome": 96030000, "depreciation": 30050000, "changeToNetincome": 44455000, "changeToAccountReceivables": -52345000, "changeToLiabilities": -94860000, "changeToInventory": -145000, "changeToOperatingActivities": -36790000, "totalCashFromOperatingActivities": -13340000, "capitalExpenditures": -43255000, "investments": -2325000, "otherCashflowsFromInvestingActivities": 3560000, "totalCashflowsFromInvestingActivities": -42020000, "dividendsPaid": -80280000, "netBorrowings": 64355000, "otherCashflowsFromFinancingActivities": -12105000, "totalCashFromFinancingActivities": 32760000, "effectOfExchangeRate": 155000, "changeInCash": -22445000, "repurchaseOfStock": -19490000}, {"maxAge": 1, "endDate": "2020-03-31", "netIncome": 88661000, "depreciation": 29252000, "changeToNetincome": -3345000, "changeToAccountReceivables": -3637000, "changeToLiabilities": 107745000, "changeToInventory": -161889000, "changeToOperatingActivities": 149479000, "totalCashFromOperatingActivities": 206463000, "capitalExpenditures": -13833000, "investments": -86356000, "otherCashflowsFromInvestingActivities": 2626000, "totalCashflowsFromInvestingActivities": -97563000, "dividendsPaid": -80280000, "netBorrowings": 131375000, "otherCashflowsFromFinancingActivities": -32003000, "totalCashFromFinancingActivities": -79866000, "effectOfExchangeRate": -830000, "changeInCash": 28204000, "repurchaseOfStock": -179238000}], "maxAge": 86400}, "insiderHolders": {"holders": [{"maxAge": 1, "name": "Reddy (Jayaprakash P)", "relation": "Promoter", "url": "", "transactionDescription": "Other", "latestTransDate": "2021-04-12", "positionDirect": 1204150, "positionDirectDate": "2021-04-12"}], "maxAge": 1}, "calendarEvents": {"maxAge": 1, "earnings": {"earningsDate": []}}, "upgradeDowngradeHistory": {"history": [], "maxAge": 86400}, "price": {"maxAge": 1, "regularMarketChangePercent": -0.0064388975, "regularMarketChange": -6.049988, "regularMarketTime": "2021-04-30 15:30:00", "priceHint": 2, "regularMarketPrice": 933.55, "regularMarketDayHigh": 949.95, "regularMarketDayLow": 930.0, "regularMarketVolume": 82089, "averageDailyVolume10Day": 261877, "averageDailyVolume3Month": 2310741, "regularMarketPreviousClose": 939.6, "regularMarketSource": "FREE_REALTIME", "regularMarketOpen": 935.0, "exchange": "NSI", "exchangeName": "NSE", "exchangeDataDelayedBy": 15, "marketState": "CLOSED", "quoteType": "EQUITY", "symbol": "MTARTECH.NS", "underlyingSymbol": null, "shortName": "MTAR Technologies Limited", "longName": "MTAR Technologies Limited", "currency": "INR", "quoteSourceName": "Delayed Quote", "currencySymbol": "\u20b9", "fromCurrency": null, "lastMarket": null, "marketCap": 28744656896}, "balanceSheetHistory": {"balanceSheetStatements": [{"maxAge": 1, "endDate": "2020-03-31", "cash": 50169000, "shortTermInvestments": 182354000, "netReceivables": 667773000, "inventory": 754598000, "otherCurrentAssets": 34278000, "totalCurrentAssets": 1715199000, "longTermInvestments": 100000, "propertyPlantEquipment": 1667000000, "intangibleAssets": 1403000, "otherAssets": 79045000, "totalAssets": 3462747000, "accountsPayable": 307646000, "otherCurrentLiab": 501730000, "otherLiab": 76886000, "totalCurrentLiabilities": 1135052000, "totalLiab": 1211938000, "commonStock": 267596000, "retainedEarnings": 871416000, "treasuryStock": 14545000, "capitalSurplus": 1097252000, "otherStockholderEquity": 14545000, "totalStockholderEquity": 2250809000, "netTangibleAssets": 2249406000}, {"maxAge": 1, "endDate": "2019-03-31", "cash": 107675000, "netReceivables": 542764000, "inventory": 410709000, "otherCurrentAssets": 11235000, "totalCurrentAssets": 1089700000, "longTermInvestments": 100000, "propertyPlantEquipment": 1676617000, "intangibleAssets": 1439000, "otherAssets": 283727000, "totalAssets": 3051583000, "accountsPayable": 59783000, "otherCurrentLiab": 340495000, "otherLiab": 11472000, "totalCurrentLiabilities": 690270000, "totalLiab": 701742000, "commonStock": 282141000, "retainedEarnings": 752267000, "capitalSurplus": 1315433000, "totalStockholderEquity": 2349841000, "netTangibleAssets": 2348402000}, {"maxAge": 1, "endDate": "2018-03-31", "cash": 90683000, "netReceivables": 562399000, "inventory": 419318000, "otherCurrentAssets": 30068000, "totalCurrentAssets": 1120731000, "longTermInvestments": 100000, "propertyPlantEquipment": 1540435000, "intangibleAssets": 315000, "otherAssets": 266073000, "deferredLongTermAssetCharges": 73947000, "totalAssets": 2927654000, "accountsPayable": 136280000, "otherCurrentLiab": 289703000, "otherLiab": 239226000, "totalCurrentLiabilities": 633163000, "totalLiab": 872389000, "commonStock": 282141000, "retainedEarnings": 457690000, "capitalSurplus": 1315433000, "totalStockholderEquity": 2055264000, "netTangibleAssets": 2054949000}, {"maxAge": 1, "endDate": "2017-03-31", "cash": 96831000, "netReceivables": 762642000, "inventory": 315188000, "otherCurrentAssets": 52973000, "totalCurrentAssets": 1250801000, "longTermInvestments": 100000, "propertyPlantEquipment": 1629966000, "intangibleAssets": 2791000, "otherAssets": 330415000, "deferredLongTermAssetCharges": 200522000, "totalAssets": 3214073000, "accountsPayable": 176328000, "otherCurrentLiab": 441455000, "otherLiab": 235984000, "totalCurrentLiabilities": 952826000, "totalLiab": 1188810000, "commonStock": 282141000, "retainedEarnings": 427689000, "capitalSurplus": 1315433000, "totalStockholderEquity": 2025263000, "netTangibleAssets": 2022472000}], "maxAge": 86400}, "financialData": {"maxAge": 86400, "currentPrice": 933.55, "recommendationKey": "none", "totalCash": 110310000, "totalCashPerShare": 4.122, "ebitda": 677539968, "totalDebt": 672609984, "quickRatio": 0.788, "currentRatio": 1.673, "totalRevenue": 2388659968, "debtToEquity": 27.385, "revenuePerShare": 88.132, "grossProfits": 1380862000, "operatingCashflow": 151360000, "grossMargins": 0.60504, "ebitdaMargins": 0.28365, "operatingMargins": 0.23297001, "profitMargins": 0.15457, "financialCurrency": "INR"}}}