{"MTEDUCARE.NS": {"assetProfile": {"address1": "220, FLYING COLORS", "address2": "2nd Floor Pandit Din Dayal Upadhyay Marg L.B.S Cross Road, Mulund (West)", "city": "Mumbai", "zip": "400080", "country": "India", "phone": "91 22 2593 7700", "fax": "91 22 2593 7799", "website": "http://www.mteducare.com", "industry": "Education & Training Services", "sector": "Consumer Defensive", "longBusinessSummary": "MT Educare Limited, together with its subsidiaries, provides education support and coaching services in India. The company offers courses for school, science, and commerce education, as well as management entrance test preparations under the Robomate+, Lakshya, Mahesh Tutorials School Section, Mahesh Tutorials Science, Mahesh Tutorials Commerce, and CPLC brand names. It also operates college under Mahesh PU College brand name. Further, the company engages in the business of acquiring and leasing properties. The company was founded in 1988 and is headquartered in Mumbai, India. MT Educare Limited is a subsidiary of Zee Learn Limited.", "fullTimeEmployees": 610, "companyOfficers": [{"maxAge": 1, "name": "Mr. Ravindra  Mishra", "title": "Chief Investor Relations Officer, Company Sec. & Compliance Officer", "fiscalYear": 2020, "totalPay": 972074, "exercisedValue": 0, "unexercisedValue": 0}, {"maxAge": 1, "name": "Mr. Sujeet  Chaudhary", "title": "Chief Financial Officer", "exercisedValue": 0, "unexercisedValue": 0}, {"maxAge": 1, "name": "Mr. Narendra  Sannabhadti", "age": 37, "title": "Joint VP of Marketing Dept", "yearBorn": 1983, "fiscalYear": 2019, "exercisedValue": 0, "unexercisedValue": 0}, {"maxAge": 1, "name": "Mr. Mahtab  Khan", "age": 53, "title": "Head of CSR", "yearBorn": 1967, "exercisedValue": 0, "unexercisedValue": 0}], "compensationAsOfEpochDate": "2020-12-31 05:30:00", "maxAge": 86400}, "recommendationTrend": {"trend": [{"period": "0m", "strongBuy": 0, "buy": 0, "hold": 0, "sell": 0, "strongSell": 0}, {"period": "-1m", "strongBuy": 0, "buy": 0, "hold": 0, "sell": 0, "strongSell": 0}, {"period": "-2m", "strongBuy": 0, "buy": 0, "hold": 0, "sell": 0, "strongSell": 0}, {"period": "-3m", "strongBuy": 0, "buy": 0, "hold": 0, "sell": 0, "strongSell": 0}], "maxAge": 86400}, "cashflowStatementHistory": {"cashflowStatements": [{"maxAge": 1, "endDate": "2020-03-31", "netIncome": -459338000, "depreciation": 428799000, "changeToNetincome": 442896000, "changeToAccountReceivables": -184774000, "changeToLiabilities": 122099000, "changeToOperatingActivities": 443282000, "totalCashFromOperatingActivities": 792964000, "capitalExpenditures": -62335000, "investments": 70246000, "otherCashflowsFromInvestingActivities": 67823000, "totalCashflowsFromInvestingActivities": 195867000, "netBorrowings": -743280000, "otherCashflowsFromFinancingActivities": -241018000, "totalCashFromFinancingActivities": -984298000, "changeInCash": 4533000}, {"maxAge": 1, "endDate": "2019-03-31", "netIncome": 91207000, "depreciation": 181309000, "changeToNetincome": -47997000, "changeToAccountReceivables": -98745000, "changeToLiabilities": 124000, "changeToOperatingActivities": -567608000, "totalCashFromOperatingActivities": -441710000, "capitalExpenditures": -83768000, "investments": -98683000, "otherCashflowsFromInvestingActivities": 1984551000, "totalCashflowsFromInvestingActivities": 1373792000, "netBorrowings": -780117000, "otherCashflowsFromFinancingActivities": -153443000, "totalCashFromFinancingActivities": -929129000, "changeInCash": 7833000, "issuanceOfStock": 4431000}, {"maxAge": 1, "endDate": "2018-03-31", "netIncome": -1318256000, "depreciation": 213634000, "changeToNetincome": 1053688000, "changeToAccountReceivables": -26920000, "changeToLiabilities": 46487000, "changeToOperatingActivities": -622635000, "totalCashFromOperatingActivities": -654002000, "capitalExpenditures": -28193000, "investments": -32432000, "otherCashflowsFromInvestingActivities": -1853988000, "totalCashflowsFromInvestingActivities": -1497259000, "netBorrowings": 290289000, "otherCashflowsFromFinancingActivities": -278665000, "totalCashFromFinancingActivities": 2011624000, "changeInCash": -139638000, "issuanceOfStock": 2000000000}, {"maxAge": 1, "endDate": "2017-03-31", "netIncome": 58396000, "depreciation": 188438000, "changeToNetincome": 108847000, "changeToAccountReceivables": -758092000, "changeToLiabilities": 130288000, "changeToInventory": 11701000, "changeToOperatingActivities": -532370000, "totalCashFromOperatingActivities": -792792000, "capitalExpenditures": -272652000, "investments": 86000, "otherCashflowsFromInvestingActivities": 64911000, "totalCashflowsFromInvestingActivities": -70121000, "dividendsPaid": -55749000, "netBorrowings": 1089516000, "otherCashflowsFromFinancingActivities": -118463000, "totalCashFromFinancingActivities": 915304000, "changeInCash": 52391000, "issuanceOfStock": 2000000000}], "maxAge": 86400}, "indexTrend": {"maxAge": 1, "symbol": "SP5", "peRatio": 19.7411, "pegRatio": 1.34172, "estimates": [{"period": "0q", "growth": 0.549}, {"period": "+1q", "growth": 0.431}, {"period": "0y", "growth": 0.305}, {"period": "+1y", "growth": 0.109}, {"period": "+5y", "growth": 0.120865}, {"period": "-5y"}]}, "defaultKeyStatistics": {"maxAge": 1, "priceHint": 2, "enterpriseValue": 574558144, "profitMargins": -0.63308996, "floatShares": 21780769, "sharesOutstanding": 72228096, "heldPercentInsiders": 0.68197, "heldPercentInstitutions": 0.0, "beta": 0.996345, "category": null, "bookValue": 23.303, "priceToBook": 0.29180795, "fundFamily": null, "legalType": null, "lastFiscalYearEnd": "2020-03-31 05:30:00", "nextFiscalYearEnd": "2022-03-31 05:30:00", "mostRecentQuarter": "2020-12-31 05:30:00", "earningsQuarterlyGrowth": -0.731, "netIncomeToCommon": -598510016, "trailingEps": -8.075, "lastSplitFactor": null, "enterpriseToRevenue": 0.608, "enterpriseToEbitda": -2.362}, "industryTrend": {"maxAge": 1, "symbol": null, "estimates": []}, "quoteType": {"exchange": "NSI", "quoteType": "EQUITY", "symbol": "MTEDUCARE.NS", "underlyingSymbol": "MTEDUCARE.NS", "shortName": "MT EDUCARE LIMITED", "longName": "MT Educare Limited", "firstTradeDateEpochUtc": "2012-04-12 09:15:00", "timeZoneFullName": "Asia/Kolkata", "timeZoneShortName": "IST", "uuid": "2913ed23-a7ed-3413-9d80-05b9aeee6399", "gmtOffSetMilliseconds": 19800000, "maxAge": 1}, "incomeStatementHistory": {"incomeStatementHistory": [{"maxAge": 1, "endDate": "2020-03-31", "totalRevenue": 2051647000, "costOfRevenue": 1386463000, "grossProfit": 665184000, "researchDevelopment": {}, "sellingGeneralAdministrative": 90959000, "nonRecurring": {}, "otherOperatingExpenses": 184951000, "totalOperatingExpenses": 2147944000, "operatingIncome": -96297000, "totalOtherIncomeExpenseNet": -291963000, "ebit": -96297000, "interestExpense": -230734000, "incomeBeforeTax": -388260000, "incomeTaxExpense": 71078000, "minorityInterest": {}, "netIncomeFromContinuingOps": -459338000, "discontinuedOperations": {}, "extraordinaryItems": {}, "effectOfAccountingCharges": {}, "otherItems": {}, "netIncome": -459338000, "netIncomeApplicableToCommonShares": -459338000}, {"maxAge": 1, "endDate": "2019-03-31", "totalRevenue": 2285612000, "costOfRevenue": 1346617000, "grossProfit": 938995000, "researchDevelopment": {}, "sellingGeneralAdministrative": 447654000, "nonRecurring": {}, "otherOperatingExpenses": 152791000, "totalOperatingExpenses": 2141438000, "operatingIncome": 144174000, "totalOtherIncomeExpenseNet": -30417000, "ebit": 144174000, "interestExpense": -186839000, "incomeBeforeTax": 113757000, "incomeTaxExpense": 22550000, "minorityInterest": {}, "netIncomeFromContinuingOps": 91207000, "discontinuedOperations": {}, "extraordinaryItems": {}, "effectOfAccountingCharges": {}, "otherItems": {}, "netIncome": 91207000, "netIncomeApplicableToCommonShares": 91207000}, {"maxAge": 1, "endDate": "2018-03-31", "totalRevenue": 2226241000, "costOfRevenue": 1368057000, "grossProfit": 858184000, "researchDevelopment": {}, "sellingGeneralAdministrative": 549006000, "nonRecurring": {}, "otherOperatingExpenses": 1978559000, "totalOperatingExpenses": 4111066000, "operatingIncome": -1884825000, "totalOtherIncomeExpenseNet": -132222000, "ebit": -1884825000, "interestExpense": -217977000, "incomeBeforeTax": -2017047000, "incomeTaxExpense": -698791000, "minorityInterest": {}, "netIncomeFromContinuingOps": -1318256000, "discontinuedOperations": {}, "extraordinaryItems": {}, "effectOfAccountingCharges": {}, "otherItems": {}, "netIncome": -1318256000, "netIncomeApplicableToCommonShares": -1318256000}, {"maxAge": 1, "endDate": "2017-03-31", "totalRevenue": 3046106000, "costOfRevenue": 1514069000, "grossProfit": 1532037000, "researchDevelopment": {}, "sellingGeneralAdministrative": 706229000, "nonRecurring": {}, "otherOperatingExpenses": 502103000, "totalOperatingExpenses": 2910839000, "operatingIncome": 135267000, "totalOtherIncomeExpenseNet": -27782000, "ebit": 135267000, "interestExpense": -119299000, "incomeBeforeTax": 107485000, "incomeTaxExpense": 49089000, "minorityInterest": {}, "netIncomeFromContinuingOps": 58396000, "discontinuedOperations": {}, "extraordinaryItems": {}, "effectOfAccountingCharges": {}, "otherItems": {}, "netIncome": 58396000, "netIncomeApplicableToCommonShares": 58396000}], "maxAge": 86400}, "fundOwnership": {"ownershipList": [], "maxAge": 1}, "summaryDetail": {"maxAge": 1, "priceHint": 2, "previousClose": 6.8, "open": 7.1, "dayLow": 6.65, "dayHigh": 7.1, "regularMarketPreviousClose": 6.8, "regularMarketOpen": 7.1, "regularMarketDayLow": 6.65, "regularMarketDayHigh": 7.1, "exDividendDate": "2016-09-20 05:30:00", "payoutRatio": 0.0, "beta": 0.996345, "volume": 91542, "regularMarketVolume": 91542, "averageVolume": 236543, "averageVolume10days": 263395, "averageDailyVolume10Day": 263395, "bid": 0.0, "ask": 0.0, "bidSize": 0, "askSize": 0, "marketCap": 487539616, "fiftyTwoWeekLow": 6.25, "fiftyTwoWeekHigh": 18.0, "priceToSalesTrailing12Months": 0.5157081, "fiftyDayAverage": 7.695588, "twoHundredDayAverage": 9.231206, "trailingAnnualDividendRate": 1.4, "trailingAnnualDividendYield": 0.20588234, "currency": "INR", "fromCurrency": null, "lastMarket": null, "algorithm": null, "tradeable": false}, "insiderHolders": {"holders": [{"maxAge": 1, "name": "Fooria (Chandresh Hirji)", "relation": "UNREPORTED", "url": "", "transactionDescription": "Acquisition", "latestTransDate": "2019-03-01", "positionDirect": 243596, "positionDirectDate": "2019-03-01"}, {"maxAge": 1, "name": "Kotecha (Shrenik Bakulesh)", "relation": "UNREPORTED", "url": "", "transactionDescription": "Acquisition", "latestTransDate": "2019-03-25", "positionDirect": 131875, "positionDirectDate": "2019-03-25"}, {"maxAge": 1, "name": "Koyott (Sujit)", "relation": "UNREPORTED", "url": "", "transactionDescription": "Other", "latestTransDate": "2019-01-04", "positionDirect": 225248, "positionDirectDate": "2019-01-04"}, {"maxAge": 1, "name": "Naik (Sandesh)", "relation": "Chief Financial Officer", "url": "", "transactionDescription": "Other", "latestTransDate": "2019-01-04", "positionDirect": 6000, "positionDirectDate": "2019-01-04"}, {"maxAge": 1, "name": "Shah (Vipul)", "relation": "UNREPORTED", "url": "", "transactionDescription": "Acquisition", "latestTransDate": "2019-01-07", "positionDirect": 211907, "positionDirectDate": "2019-01-07"}, {"maxAge": 1, "name": "Shastri (Burra Satyanand)", "relation": "UNREPORTED", "url": "", "transactionDescription": "Acquisition", "latestTransDate": "2017-03-31", "positionDirect": 1700000, "positionDirectDate": "2017-03-31"}, {"maxAge": 1, "name": "Shastri (Chhaya)", "relation": "Director (Non-Executive)", "url": "", "transactionDescription": "Sale", "latestTransDate": "2017-03-31", "positionDirect": 17551, "positionDirectDate": "2017-03-31"}, {"maxAge": 1, "name": "Shetty (Mahesh Raghu)", "relation": "Wholetime Director", "url": "", "transactionDescription": "Sale", "latestTransDate": "2020-12-31", "positionDirect": 3001340, "positionDirectDate": "2020-12-31"}, {"maxAge": 1, "name": "Subramanian (Murali Harihara)", "relation": "UNREPORTED", "url": "", "transactionDescription": "Other", "latestTransDate": "2019-01-04", "positionDirect": 146687, "positionDirectDate": "2019-01-04"}, {"maxAge": 1, "name": "Xander Finance Pvt Ltd", "relation": "Promoter", "url": "", "transactionDescription": "Sale", "latestTransDate": "2021-01-05", "positionDirect": 3554297, "positionDirectDate": "2021-01-05"}], "maxAge": 1}, "calendarEvents": {"maxAge": 1, "earnings": {"earningsDate": []}, "exDividendDate": "2016-09-20 05:30:00"}, "upgradeDowngradeHistory": {"history": [], "maxAge": 86400}, "price": {"maxAge": 1, "regularMarketChangePercent": 0.0, "regularMarketChange": 0.0, "regularMarketTime": "2021-04-30 15:29:55", "priceHint": 2, "regularMarketPrice": 6.8, "regularMarketDayHigh": 7.1, "regularMarketDayLow": 6.65, "regularMarketVolume": 91542, "averageDailyVolume10Day": 263395, "averageDailyVolume3Month": 236543, "regularMarketPreviousClose": 6.8, "regularMarketSource": "FREE_REALTIME", "regularMarketOpen": 7.1, "exchange": "NSI", "exchangeName": "NSE", "exchangeDataDelayedBy": 15, "marketState": "CLOSED", "quoteType": "EQUITY", "symbol": "MTEDUCARE.NS", "underlyingSymbol": null, "shortName": "MT EDUCARE LIMITED", "longName": "MT Educare Limited", "currency": "INR", "quoteSourceName": "Delayed Quote", "currencySymbol": "\u20b9", "fromCurrency": null, "lastMarket": null, "marketCap": 487539616}, "balanceSheetHistory": {"balanceSheetStatements": [{"maxAge": 1, "endDate": "2020-03-31", "cash": 34073000, "shortTermInvestments": 134306000, "netReceivables": 816828000, "otherCurrentAssets": 128522000, "totalCurrentAssets": 1179066000, "longTermInvestments": 34000, "propertyPlantEquipment": 902243000, "goodWill": 162752000, "intangibleAssets": 25655000, "otherAssets": 1994909000, "deferredLongTermAssetCharges": 815454000, "totalAssets": 4264659000, "accountsPayable": 361836000, "shortLongTermDebt": 178595000, "otherCurrentLiab": 693799000, "longTermDebt": 621735000, "otherLiab": 75483000, "totalCurrentLiabilities": 1553286000, "totalLiab": 2536039000, "commonStock": 722281000, "retainedEarnings": -998611000, "treasuryStock": 1749000, "capitalSurplus": 2003201000, "otherStockholderEquity": 1749000, "totalStockholderEquity": 1728620000, "netTangibleAssets": 1540213000}, {"maxAge": 1, "endDate": "2019-03-31", "cash": 29540000, "shortTermInvestments": 46461000, "netReceivables": 1344624000, "otherCurrentAssets": 86949000, "totalCurrentAssets": 1517274000, "longTermInvestments": 34000, "propertyPlantEquipment": 503464000, "goodWill": 162752000, "intangibleAssets": 77948000, "otherAssets": 2274208000, "deferredLongTermAssetCharges": 867416000, "totalAssets": 4535680000, "accountsPayable": 239738000, "shortLongTermDebt": 281171000, "otherCurrentLiab": 579115000, "longTermDebt": 1041634000, "otherLiab": 65710000, "totalCurrentLiabilities": 1236789000, "totalLiab": 2344133000, "commonStock": 722281000, "retainedEarnings": -542895000, "treasuryStock": 8960000, "capitalSurplus": 2003201000, "otherStockholderEquity": 8960000, "totalStockholderEquity": 2191547000, "netTangibleAssets": 1950847000}, {"maxAge": 1, "endDate": "2018-03-31", "cash": 21707000, "shortTermInvestments": 118613000, "netReceivables": 455704000, "otherCurrentAssets": 2030848000, "totalCurrentAssets": 2632097000, "longTermInvestments": 31000, "propertyPlantEquipment": 330395000, "goodWill": 162752000, "intangibleAssets": 162608000, "otherAssets": 1452426000, "deferredLongTermAssetCharges": 910105000, "totalAssets": 4740309000, "accountsPayable": 239542000, "shortLongTermDebt": 211878000, "otherCurrentLiab": 491108000, "longTermDebt": 1300377000, "otherLiab": 89925000, "totalCurrentLiabilities": 1301296000, "totalLiab": 2691598000, "commonStock": 717850000, "retainedEarnings": -635565000, "treasuryStock": 6782000, "capitalSurplus": 1959644000, "otherStockholderEquity": 6782000, "totalStockholderEquity": 2048711000, "netTangibleAssets": 1723351000}, {"maxAge": 1, "endDate": "2017-03-31", "cash": 161345000, "shortTermInvestments": 102865000, "netReceivables": 1321884000, "otherCurrentAssets": 120388000, "totalCurrentAssets": 1707484000, "longTermInvestments": 1169000, "propertyPlantEquipment": 437512000, "goodWill": 162752000, "intangibleAssets": 285931000, "otherAssets": 1157229000, "deferredLongTermAssetCharges": 207014000, "totalAssets": 3752077000, "accountsPayable": 196268000, "otherCurrentLiab": 540284000, "longTermDebt": 201353000, "otherLiab": 48449000, "totalCurrentLiabilities": 2084709000, "totalLiab": 2334511000, "commonStock": 398208000, "retainedEarnings": 681995000, "capitalSurplus": 337363000, "totalStockholderEquity": 1417566000, "netTangibleAssets": 968883000}], "maxAge": 86400}, "earningsTrend": {"trend": [{"maxAge": 1, "period": "0q", "endDate": null, "growth": {}, "earningsEstimate": {"avg": 0.0, "low": 0.0, "high": 0.0, "yearAgoEps": {}, "numberOfAnalysts": 0, "growth": {}}, "revenueEstimate": {"avg": 0, "low": 0, "high": 0, "numberOfAnalysts": 0, "yearAgoRevenue": {}, "growth": {}}, "epsTrend": {"current": 0.0, "7daysAgo": 0.0, "30daysAgo": 0.0, "60daysAgo": 0.0, "90daysAgo": 0.0}, "epsRevisions": {"upLast7days": 0, "upLast30days": 0, "downLast30days": 0, "downLast90days": {}}}, {"maxAge": 1, "period": "+1q", "endDate": null, "growth": {}, "earningsEstimate": {"avg": 0.0, "low": 0.0, "high": 0.0, "yearAgoEps": {}, "numberOfAnalysts": 0, "growth": {}}, "revenueEstimate": {"avg": 0, "low": 0, "high": 0, "numberOfAnalysts": 0, "yearAgoRevenue": {}, "growth": {}}, "epsTrend": {"current": 0.0, "7daysAgo": 0.0, "30daysAgo": 0.0, "60daysAgo": 0.0, "90daysAgo": 0.0}, "epsRevisions": {"upLast7days": 0, "upLast30days": 0, "downLast30days": 0, "downLast90days": {}}}, {"maxAge": 1, "period": "0y", "endDate": null, "growth": {}, "earningsEstimate": {"avg": 0.0, "low": 0.0, "high": 0.0, "yearAgoEps": {}, "numberOfAnalysts": 0, "growth": {}}, "revenueEstimate": {"avg": 0, "low": 0, "high": 0, "numberOfAnalysts": 0, "yearAgoRevenue": {}, "growth": {}}, "epsTrend": {"current": 0.0, "7daysAgo": 0.0, "30daysAgo": 0.0, "60daysAgo": 0.0, "90daysAgo": 0.0}, "epsRevisions": {"upLast7days": 0, "upLast30days": 0, "downLast30days": 0, "downLast90days": {}}}, {"maxAge": 1, "period": "+1y", "endDate": null, "growth": {}, "earningsEstimate": {"avg": 0.0, "low": 0.0, "high": 0.0, "yearAgoEps": {}, "numberOfAnalysts": 0, "growth": {}}, "revenueEstimate": {"avg": 0, "low": 0, "high": 0, "numberOfAnalysts": 0, "yearAgoRevenue": {}, "growth": {}}, "epsTrend": {"current": 0.0, "7daysAgo": 0.0, "30daysAgo": 0.0, "60daysAgo": 0.0, "90daysAgo": 0.0}, "epsRevisions": {"upLast7days": 0, "upLast30days": 0, "downLast30days": 0, "downLast90days": {}}}, {"maxAge": 1, "period": "+5y", "endDate": null, "growth": {}, "earningsEstimate": {"avg": {}, "low": {}, "high": {}, "yearAgoEps": {}, "numberOfAnalysts": {}, "growth": {}}, "revenueEstimate": {"avg": {}, "low": {}, "high": {}, "numberOfAnalysts": {}, "yearAgoRevenue": {}, "growth": {}}, "epsTrend": {"current": {}, "7daysAgo": {}, "30daysAgo": {}, "60daysAgo": {}, "90daysAgo": {}}, "epsRevisions": {"upLast7days": {}, "upLast30days": {}, "downLast30days": {}, "downLast90days": {}}}, {"maxAge": 1, "period": "-5y", "endDate": null, "growth": -0.23953, "earningsEstimate": {"avg": {}, "low": {}, "high": {}, "yearAgoEps": {}, "numberOfAnalysts": {}, "growth": {}}, "revenueEstimate": {"avg": {}, "low": {}, "high": {}, "numberOfAnalysts": {}, "yearAgoRevenue": {}, "growth": {}}, "epsTrend": {"current": {}, "7daysAgo": {}, "30daysAgo": {}, "60daysAgo": {}, "90daysAgo": {}}, "epsRevisions": {"upLast7days": {}, "upLast30days": {}, "downLast30days": {}, "downLast90days": {}}}], "maxAge": 1}, "institutionOwnership": {"ownershipList": [], "maxAge": 1}, "majorHoldersBreakdown": {"maxAge": 1, "insidersPercentHeld": 0.68197, "institutionsPercentHeld": 0.0, "institutionsFloatPercentHeld": 0.0, "institutionsCount": 0}, "balanceSheetHistoryQuarterly": {"balanceSheetStatements": [{"maxAge": 1, "endDate": "2020-12-31", "totalStockholderEquity": 1712583000, "netTangibleAssets": 1534378000}, {"maxAge": 1, "endDate": "2020-09-30", "cash": 145420000, "shortTermInvestments": 548851000, "netReceivables": 642804000, "otherCurrentAssets": 30964000, "totalCurrentAssets": 1368039000, "longTermInvestments": 34000, "propertyPlantEquipment": 811040000, "goodWill": 162752000, "intangibleAssets": 15453000, "otherAssets": 1940295000, "deferredLongTermAssetCharges": 836830000, "totalAssets": 4297613000, "accountsPayable": 616828000, "otherCurrentLiab": 1114704000, "longTermDebt": 582932000, "otherLiab": 77086000, "totalCurrentLiabilities": 1731532000, "totalLiab": 2585030000, "commonStock": 722281000, "treasuryStock": 990302000, "otherStockholderEquity": 990302000, "totalStockholderEquity": 1712583000, "netTangibleAssets": 1534378000}, {"maxAge": 1, "endDate": "2020-06-30", "totalStockholderEquity": 1728620000, "netTangibleAssets": 1540213000}, {"maxAge": 1, "endDate": "2020-03-31", "cash": 34073000, "shortTermInvestments": 134306000, "netReceivables": 816828000, "otherCurrentAssets": 128522000, "totalCurrentAssets": 1179066000, "longTermInvestments": 34000, "propertyPlantEquipment": 902243000, "goodWill": 162752000, "intangibleAssets": 25655000, "otherAssets": 1994909000, "deferredLongTermAssetCharges": 815454000, "totalAssets": 4264659000, "accountsPayable": 361836000, "shortLongTermDebt": 178595000, "otherCurrentLiab": 693799000, "longTermDebt": 621735000, "otherLiab": 75483000, "totalCurrentLiabilities": 1553286000, "totalLiab": 2536039000, "commonStock": 722281000, "retainedEarnings": -998611000, "treasuryStock": 1749000, "capitalSurplus": 2003201000, "otherStockholderEquity": 1749000, "totalStockholderEquity": 1728620000, "netTangibleAssets": 1540213000}], "maxAge": 86400}, "earningsHistory": {"history": [{"maxAge": 1, "epsActual": {}, "epsEstimate": {}, "epsDifference": {}, "surprisePercent": {}, "quarter": {}, "period": "-4q"}, {"maxAge": 1, "epsActual": {}, "epsEstimate": {}, "epsDifference": {}, "surprisePercent": {}, "quarter": {}, "period": "-3q"}, {"maxAge": 1, "epsActual": {}, "epsEstimate": {}, "epsDifference": {}, "surprisePercent": {}, "quarter": {}, "period": "-2q"}, {"maxAge": 1, "epsActual": {}, "epsEstimate": {}, "epsDifference": {}, "surprisePercent": {}, "quarter": {}, "period": "-1q"}], "maxAge": 86400}, "summaryProfile": {"address1": "220, FLYING COLORS", "address2": "2nd Floor Pandit Din Dayal Upadhyay Marg L.B.S Cross Road, Mulund (West)", "city": "Mumbai", "zip": "400080", "country": "India", "phone": "91 22 2593 7700", "fax": "91 22 2593 7799", "website": "http://www.mteducare.com", "industry": "Education & Training Services", "sector": "Consumer Defensive", "longBusinessSummary": "MT Educare Limited, together with its subsidiaries, provides education support and coaching services in India. The company offers courses for school, science, and commerce education, as well as management entrance test preparations under the Robomate+, Lakshya, Mahesh Tutorials School Section, Mahesh Tutorials Science, Mahesh Tutorials Commerce, and CPLC brand names. It also operates college under Mahesh PU College brand name. Further, the company engages in the business of acquiring and leasing properties. The company was founded in 1988 and is headquartered in Mumbai, India. MT Educare Limited is a subsidiary of Zee Learn Limited.", "fullTimeEmployees": 610, "companyOfficers": [], "maxAge": 86400}, "netSharePurchaseActivity": {"maxAge": 1, "period": "6m", "buyInfoCount": 0, "buyInfoShares": 0, "sellInfoCount": 0, "netInfoCount": 0, "netInfoShares": 0, "netPercentInsiderShares": 0.0, "totalInsiderShares": 49384372}, "insiderTransactions": {"transactions": [{"maxAge": 1, "shares": 4268, "value": 528, "filerUrl": "", "transactionText": "Sale at price 0.12 per share.", "filerName": "Shetty (Mahesh Raghu)", "filerRelation": "Promoter", "moneyText": "", "startDate": "2020-10-27", "ownership": "D"}, {"maxAge": 1, "shares": 38412, "value": 4982, "filerUrl": "", "transactionText": "Sale at price 0.13 per share.", "filerName": "Shetty (Mahesh Raghu)", "filerRelation": "Promoter", "moneyText": "", "startDate": "2020-10-26", "ownership": "D"}, {"maxAge": 1, "shares": 178259, "value": 30553, "filerUrl": "", "transactionText": "Sale at price 0.17 per share.", "filerName": "Shetty (Mahesh Raghu)", "filerRelation": "Director (Executive)", "moneyText": "", "startDate": "2020-08-13", "ownership": "D"}, {"maxAge": 1, "shares": 1561646, "value": 281877, "filerUrl": "", "transactionText": "Sale at price 0.18 per share.", "filerName": "Shetty (Mahesh Raghu)", "filerRelation": "Director (Executive)", "moneyText": "", "startDate": "2020-08-12", "ownership": "D"}, {"maxAge": 1, "shares": 556553, "filerUrl": "", "transactionText": "", "filerName": "Shetty (Mahesh Raghu)", "filerRelation": "Director (Executive)", "moneyText": "", "startDate": "2020-02-24", "ownership": "D"}, {"maxAge": 1, "shares": 3227797, "filerUrl": "", "transactionText": "", "filerName": "Shetty (Mahesh Raghu)", "filerRelation": "Director (Executive)", "moneyText": "", "startDate": "2020-02-18", "ownership": "D"}, {"maxAge": 1, "shares": 125000, "filerUrl": "", "transactionText": "", "filerName": "Kotecha (Shrenik Bakulesh)", "filerRelation": "UNREPORTED", "moneyText": "", "startDate": "2019-03-25", "ownership": "D"}, {"maxAge": 1, "shares": 1500, "filerUrl": "", "transactionText": "", "filerName": "Fooria (Chandresh Hirji)", "filerRelation": "UNREPORTED", "moneyText": "", "startDate": "2019-03-01", "ownership": "D"}, {"maxAge": 1, "shares": 50472, "filerUrl": "", "transactionText": "", "filerName": "Fooria (Chandresh Hirji)", "filerRelation": "UNREPORTED", "moneyText": "", "startDate": "2019-02-22", "ownership": "D"}, {"maxAge": 1, "shares": 34251, "filerUrl": "", "transactionText": "", "filerName": "Fooria (Chandresh Hirji)", "filerRelation": "UNREPORTED", "moneyText": "", "startDate": "2019-02-21", "ownership": "D"}, {"maxAge": 1, "shares": 24486, "filerUrl": "", "transactionText": "", "filerName": "Fooria (Chandresh Hirji)", "filerRelation": "UNREPORTED", "moneyText": "", "startDate": "2019-02-20", "ownership": "D"}, {"maxAge": 1, "shares": 13579, "filerUrl": "", "transactionText": "", "filerName": "Shah (Vipul)", "filerRelation": "UNREPORTED", "moneyText": "", "startDate": "2019-01-07", "ownership": "D"}, {"maxAge": 1, "shares": 150000, "filerUrl": "", "transactionText": "", "filerName": "Shah (Vipul)", "filerRelation": "UNREPORTED", "moneyText": "", "startDate": "2019-01-04", "ownership": "D"}, {"maxAge": 1, "shares": 140400, "filerUrl": "", "transactionText": "", "filerName": "Subramanian (Murali Harihara)", "filerRelation": "UNREPORTED", "moneyText": "", "startDate": "2019-01-04", "ownership": "D"}, {"maxAge": 1, "shares": 146670, "filerUrl": "", "transactionText": "", "filerName": "Koyott (Sujit)", "filerRelation": "UNREPORTED", "moneyText": "", "startDate": "2019-01-04", "ownership": "D"}, {"maxAge": 1, "shares": 6000, "filerUrl": "", "transactionText": "", "filerName": "Naik (Sandesh)", "filerRelation": "Chief Financial Officer", "moneyText": "", "startDate": "2019-01-04", "ownership": "D"}, {"maxAge": 1, "shares": 1700000, "filerUrl": "", "transactionText": "", "filerName": "Shastri (Chhaya)", "filerRelation": "Director (Non-Executive)", "moneyText": "", "startDate": "2017-03-31", "ownership": "D"}, {"maxAge": 1, "shares": 1700000, "filerUrl": "", "transactionText": "", "filerName": "Shastri (Burra Satyanand)", "filerRelation": "UNREPORTED", "moneyText": "", "startDate": "2017-03-31", "ownership": "D"}, {"maxAge": 1, "shares": 0, "filerUrl": "", "transactionText": "", "filerName": "Shetty (Mahesh Raghu)", "filerRelation": "Director (Executive)", "moneyText": "", "startDate": "2014-08-09", "ownership": "I"}, {"maxAge": 1, "shares": 1000000, "filerUrl": "", "transactionText": "", "filerName": "Shetty (Mahesh Raghu)", "filerRelation": "Director (Executive)", "moneyText": "", "startDate": "2014-08-08", "ownership": "D"}, {"maxAge": 1, "shares": 239244, "filerUrl": "", "transactionText": "", "filerName": "Shetty (Mahesh Raghu)", "filerRelation": "Director (Executive)", "moneyText": "", "startDate": "2013-07-09", "ownership": "D"}, {"maxAge": 1, "shares": 10500, "filerUrl": "", "transactionText": "", "filerName": "Shetty (Mahesh Raghu)", "filerRelation": "Director (Executive)", "moneyText": "", "startDate": "2013-06-26", "ownership": "D"}, {"maxAge": 1, "shares": 25674, "filerUrl": "", "transactionText": "", "filerName": "Shetty (Mahesh Raghu)", "filerRelation": "Director (Executive)", "moneyText": "", "startDate": "2013-06-24", "ownership": "D"}, {"maxAge": 1, "shares": 17000, "filerUrl": "", "transactionText": "", "filerName": "Shetty (Mahesh Raghu)", "filerRelation": "Director (Executive)", "moneyText": "", "startDate": "2013-06-14", "ownership": "D"}, {"maxAge": 1, "shares": 80500, "filerUrl": "", "transactionText": "", "filerName": "Shetty (Mahesh Raghu)", "filerRelation": "Director (Executive)", "moneyText": "", "startDate": "2013-06-13", "ownership": "D"}, {"maxAge": 1, "shares": 252000, "filerUrl": "", "transactionText": "", "filerName": "Shetty (Mahesh Raghu)", "filerRelation": "Director (Executive)", "moneyText": "", "startDate": "2013-06-11", "ownership": "D"}, {"maxAge": 1, "shares": 314689, "filerUrl": "", "transactionText": "", "filerName": "Shetty (Mahesh Raghu)", "filerRelation": "Director (Executive)", "moneyText": "", "startDate": "2013-06-07", "ownership": "D"}, {"maxAge": 1, "shares": 70000, "filerUrl": "", "transactionText": "", "filerName": "Shetty (Mahesh Raghu)", "filerRelation": "Director (Executive)", "moneyText": "", "startDate": "2013-06-05", "ownership": "D"}, {"maxAge": 1, "shares": 60311, "filerUrl": "", "transactionText": "", "filerName": "Shetty (Mahesh Raghu)", "filerRelation": "Director (Executive)", "moneyText": "", "startDate": "2013-06-04", "ownership": "D"}, {"maxAge": 1, "shares": 10000, "filerUrl": "", "transactionText": "", "filerName": "Shetty (Mahesh Raghu)", "filerRelation": "Director (Executive)", "moneyText": "", "startDate": "2013-05-31", "ownership": "D"}], "maxAge": 1}, "sectorTrend": {"maxAge": 1, "symbol": null, "estimates": []}, "incomeStatementHistoryQuarterly": {"incomeStatementHistory": [{"maxAge": 1, "endDate": "2020-12-31", "totalRevenue": 129013000, "costOfRevenue": 79571000, "grossProfit": 49442000, "researchDevelopment": {}, "sellingGeneralAdministrative": {}, "nonRecurring": {}, "otherOperatingExpenses": 75371000, "totalOperatingExpenses": 218593000, "operatingIncome": -89580000, "totalOtherIncomeExpenseNet": 99430000, "ebit": -89580000, "interestExpense": -38930000, "incomeBeforeTax": 9850000, "incomeTaxExpense": -288000, "minorityInterest": {}, "netIncomeFromContinuingOps": 10138000, "discontinuedOperations": {}, "extraordinaryItems": {}, "effectOfAccountingCharges": {}, "otherItems": {}, "netIncome": 10138000, "netIncomeApplicableToCommonShares": 10138000}, {"maxAge": 1, "endDate": "2020-09-30", "totalRevenue": 349894000, "costOfRevenue": 225655000, "grossProfit": 124239000, "researchDevelopment": {}, "sellingGeneralAdministrative": {}, "nonRecurring": {}, "otherOperatingExpenses": 65552000, "totalOperatingExpenses": 360982000, "operatingIncome": -11088000, "totalOtherIncomeExpenseNet": 49556000, "ebit": -11088000, "interestExpense": -43066000, "incomeBeforeTax": 38468000, "incomeTaxExpense": 37893000, "minorityInterest": {}, "netIncomeFromContinuingOps": 575000, "discontinuedOperations": {}, "extraordinaryItems": {}, "effectOfAccountingCharges": {}, "otherItems": {}, "netIncome": 575000, "netIncomeApplicableToCommonShares": 575000}, {"maxAge": 1, "endDate": "2020-06-30", "totalRevenue": 233509000, "costOfRevenue": 143650000, "grossProfit": 89859000, "researchDevelopment": {}, "sellingGeneralAdministrative": {}, "nonRecurring": {}, "otherOperatingExpenses": 57337000, "totalOperatingExpenses": 278948000, "operatingIncome": -45439000, "totalOtherIncomeExpenseNet": 17040000, "ebit": -45439000, "interestExpense": -41506000, "incomeBeforeTax": -28399000, "incomeTaxExpense": -9451000, "minorityInterest": {}, "netIncomeFromContinuingOps": -18948000, "discontinuedOperations": {}, "extraordinaryItems": {}, "effectOfAccountingCharges": {}, "otherItems": {}, "netIncome": -18948000, "netIncomeApplicableToCommonShares": -18948000}, {"maxAge": 1, "endDate": "2020-03-31", "totalRevenue": 232963000, "costOfRevenue": 302817000, "grossProfit": -69854000, "researchDevelopment": {}, "sellingGeneralAdministrative": 90959000, "nonRecurring": {}, "otherOperatingExpenses": -83248000, "totalOperatingExpenses": 502784000, "operatingIncome": -269821000, "totalOtherIncomeExpenseNet": -303474000, "ebit": -269821000, "interestExpense": -37223000, "incomeBeforeTax": -573295000, "incomeTaxExpense": 16980000, "minorityInterest": {}, "netIncomeFromContinuingOps": -590275000, "discontinuedOperations": {}, "extraordinaryItems": {}, "effectOfAccountingCharges": {}, "otherItems": {}, "netIncome": -590275000, "netIncomeApplicableToCommonShares": -590275000}], "maxAge": 86400}, "cashflowStatementHistoryQuarterly": {"cashflowStatements": [{"maxAge": 1, "endDate": "2020-12-31", "netIncome": 10138000, "changeToLiabilities": 0}, {"maxAge": 1, "endDate": "2020-09-30", "netIncome": 575000, "changeToLiabilities": 0}, {"maxAge": 1, "endDate": "2020-06-30", "netIncome": -18948000, "changeToLiabilities": 0}, {"maxAge": 1, "endDate": "2020-03-31", "netIncome": -590275000, "changeToLiabilities": 0}], "maxAge": 86400}, "earnings": {"maxAge": 86400, "earningsChart": {"quarterly": [], "earningsDate": []}, "financialsChart": {"yearly": [{"date": 2017, "revenue": 3046106000, "earnings": 58396000}, {"date": 2018, "revenue": 2226241000, "earnings": -1318256000}, {"date": 2019, "revenue": 2285612000, "earnings": 91207000}, {"date": 2020, "revenue": 2051647000, "earnings": -459338000}], "quarterly": [{"date": "1Q2020", "revenue": 232963000, "earnings": -590275000}, {"date": "2Q2020", "revenue": 233509000, "earnings": -18948000}, {"date": "3Q2020", "revenue": 349894000, "earnings": 575000}, {"date": "4Q2020", "revenue": 129013000, "earnings": 10138000}]}, "financialCurrency": "INR"}, "financialData": {"maxAge": 86400, "currentPrice": 6.8, "targetHighPrice": 109.0, "targetLowPrice": 109.0, "targetMeanPrice": 109.0, "targetMedianPrice": 109.0, "recommendationMean": 3.0, "recommendationKey": "hold", "numberOfAnalystOpinions": 1, "totalCash": 694270976, "totalCashPerShare": 9.587, "ebitda": -243278000, "totalDebt": 776412032, "totalRevenue": 945379008, "debtToEquity": 45.336, "revenuePerShare": 12.755, "grossProfits": 665184000, "earningsGrowth": -0.731, "revenueGrowth": -0.765, "grossMargins": 0.20488001, "ebitdaMargins": -0.25733, "operatingMargins": -0.43995997, "profitMargins": -0.63308996, "financialCurrency": "INR"}}}