{"MTNL.BO": {"recommendationTrend": {"trend": [{"period": "0m", "strongBuy": 0, "buy": 0, "hold": 0, "sell": 0, "strongSell": 0}, {"period": "-1m", "strongBuy": 0, "buy": 0, "hold": 0, "sell": 0, "strongSell": 0}, {"period": "-2m", "strongBuy": 0, "buy": 0, "hold": 0, "sell": 0, "strongSell": 0}, {"period": "-3m", "strongBuy": 0, "buy": 0, "hold": 0, "sell": 0, "strongSell": 0}], "maxAge": 86400}, "cashflowStatementHistory": {"cashflowStatements": [{"maxAge": 1, "endDate": "2020-03-31", "netIncome": -36937200000, "depreciation": 9858400000, "changeToNetincome": 16283400000, "changeToAccountReceivables": -972100000, "changeToLiabilities": -4623100000, "changeToInventory": 3100000, "changeToOperatingActivities": 4331100000, "totalCashFromOperatingActivities": -12056400000, "capitalExpenditures": -1425500000, "investments": 85100000, "otherCashflowsFromInvestingActivities": 908000000, "totalCashflowsFromInvestingActivities": -432400000, "netBorrowings": 32065800000, "otherCashflowsFromFinancingActivities": -18806800000, "totalCashFromFinancingActivities": 13259000000, "changeInCash": 770200000}, {"maxAge": 1, "endDate": "2019-03-31", "netIncome": -33880700000, "depreciation": 9936100000, "changeToNetincome": 15339600000, "changeToAccountReceivables": -2130700000, "changeToLiabilities": 1099000000, "changeToInventory": -23200000, "changeToOperatingActivities": 2242100000, "totalCashFromOperatingActivities": -7329600000, "capitalExpenditures": -3104600000, "investments": 600000, "otherCashflowsFromInvestingActivities": 134400000, "totalCashflowsFromInvestingActivities": -2969600000, "netBorrowings": 27156500000, "otherCashflowsFromFinancingActivities": -16714900000, "totalCashFromFinancingActivities": 10441600000, "changeInCash": 142400000}, {"maxAge": 1, "endDate": "2018-03-31", "netIncome": -29709300000, "depreciation": 10446300000, "changeToNetincome": 10741500000, "changeToAccountReceivables": 232600000, "changeToLiabilities": 621100000, "changeToInventory": -215900000, "changeToOperatingActivities": 9342000000, "totalCashFromOperatingActivities": 1547000000, "capitalExpenditures": -5117700000, "investments": 148800000, "otherCashflowsFromInvestingActivities": 48200000, "totalCashflowsFromInvestingActivities": -4920700000, "netBorrowings": 18169000000, "otherCashflowsFromFinancingActivities": -14722600000, "totalCashFromFinancingActivities": 3446400000, "changeInCash": 72700000}, {"maxAge": 1, "endDate": "2017-03-31", "netIncome": -29360500000, "depreciation": 11016100000, "changeToNetincome": 12129000000, "changeToAccountReceivables": -611000000, "changeToLiabilities": 747100000, "changeToInventory": 127000000, "changeToOperatingActivities": -4407900000, "totalCashFromOperatingActivities": -10243300000, "capitalExpenditures": -4167200000, "investments": -144700000, "otherCashflowsFromInvestingActivities": 4009200000, "totalCashflowsFromInvestingActivities": -302700000, "netBorrowings": 24347700000, "otherCashflowsFromFinancingActivities": -14508500000, "totalCashFromFinancingActivities": 9839200000, "changeInCash": -706900000}], "maxAge": 86400}, "institutionOwnership": {"ownershipList": [], "maxAge": 1}, "balanceSheetHistoryQuarterly": {"balanceSheetStatements": [{"maxAge": 1, "endDate": "2020-06-30", "totalStockholderEquity": -135820900000, "netTangibleAssets": -163483000000}, {"maxAge": 1, "endDate": "2020-03-31", "cash": 2096200000, "netReceivables": 76672200000, "inventory": 193200000, "otherCurrentAssets": 6370200000, "totalCurrentAssets": 85331800000, "longTermInvestments": 41400000, "propertyPlantEquipment": 44108500000, "intangibleAssets": 27662100000, "otherAssets": 9736800000, "totalAssets": 166880600000, "accountsPayable": 7960100000, "otherCurrentLiab": 67301200000, "longTermDebt": 125541500000, "otherLiab": 5676700000, "totalCurrentLiabilities": 169265900000, "totalLiab": 302701500000, "commonStock": 6300000000, "treasuryStock": -142120900000, "otherStockholderEquity": -142120900000, "totalStockholderEquity": -135820900000, "netTangibleAssets": -163483000000}, {"maxAge": 1, "endDate": "2019-12-31", "totalStockholderEquity": -117734100000, "netTangibleAssets": -147071400000}, {"maxAge": 1, "endDate": "2019-09-30", "cash": 981200000, "shortTermInvestments": 8728200000, "netReceivables": 48079000000, "inventory": 211000000, "otherCurrentAssets": 6702600000, "totalCurrentAssets": 55973800000, "longTermInvestments": 152600000, "propertyPlantEquipment": 46398600000, "intangibleAssets": 29337300000, "otherAssets": 10497700000, "totalAssets": 142360000000, "accountsPayable": 7413700000, "otherCurrentLiab": 40607400000, "longTermDebt": 120142800000, "otherLiab": 15215100000, "totalCurrentLiabilities": 124736200000, "totalLiab": 260094100000, "commonStock": 6300000000, "treasuryStock": -124034100000, "otherStockholderEquity": -124034100000, "totalStockholderEquity": -117734100000, "netTangibleAssets": -147071400000}], "maxAge": 86400}, "earningsHistory": {"history": [{"maxAge": 1, "epsActual": {}, "epsEstimate": {}, "epsDifference": {}, "surprisePercent": {}, "quarter": {}, "period": "-4q"}, {"maxAge": 1, "epsActual": {}, "epsEstimate": {}, "epsDifference": {}, "surprisePercent": {}, "quarter": {}, "period": "-3q"}, {"maxAge": 1, "epsActual": {}, "epsEstimate": {}, "epsDifference": {}, "surprisePercent": {}, "quarter": {}, "period": "-2q"}, {"maxAge": 1, "epsActual": {}, "epsEstimate": {}, "epsDifference": {}, "surprisePercent": {}, "quarter": {}, "period": "-1q"}], "maxAge": 86400}, "indexTrend": {"maxAge": 1, "symbol": "SP5", "peRatio": 19.7411, "pegRatio": 1.34172, "estimates": [{"period": "0q", "growth": 0.549}, {"period": "+1q", "growth": 0.431}, {"period": "0y", "growth": 0.305}, {"period": "+1y", "growth": 0.109}, {"period": "+5y", "growth": 0.120865}, {"period": "-5y"}]}, "industryTrend": {"maxAge": 1, "symbol": null, "estimates": []}, "quoteType": {"exchange": "BSE", "quoteType": "EQUITY", "symbol": "MTNL.BO", "underlyingSymbol": "MTNL.BO", "shortName": "MAHANAGAR TELEPHONE NIGAM LTD.", "longName": "Mahanagar Telephone Nigam Limited", "firstTradeDateEpochUtc": "1995-05-05 09:15:00", "timeZoneFullName": "Asia/Kolkata", "timeZoneShortName": "IST", "uuid": "33582d5e-e085-38a2-8b30-6f0cae701888", "gmtOffSetMilliseconds": 19800000, "maxAge": 1}, "incomeStatementHistory": {"incomeStatementHistory": [{"maxAge": 1, "endDate": "2020-03-31", "totalRevenue": 17235500000, "costOfRevenue": 24181300000, "grossProfit": -6945800000, "researchDevelopment": {}, "sellingGeneralAdministrative": 6638400000, "nonRecurring": {}, "otherOperatingExpenses": -5064100000, "totalOperatingExpenses": 35614000000, "operatingIncome": -18378500000, "totalOtherIncomeExpenseNet": -18548000000, "ebit": -18378500000, "interestExpense": -19416600000, "incomeBeforeTax": -36926500000, "incomeTaxExpense": 10700000, "minorityInterest": {}, "netIncomeFromContinuingOps": -36937200000, "discontinuedOperations": {}, "extraordinaryItems": {}, "effectOfAccountingCharges": {}, "otherItems": {}, "netIncome": -36937200000, "netIncomeApplicableToCommonShares": -36937200000}, {"maxAge": 1, "endDate": "2019-03-31", "totalRevenue": 20855500000, "costOfRevenue": 26476500000, "grossProfit": -5621000000, "researchDevelopment": {}, "sellingGeneralAdministrative": 38100000, "nonRecurring": {}, "otherOperatingExpenses": 3101900000, "totalOperatingExpenses": 39785800000, "operatingIncome": -18930300000, "totalOtherIncomeExpenseNet": -14941600000, "ebit": -18930300000, "interestExpense": -16733800000, "incomeBeforeTax": -33871900000, "incomeTaxExpense": 8800000, "minorityInterest": {}, "netIncomeFromContinuingOps": -33880700000, "discontinuedOperations": {}, "extraordinaryItems": {}, "effectOfAccountingCharges": {}, "otherItems": {}, "netIncome": -33880700000, "netIncomeApplicableToCommonShares": -33880700000}, {"maxAge": 1, "endDate": "2018-03-31", "totalRevenue": 24720300000, "costOfRevenue": 28206700000, "grossProfit": -3486400000, "researchDevelopment": {}, "sellingGeneralAdministrative": 38100000, "nonRecurring": {}, "otherOperatingExpenses": 4806500000, "totalOperatingExpenses": 43775500000, "operatingIncome": -19055200000, "totalOtherIncomeExpenseNet": -10649300000, "ebit": -19055200000, "interestExpense": -14756900000, "incomeBeforeTax": -29704500000, "incomeTaxExpense": 9000000, "minorityInterest": {}, "netIncomeFromContinuingOps": -29713500000, "discontinuedOperations": 4200000, "extraordinaryItems": {}, "effectOfAccountingCharges": {}, "otherItems": {}, "netIncome": -29709300000, "netIncomeApplicableToCommonShares": -29709300000}, {"maxAge": 1, "endDate": "2017-03-31", "totalRevenue": 29695100000, "costOfRevenue": 31815200000, "grossProfit": -2120100000, "researchDevelopment": {}, "sellingGeneralAdministrative": 38100000, "nonRecurring": {}, "otherOperatingExpenses": 6111300000, "totalOperatingExpenses": 49327800000, "operatingIncome": -19632700000, "totalOtherIncomeExpenseNet": -9762900000, "ebit": -19632700000, "interestExpense": -14186800000, "incomeBeforeTax": -29395600000, "incomeTaxExpense": -35100000, "minorityInterest": {}, "netIncomeFromContinuingOps": -29360500000, "discontinuedOperations": 4200000, "extraordinaryItems": {}, "effectOfAccountingCharges": {}, "otherItems": {}, "netIncome": -29360500000, "netIncomeApplicableToCommonShares": -29360500000}], "maxAge": 86400}, "fundOwnership": {"ownershipList": [{"maxAge": 1, "reportDate": "2020-08-31", "organization": "SPDR Portfolio Emerging Markets ETF", "pctHeld": 0.00090000004, "position": 541664, "value": 4945392}], "maxAge": 1}, "summaryDetail": {"maxAge": 1, "priceHint": 2, "previousClose": 16.1, "open": 16.1, "dayLow": 16.0, "dayHigh": 16.35, "regularMarketPreviousClose": 16.1, "regularMarketOpen": 16.1, "regularMarketDayLow": 16.0, "regularMarketDayHigh": 16.35, "volume": 92985, "regularMarketVolume": 92985, "averageVolume": 605373, "averageVolume10days": 578976, "averageDailyVolume10Day": 578976, "bid": 0.0, "ask": 0.0, "bidSize": 0, "askSize": 0, "marketCap": 10111499264, "fiftyTwoWeekLow": 5.55, "fiftyTwoWeekHigh": 16.35, "fiftyDayAverage": 13.521818, "twoHundredDayAverage": 10.342426, "currency": "INR", "fromCurrency": null, "lastMarket": null, "algorithm": null, "tradeable": false}, "sectorTrend": {"maxAge": 1, "symbol": null, "estimates": []}, "incomeStatementHistoryQuarterly": {"incomeStatementHistory": [{"maxAge": 1, "endDate": "2020-06-30", "totalRevenue": 3688000000, "costOfRevenue": 2198500000, "grossProfit": 1489500000, "researchDevelopment": {}, "sellingGeneralAdministrative": 1300100000, "nonRecurring": {}, "otherOperatingExpenses": -1035900000, "totalOperatingExpenses": 4824800000, "operatingIncome": -1136800000, "totalOtherIncomeExpenseNet": -5254700000, "ebit": -1136800000, "interestExpense": -5257700000, "incomeBeforeTax": -6391500000, "incomeTaxExpense": 0, "minorityInterest": {}, "netIncomeFromContinuingOps": -6391500000, "discontinuedOperations": {}, "extraordinaryItems": {}, "effectOfAccountingCharges": {}, "otherItems": {}, "netIncome": -6391500000, "netIncomeApplicableToCommonShares": -6391500000}, {"maxAge": 1, "endDate": "2020-03-31", "totalRevenue": 3932300000, "costOfRevenue": 2098400000, "grossProfit": 1833900000, "researchDevelopment": {}, "sellingGeneralAdministrative": 1864200000, "nonRecurring": {}, "otherOperatingExpenses": -1255600000, "totalOperatingExpenses": 5110900000, "operatingIncome": -1178600000, "totalOtherIncomeExpenseNet": -5047000000, "ebit": -1178600000, "interestExpense": -5045800000, "incomeBeforeTax": -6225600000, "incomeTaxExpense": 10700000, "minorityInterest": {}, "netIncomeFromContinuingOps": -6236300000, "discontinuedOperations": {}, "extraordinaryItems": {}, "effectOfAccountingCharges": {}, "otherItems": {}, "netIncome": -6236300000, "netIncomeApplicableToCommonShares": -6236300000}, {"maxAge": 1, "endDate": "2019-12-31", "totalRevenue": 4079500000, "costOfRevenue": 8262100000, "grossProfit": -4182600000, "researchDevelopment": {}, "sellingGeneralAdministrative": 1416700000, "nonRecurring": {}, "otherOperatingExpenses": -1469500000, "totalOperatingExpenses": 10647600000, "operatingIncome": -6568100000, "totalOtherIncomeExpenseNet": -4085100000, "ebit": -6568100000, "interestExpense": -4787400000, "incomeBeforeTax": -10653200000, "incomeTaxExpense": 0, "minorityInterest": {}, "netIncomeFromContinuingOps": -10653200000, "discontinuedOperations": {}, "extraordinaryItems": {}, "effectOfAccountingCharges": {}, "otherItems": {}, "netIncome": -10653200000, "netIncomeApplicableToCommonShares": -10653200000}, {"maxAge": 1, "endDate": "2019-09-30", "totalRevenue": 3885300000, "costOfRevenue": 6708000000, "grossProfit": -2822700000, "researchDevelopment": {}, "sellingGeneralAdministrative": 1753300000, "nonRecurring": {}, "otherOperatingExpenses": -1239600000, "totalOperatingExpenses": 9700100000, "operatingIncome": -5814800000, "totalOtherIncomeExpenseNet": -3686900000, "ebit": -5814800000, "interestExpense": -4835500000, "incomeBeforeTax": -9501700000, "incomeTaxExpense": 0, "minorityInterest": {}, "netIncomeFromContinuingOps": -9501700000, "discontinuedOperations": {}, "extraordinaryItems": {}, "effectOfAccountingCharges": {}, "otherItems": {}, "netIncome": -9501700000, "netIncomeApplicableToCommonShares": -9501700000}], "maxAge": 86400}, "cashflowStatementHistoryQuarterly": {"cashflowStatements": [{"maxAge": 1, "endDate": "2020-06-30", "netIncome": -6391500000, "changeToLiabilities": 0}, {"maxAge": 1, "endDate": "2020-03-31", "netIncome": -6236300000, "changeToLiabilities": 0}, {"maxAge": 1, "endDate": "2019-12-31", "netIncome": -10653200000, "changeToLiabilities": 0}, {"maxAge": 1, "endDate": "2019-09-30", "netIncome": -9501700000, "changeToLiabilities": 0}], "maxAge": 86400}, "insiderHolders": {"holders": [], "maxAge": 1}, "earnings": {"maxAge": 86400, "earningsChart": {"quarterly": [], "earningsDate": ["2020-09-15 05:30:S"]}, "financialsChart": {"yearly": [{"date": 2017, "revenue": 29695100000, "earnings": -29360500000}, {"date": 2018, "revenue": 24720300000, "earnings": -29709300000}, {"date": 2019, "revenue": 20855500000, "earnings": -33880700000}, {"date": 2020, "revenue": 17235500000, "earnings": -36937200000}], "quarterly": [{"date": "3Q2019", "revenue": 3885300000, "earnings": -9501700000}, {"date": "4Q2019", "revenue": 4079500000, "earnings": -10653200000}, {"date": "1Q2020", "revenue": 3932300000, "earnings": -6236300000}, {"date": "2Q2020", "revenue": 3688000000, "earnings": -6391500000}]}, "financialCurrency": "INR"}, "calendarEvents": {"maxAge": 1, "earnings": {"earningsDate": ["2020-09-15 05:30:S"]}}, "upgradeDowngradeHistory": {"history": [], "maxAge": 86400}, "price": {"maxAge": 1, "regularMarketChangePercent": -0.0031056614, "regularMarketChange": -0.050001144, "regularMarketTime": "2021-04-30 15:55:54", "priceHint": 2, "regularMarketPrice": 16.05, "regularMarketDayHigh": 16.35, "regularMarketDayLow": 16.0, "regularMarketVolume": 92985, "averageDailyVolume10Day": 578976, "averageDailyVolume3Month": 605373, "regularMarketPreviousClose": 16.1, "regularMarketSource": "FREE_REALTIME", "regularMarketOpen": 16.1, "exchange": "BSE", "exchangeName": "BSE", "exchangeDataDelayedBy": 0, "marketState": "CLOSED", "quoteType": "EQUITY", "symbol": "MTNL.BO", "underlyingSymbol": null, "shortName": "MAHANAGAR TELEPHONE NIGAM LTD.", "longName": "Mahanagar Telephone Nigam Limited", "currency": "INR", "quoteSourceName": "Delayed Quote", "currencySymbol": "\u20b9", "fromCurrency": null, "lastMarket": null, "marketCap": 10111499264}, "balanceSheetHistory": {"balanceSheetStatements": [{"maxAge": 1, "endDate": "2020-03-31", "cash": 2096200000, "netReceivables": 76672200000, "inventory": 193200000, "otherCurrentAssets": 6370200000, "totalCurrentAssets": 85331800000, "longTermInvestments": 41400000, "propertyPlantEquipment": 44108500000, "intangibleAssets": 27662100000, "otherAssets": 9736800000, "totalAssets": 166880600000, "accountsPayable": 7960100000, "otherCurrentLiab": 67301200000, "longTermDebt": 125541500000, "otherLiab": 5676700000, "totalCurrentLiabilities": 169265900000, "totalLiab": 302701500000, "commonStock": 6300000000, "treasuryStock": -142120900000, "otherStockholderEquity": -142120900000, "totalStockholderEquity": -135820900000, "netTangibleAssets": -163483000000}, {"maxAge": 1, "endDate": "2019-03-31", "cash": 1195800000, "netReceivables": 49416100000, "inventory": 249800000, "otherCurrentAssets": 6226500000, "totalCurrentAssets": 57655000000, "longTermInvestments": 37300000, "propertyPlantEquipment": 46496000000, "intangibleAssets": 31019000000, "otherAssets": 11837800000, "totalAssets": 147045100000, "accountsPayable": 4412500000, "shortLongTermDebt": 6400000000, "otherCurrentLiab": 12410800000, "longTermDebt": 114315900000, "otherLiab": 13881900000, "totalCurrentLiabilities": 115719900000, "totalLiab": 244323400000, "commonStock": 6300000000, "retainedEarnings": -111132300000, "treasuryStock": 903800000, "capitalSurplus": 6650200000, "otherStockholderEquity": 903800000, "totalStockholderEquity": -97278300000, "netTangibleAssets": -128297300000}, {"maxAge": 1, "endDate": "2018-03-31", "cash": 1053500000, "netReceivables": 42674300000, "inventory": 254100000, "otherCurrentAssets": 5882800000, "totalCurrentAssets": 50431700000, "longTermInvestments": 43700000, "propertyPlantEquipment": 50185200000, "intangibleAssets": 34407000000, "otherAssets": 27844600000, "totalAssets": 162912200000, "accountsPayable": 3314900000, "shortLongTermDebt": 3400000000, "otherCurrentLiab": 11000800000, "longTermDebt": 102521500000, "otherLiab": 32448600000, "totalCurrentLiabilities": 90856600000, "totalLiab": 226232300000, "commonStock": 6300000000, "retainedEarnings": -77177600000, "treasuryStock": 907400000, "capitalSurplus": 6650100000, "otherStockholderEquity": 907400000, "totalStockholderEquity": -63320100000, "netTangibleAssets": -97727100000}, {"maxAge": 1, "endDate": "2017-03-31", "cash": 980700000, "shortTermInvestments": 161000000, "netReceivables": 41488100000, "inventory": 157000000, "otherCurrentAssets": 6052900000, "totalCurrentAssets": 49628700000, "longTermInvestments": 136500000, "propertyPlantEquipment": 52194600000, "intangibleAssets": 37776900000, "otherAssets": 37195900000, "totalAssets": 176932600000, "accountsPayable": 4075400000, "shortLongTermDebt": 2750000000, "otherCurrentLiab": 11779600000, "longTermDebt": 69707400000, "otherLiab": 34424400000, "totalCurrentLiabilities": 106133700000, "totalLiab": 210671200000, "commonStock": 6300000000, "retainedEarnings": -47139000000, "treasuryStock": 450300000, "capitalSurplus": 6650100000, "otherStockholderEquity": 450300000, "totalStockholderEquity": -33738600000, "netTangibleAssets": -71515500000}], "maxAge": 86400}, "earningsTrend": {"trend": [{"maxAge": 1, "period": "0q", "endDate": null, "growth": {}, "earningsEstimate": {"avg": 0.0, "low": 0.0, "high": 0.0, "yearAgoEps": {}, "numberOfAnalysts": 0, "growth": {}}, "revenueEstimate": {"avg": 0, "low": 0, "high": 0, "numberOfAnalysts": 0, "yearAgoRevenue": {}, "growth": {}}, "epsTrend": {"current": 0.0, "7daysAgo": 0.0, "30daysAgo": 0.0, "60daysAgo": 0.0, "90daysAgo": 0.0}, "epsRevisions": {"upLast7days": 0, "upLast30days": 0, "downLast30days": 0, "downLast90days": {}}}, {"maxAge": 1, "period": "+1q", "endDate": null, "growth": {}, "earningsEstimate": {"avg": 0.0, "low": 0.0, "high": 0.0, "yearAgoEps": {}, "numberOfAnalysts": 0, "growth": {}}, "revenueEstimate": {"avg": 0, "low": 0, "high": 0, "numberOfAnalysts": 0, "yearAgoRevenue": {}, "growth": {}}, "epsTrend": {"current": 0.0, "7daysAgo": 0.0, "30daysAgo": 0.0, "60daysAgo": 0.0, "90daysAgo": 0.0}, "epsRevisions": {"upLast7days": 0, "upLast30days": 0, "downLast30days": 0, "downLast90days": {}}}, {"maxAge": 1, "period": "0y", "endDate": null, "growth": {}, "earningsEstimate": {"avg": 0.0, "low": 0.0, "high": 0.0, "yearAgoEps": {}, "numberOfAnalysts": 0, "growth": {}}, "revenueEstimate": {"avg": 0, "low": 0, "high": 0, "numberOfAnalysts": 0, "yearAgoRevenue": {}, "growth": {}}, "epsTrend": {"current": 0.0, "7daysAgo": 0.0, "30daysAgo": 0.0, "60daysAgo": 0.0, "90daysAgo": 0.0}, "epsRevisions": {"upLast7days": 0, "upLast30days": 0, "downLast30days": 0, "downLast90days": {}}}, {"maxAge": 1, "period": "+1y", "endDate": null, "growth": {}, "earningsEstimate": {"avg": 0.0, "low": 0.0, "high": 0.0, "yearAgoEps": {}, "numberOfAnalysts": 0, "growth": {}}, "revenueEstimate": {"avg": 0, "low": 0, "high": 0, "numberOfAnalysts": 0, "yearAgoRevenue": {}, "growth": {}}, "epsTrend": {"current": 0.0, "7daysAgo": 0.0, "30daysAgo": 0.0, "60daysAgo": 0.0, "90daysAgo": 0.0}, "epsRevisions": {"upLast7days": 0, "upLast30days": 0, "downLast30days": 0, "downLast90days": {}}}, {"maxAge": 1, "period": "+5y", "endDate": null, "growth": 0.1, "earningsEstimate": {"avg": {}, "low": {}, "high": {}, "yearAgoEps": {}, "numberOfAnalysts": {}, "growth": {}}, "revenueEstimate": {"avg": {}, "low": {}, "high": {}, "numberOfAnalysts": {}, "yearAgoRevenue": {}, "growth": {}}, "epsTrend": {"current": {}, "7daysAgo": {}, "30daysAgo": {}, "60daysAgo": {}, "90daysAgo": {}}, "epsRevisions": {"upLast7days": {}, "upLast30days": {}, "downLast30days": {}, "downLast90days": {}}}, {"maxAge": 1, "period": "-5y", "endDate": null, "growth": -0.32993, "earningsEstimate": {"avg": {}, "low": {}, "high": {}, "yearAgoEps": {}, "numberOfAnalysts": {}, "growth": {}}, "revenueEstimate": {"avg": {}, "low": {}, "high": {}, "numberOfAnalysts": {}, "yearAgoRevenue": {}, "growth": {}}, "epsTrend": {"current": {}, "7daysAgo": {}, "30daysAgo": {}, "60daysAgo": {}, "90daysAgo": {}}, "epsRevisions": {"upLast7days": {}, "upLast30days": {}, "downLast30days": {}, "downLast90days": {}}}], "maxAge": 1}, "financialData": {"maxAge": 86400, "currentPrice": 16.05, "targetHighPrice": 15.0, "targetLowPrice": 15.0, "targetMeanPrice": 15.0, "targetMedianPrice": 15.0, "recommendationKey": "none", "numberOfAnalystOpinions": 1, "grossProfits": -6945800000, "financialCurrency": "INR"}}}