{"MTNL.NS": {"assetProfile": {"address1": "Mahanagar Doorsanchar Sadan", "address2": "5th Floor 9, CGO Complex Lodhi Road", "city": "New Delhi", "zip": "110003", "country": "India", "phone": "91 11 2431 9020", "fax": "91 11 2432 4243", "website": "http://www.mtnl.in", "industry": "Telecom Services", "sector": "Communication Services", "longBusinessSummary": "Mahanagar Telephone Nigam Limited provides fixed-line telecommunication services in Delhi and Mumbai. It offers GSM and CDMA based mobile services; and Internet, broadband, ISDN, and leased line services, as well as telecom consultancy and engineering services, project management services, Wi-Fi solutions, e-governance projects, managed services, turnkey ICT solutions, GIS based services, capacity building and skill development services, etc. In addition, it provides mobile, international long distance, and Internet services in Mauritius. The company was incorporated in 1986 and is based in New Delhi, India.", "fullTimeEmployees": 4185, "companyOfficers": [{"maxAge": 1, "name": "Mr. Pravin Kumar Purwar", "title": "Chairman & MD", "fiscalYear": 2020, "totalPay": 1265394, "exercisedValue": 0, "unexercisedValue": 0}, {"maxAge": 1, "name": "Mr. Sanjeev  Kumar", "title": "Director of Technical & Director", "fiscalYear": 2020, "totalPay": 3295108, "exercisedValue": 0, "unexercisedValue": 0}, {"maxAge": 1, "name": "Mr. Suhru Ram Sayal", "age": 57, "title": "Company Sec. & Compliance Officer", "yearBorn": 1963, "fiscalYear": 2020, "totalPay": 2052417, "exercisedValue": 0, "unexercisedValue": 0}, {"maxAge": 1, "name": "Mr. Sunil  Kumar", "title": "Director of HR & EB and Director", "fiscalYear": 2020, "totalPay": 3409819, "exercisedValue": 0, "unexercisedValue": 0}, {"maxAge": 1, "name": "Mr. S. K. Gupta", "title": "Director of Fin. & Director", "exercisedValue": 0, "unexercisedValue": 0}, {"maxAge": 1, "name": "Mr. Sanjay  Khare", "title": "COO of Mumbai & GM of EB", "exercisedValue": 0, "unexercisedValue": 0}, {"maxAge": 1, "name": "Mr. Deepak  Kashyap", "age": 58, "title": "Chief Vigilance Officer", "yearBorn": 1962, "exercisedValue": 0, "unexercisedValue": 0}, {"maxAge": 1, "name": "Mr. Sharat  Chand", "title": "COO of Delhi & DGM (EB)", "exercisedValue": 0, "unexercisedValue": 0}], "compensationAsOfEpochDate": "2020-12-31 05:30:00", "maxAge": 86400}, "recommendationTrend": {"trend": [{"period": "0m", "strongBuy": 0, "buy": 0, "hold": 0, "sell": 0, "strongSell": 0}, {"period": "-1m", "strongBuy": 0, "buy": 0, "hold": 0, "sell": 0, "strongSell": 0}, {"period": "-2m", "strongBuy": 0, "buy": 0, "hold": 0, "sell": 0, "strongSell": 0}, {"period": "-3m", "strongBuy": 0, "buy": 0, "hold": 0, "sell": 0, "strongSell": 0}], "maxAge": 86400}, "cashflowStatementHistory": {"cashflowStatements": [{"maxAge": 1, "endDate": "2020-03-31", "netIncome": -36937300000, "depreciation": 9783200000, "changeToNetincome": 16283500000, "changeToAccountReceivables": -972100000, "changeToLiabilities": -4623100000, "changeToInventory": 3100000, "changeToOperatingActivities": 4331100000, "totalCashFromOperatingActivities": -12056400000, "capitalExpenditures": -1425500000, "investments": 85100000, "otherCashflowsFromInvestingActivities": 908000000, "totalCashflowsFromInvestingActivities": -432400000, "netBorrowings": 32065800000, "otherCashflowsFromFinancingActivities": -18806800000, "totalCashFromFinancingActivities": 13259000000, "changeInCash": 770200000}, {"maxAge": 1, "endDate": "2019-03-31", "netIncome": -33880700000, "depreciation": 9936000000, "changeToNetincome": 15339800000, "changeToAccountReceivables": -2130700000, "changeToLiabilities": 1099000000, "changeToInventory": -23200000, "changeToOperatingActivities": 2242100000, "totalCashFromOperatingActivities": -7329500000, "capitalExpenditures": -3104600000, "investments": 600000, "otherCashflowsFromInvestingActivities": 134400000, "totalCashflowsFromInvestingActivities": -2969600000, "netBorrowings": 27156500000, "otherCashflowsFromFinancingActivities": -16714900000, "totalCashFromFinancingActivities": 10441600000, "changeInCash": 142500000}, {"maxAge": 1, "endDate": "2018-03-31", "netIncome": -29709300000, "depreciation": 10446300000, "changeToNetincome": 10741500000, "changeToAccountReceivables": 232600000, "changeToLiabilities": 621100000, "changeToInventory": -215900000, "changeToOperatingActivities": 9342000000, "totalCashFromOperatingActivities": 1547000000, "capitalExpenditures": -5117700000, "investments": 148800000, "otherCashflowsFromInvestingActivities": 48200000, "totalCashflowsFromInvestingActivities": -4920700000, "netBorrowings": 18169000000, "otherCashflowsFromFinancingActivities": -14722600000, "totalCashFromFinancingActivities": 3446400000, "changeInCash": 72700000}, {"maxAge": 1, "endDate": "2017-03-31", "netIncome": -29360500000, "depreciation": 11016100000, "changeToNetincome": 12129000000, "changeToAccountReceivables": -611000000, "changeToLiabilities": 747100000, "changeToInventory": 127000000, "changeToOperatingActivities": -4407900000, "totalCashFromOperatingActivities": -10243300000, "capitalExpenditures": -4167200000, "investments": -144700000, "otherCashflowsFromInvestingActivities": 4009200000, "totalCashflowsFromInvestingActivities": -302700000, "netBorrowings": 24347700000, "otherCashflowsFromFinancingActivities": -14508500000, "totalCashFromFinancingActivities": 9839200000, "changeInCash": -706900000}], "maxAge": 86400}, "indexTrend": {"maxAge": 1, "symbol": "SP5", "peRatio": 19.7411, "pegRatio": 1.34172, "estimates": [{"period": "0q", "growth": 0.549}, {"period": "+1q", "growth": 0.431}, {"period": "0y", "growth": 0.305}, {"period": "+1y", "growth": 0.109}, {"period": "+5y", "growth": 0.120865}, {"period": "-5y"}]}, "defaultKeyStatistics": {"maxAge": 1, "priceHint": 2, "enterpriseValue": 234701307904, "profitMargins": -1.695, "floatShares": 261733500, "sharesOutstanding": 630000000, "heldPercentInsiders": 0.57708, "heldPercentInstitutions": 0.13561, "beta": 1.23481, "category": null, "bookValue": -235.033, "fundFamily": null, "legalType": null, "lastFiscalYearEnd": "2020-03-31 05:30:00", "nextFiscalYearEnd": "2022-03-31 05:30:00", "mostRecentQuarter": "2020-12-31 05:30:00", "netIncomeToCommon": -24828299264, "trailingEps": -39.41, "lastSplitFactor": null, "enterpriseToRevenue": 16.023, "enterpriseToEbitda": 148.984}, "industryTrend": {"maxAge": 1, "symbol": null, "estimates": []}, "quoteType": {"exchange": "NSI", "quoteType": "EQUITY", "symbol": "MTNL.NS", "underlyingSymbol": "MTNL.NS", "shortName": "MAHANAGAR TELEP NI", "longName": "Mahanagar Telephone Nigam Limited", "firstTradeDateEpochUtc": "1996-01-01 09:15:00", "timeZoneFullName": "Asia/Kolkata", "timeZoneShortName": "IST", "uuid": "efcb8e80-fe12-34cf-8434-f247ed433d60", "gmtOffSetMilliseconds": 19800000, "maxAge": 1}, "incomeStatementHistory": {"incomeStatementHistory": [{"maxAge": 1, "endDate": "2020-03-31", "totalRevenue": 16236500000, "costOfRevenue": 25540500000, "grossProfit": -9304000000, "researchDevelopment": {}, "sellingGeneralAdministrative": 474800000, "nonRecurring": {}, "otherOperatingExpenses": 694900000, "totalOperatingExpenses": 36720900000, "operatingIncome": -20484400000, "totalOtherIncomeExpenseNet": -16442200000, "ebit": -20484400000, "interestExpense": -19210300000, "incomeBeforeTax": -36926600000, "incomeTaxExpense": 10700000, "minorityInterest": {}, "netIncomeFromContinuingOps": -36937300000, "discontinuedOperations": {}, "extraordinaryItems": {}, "effectOfAccountingCharges": {}, "otherItems": {}, "netIncome": -36937300000, "netIncomeApplicableToCommonShares": -36937300000}, {"maxAge": 1, "endDate": "2019-03-31", "totalRevenue": 20855500000, "costOfRevenue": 28286000000, "grossProfit": -7430500000, "researchDevelopment": {}, "sellingGeneralAdministrative": 97300000, "nonRecurring": {}, "otherOperatingExpenses": 1219100000, "totalOperatingExpenses": 39771700000, "operatingIncome": -18916200000, "totalOtherIncomeExpenseNet": -14955700000, "ebit": -18916200000, "interestExpense": -16733800000, "incomeBeforeTax": -33871900000, "incomeTaxExpense": 8800000, "minorityInterest": {}, "netIncomeFromContinuingOps": -33880700000, "discontinuedOperations": {}, "extraordinaryItems": {}, "effectOfAccountingCharges": {}, "otherItems": {}, "netIncome": -33880700000, "netIncomeApplicableToCommonShares": -33880700000}, {"maxAge": 1, "endDate": "2018-03-31", "totalRevenue": 24720300000, "costOfRevenue": 28206700000, "grossProfit": -3486400000, "researchDevelopment": {}, "sellingGeneralAdministrative": 97300000, "nonRecurring": {}, "otherOperatingExpenses": 4806500000, "totalOperatingExpenses": 43775500000, "operatingIncome": -19055200000, "totalOtherIncomeExpenseNet": -10649300000, "ebit": -19055200000, "interestExpense": -14756900000, "incomeBeforeTax": -29704500000, "incomeTaxExpense": 9000000, "minorityInterest": {}, "netIncomeFromContinuingOps": -29713500000, "discontinuedOperations": 4200000, "extraordinaryItems": {}, "effectOfAccountingCharges": {}, "otherItems": {}, "netIncome": -29709300000, "netIncomeApplicableToCommonShares": -29709300000}, {"maxAge": 1, "endDate": "2017-03-31", "totalRevenue": 29695100000, "costOfRevenue": 31815200000, "grossProfit": -2120100000, "researchDevelopment": {}, "sellingGeneralAdministrative": 97300000, "nonRecurring": {}, "otherOperatingExpenses": 6111300000, "totalOperatingExpenses": 49327800000, "operatingIncome": -19632700000, "totalOtherIncomeExpenseNet": -9762900000, "ebit": -19632700000, "interestExpense": -14186800000, "incomeBeforeTax": -29395600000, "incomeTaxExpense": -35100000, "minorityInterest": {}, "netIncomeFromContinuingOps": -29360500000, "discontinuedOperations": 4200000, "extraordinaryItems": {}, "effectOfAccountingCharges": {}, "otherItems": {}, "netIncome": -29360500000, "netIncomeApplicableToCommonShares": -29360500000}], "maxAge": 86400}, "fundOwnership": {"ownershipList": [{"maxAge": 1, "reportDate": "2021-03-31", "organization": "SPDR Portfolio Emerging Markets ETF", "pctHeld": 0.00090000004, "position": 572903, "value": 10741931}], "maxAge": 1}, "summaryDetail": {"maxAge": 1, "priceHint": 2, "previousClose": 16.15, "open": 16.1, "dayLow": 15.9, "dayHigh": 16.4, "regularMarketPreviousClose": 16.15, "regularMarketOpen": 16.1, "regularMarketDayLow": 15.9, "regularMarketDayHigh": 16.4, "exDividendDate": "2009-09-17 05:30:00", "payoutRatio": 0.0, "beta": 1.23481, "volume": 1057859, "regularMarketVolume": 1057859, "averageVolume": 7388302, "averageVolume10days": 2603655, "averageDailyVolume10Day": 2603655, "bid": 0.0, "ask": 0.0, "bidSize": 0, "askSize": 0, "marketCap": 10111604736, "fiftyTwoWeekLow": 5.95, "fiftyTwoWeekHigh": 24.4, "priceToSalesTrailing12Months": 0.6903061, "fiftyDayAverage": 17.108824, "twoHundredDayAverage": 12.448227, "currency": "INR", "fromCurrency": null, "lastMarket": null, "algorithm": null, "tradeable": false}, "insiderHolders": {"holders": [], "maxAge": 1}, "calendarEvents": {"maxAge": 1, "earnings": {"earningsDate": []}, "exDividendDate": "2009-09-17 05:30:00"}, "upgradeDowngradeHistory": {"history": [], "maxAge": 86400}, "price": {"maxAge": 1, "regularMarketChangePercent": -0.003095928, "regularMarketChange": -0.049999237, "regularMarketTime": "2021-04-30 15:29:48", "priceHint": 2, "regularMarketPrice": 16.1, "regularMarketDayHigh": 16.4, "regularMarketDayLow": 15.9, "regularMarketVolume": 1057859, "averageDailyVolume10Day": 2603655, "averageDailyVolume3Month": 7388302, "regularMarketPreviousClose": 16.15, "regularMarketSource": "FREE_REALTIME", "regularMarketOpen": 16.1, "exchange": "NSI", "exchangeName": "NSE", "exchangeDataDelayedBy": 15, "marketState": "CLOSED", "quoteType": "EQUITY", "symbol": "MTNL.NS", "underlyingSymbol": null, "shortName": "MAHANAGAR TELEP NI", "longName": "Mahanagar Telephone Nigam Limited", "currency": "INR", "quoteSourceName": "Delayed Quote", "currencySymbol": "\u20b9", "fromCurrency": null, "lastMarket": null, "marketCap": 10111604736}, "balanceSheetHistory": {"balanceSheetStatements": [{"maxAge": 1, "endDate": "2020-03-31", "cash": 1966000000, "netReceivables": 76699800000, "inventory": 193200000, "otherCurrentAssets": 5832000000, "totalCurrentAssets": 85331800000, "longTermInvestments": 35100000, "propertyPlantEquipment": 44108500000, "intangibleAssets": 27662100000, "otherAssets": 9743100000, "totalAssets": 166880600000, "accountsPayable": 6657800000, "shortLongTermDebt": 11150000000, "otherCurrentLiab": 11742900000, "longTermDebt": 125541500000, "otherLiab": 5676800000, "totalCurrentLiabilities": 169265900000, "totalLiab": 302701600000, "commonStock": 6300000000, "retainedEarnings": -149623800000, "treasuryStock": 852800000, "capitalSurplus": 6650000000, "otherStockholderEquity": 852800000, "totalStockholderEquity": -135821000000, "netTangibleAssets": -163483100000}, {"maxAge": 1, "endDate": "2019-03-31", "cash": 1195800000, "netReceivables": 49416000000, "inventory": 249800000, "otherCurrentAssets": 6226600000, "totalCurrentAssets": 57655000000, "longTermInvestments": 37300000, "propertyPlantEquipment": 46496000000, "intangibleAssets": 31019000000, "otherAssets": 11837800000, "totalAssets": 147045100000, "accountsPayable": 4412500000, "shortLongTermDebt": 6400000000, "otherCurrentLiab": 12410700000, "longTermDebt": 114315900000, "otherLiab": 13881900000, "totalCurrentLiabilities": 115719900000, "totalLiab": 244323400000, "commonStock": 6300000000, "retainedEarnings": -111132300000, "treasuryStock": 904000000, "capitalSurplus": 6650000000, "otherStockholderEquity": 904000000, "totalStockholderEquity": -97278300000, "netTangibleAssets": -128297300000}, {"maxAge": 1, "endDate": "2018-03-31", "cash": 1053500000, "netReceivables": 42674300000, "inventory": 254100000, "otherCurrentAssets": 5882800000, "totalCurrentAssets": 50431700000, "longTermInvestments": 43700000, "propertyPlantEquipment": 50185200000, "intangibleAssets": 34407000000, "otherAssets": 27844600000, "totalAssets": 162912200000, "accountsPayable": 3314900000, "shortLongTermDebt": 3400000000, "otherCurrentLiab": 11000800000, "longTermDebt": 102521500000, "otherLiab": 32448600000, "totalCurrentLiabilities": 90856600000, "totalLiab": 226232300000, "commonStock": 6300000000, "retainedEarnings": -77177600000, "treasuryStock": 907400000, "capitalSurplus": 6650100000, "otherStockholderEquity": 907400000, "totalStockholderEquity": -63320100000, "netTangibleAssets": -97727100000}, {"maxAge": 1, "endDate": "2017-03-31", "cash": 980700000, "shortTermInvestments": 161000000, "netReceivables": 41488100000, "inventory": 157000000, "otherCurrentAssets": 6052900000, "totalCurrentAssets": 49628700000, "longTermInvestments": 136500000, "propertyPlantEquipment": 52194600000, "intangibleAssets": 37776900000, "otherAssets": 37195900000, "totalAssets": 176932600000, "accountsPayable": 4075400000, "shortLongTermDebt": 2750000000, "otherCurrentLiab": 11779600000, "longTermDebt": 69707400000, "otherLiab": 34424400000, "totalCurrentLiabilities": 106133700000, "totalLiab": 210671200000, "commonStock": 6300000000, "retainedEarnings": -47139000000, "treasuryStock": 450300000, "capitalSurplus": 6650100000, "otherStockholderEquity": 450300000, "totalStockholderEquity": -33738600000, "netTangibleAssets": -71515500000}], "maxAge": 86400}, "earningsTrend": {"trend": [{"maxAge": 1, "period": "0q", "endDate": null, "growth": {}, "earningsEstimate": {"avg": 0.0, "low": 0.0, "high": 0.0, "yearAgoEps": {}, "numberOfAnalysts": 0, "growth": {}}, "revenueEstimate": {"avg": 0, "low": 0, "high": 0, "numberOfAnalysts": 0, "yearAgoRevenue": {}, "growth": {}}, "epsTrend": {"current": 0.0, "7daysAgo": 0.0, "30daysAgo": 0.0, "60daysAgo": 0.0, "90daysAgo": 0.0}, "epsRevisions": {"upLast7days": 0, "upLast30days": 0, "downLast30days": 0, "downLast90days": {}}}, {"maxAge": 1, "period": "+1q", "endDate": null, "growth": {}, "earningsEstimate": {"avg": 0.0, "low": 0.0, "high": 0.0, "yearAgoEps": {}, "numberOfAnalysts": 0, "growth": {}}, "revenueEstimate": {"avg": 0, "low": 0, "high": 0, "numberOfAnalysts": 0, "yearAgoRevenue": {}, "growth": {}}, "epsTrend": {"current": 0.0, "7daysAgo": 0.0, "30daysAgo": 0.0, "60daysAgo": 0.0, "90daysAgo": 0.0}, "epsRevisions": {"upLast7days": 0, "upLast30days": 0, "downLast30days": 0, "downLast90days": {}}}, {"maxAge": 1, "period": "0y", "endDate": null, "growth": {}, "earningsEstimate": {"avg": 0.0, "low": 0.0, "high": 0.0, "yearAgoEps": {}, "numberOfAnalysts": 0, "growth": {}}, "revenueEstimate": {"avg": 0, "low": 0, "high": 0, "numberOfAnalysts": 0, "yearAgoRevenue": {}, "growth": {}}, "epsTrend": {"current": 0.0, "7daysAgo": 0.0, "30daysAgo": 0.0, "60daysAgo": 0.0, "90daysAgo": 0.0}, "epsRevisions": {"upLast7days": 0, "upLast30days": 0, "downLast30days": 0, "downLast90days": {}}}, {"maxAge": 1, "period": "+1y", "endDate": null, "growth": {}, "earningsEstimate": {"avg": 0.0, "low": 0.0, "high": 0.0, "yearAgoEps": {}, "numberOfAnalysts": 0, "growth": {}}, "revenueEstimate": {"avg": 0, "low": 0, "high": 0, "numberOfAnalysts": 0, "yearAgoRevenue": {}, "growth": {}}, "epsTrend": {"current": 0.0, "7daysAgo": 0.0, "30daysAgo": 0.0, "60daysAgo": 0.0, "90daysAgo": 0.0}, "epsRevisions": {"upLast7days": 0, "upLast30days": 0, "downLast30days": 0, "downLast90days": {}}}, {"maxAge": 1, "period": "+5y", "endDate": null, "growth": 0.1, "earningsEstimate": {"avg": {}, "low": {}, "high": {}, "yearAgoEps": {}, "numberOfAnalysts": {}, "growth": {}}, "revenueEstimate": {"avg": {}, "low": {}, "high": {}, "numberOfAnalysts": {}, "yearAgoRevenue": {}, "growth": {}}, "epsTrend": {"current": {}, "7daysAgo": {}, "30daysAgo": {}, "60daysAgo": {}, "90daysAgo": {}}, "epsRevisions": {"upLast7days": {}, "upLast30days": {}, "downLast30days": {}, "downLast90days": {}}}, {"maxAge": 1, "period": "-5y", "endDate": null, "growth": -0.32993, "earningsEstimate": {"avg": {}, "low": {}, "high": {}, "yearAgoEps": {}, "numberOfAnalysts": {}, "growth": {}}, "revenueEstimate": {"avg": {}, "low": {}, "high": {}, "numberOfAnalysts": {}, "yearAgoRevenue": {}, "growth": {}}, "epsTrend": {"current": {}, "7daysAgo": {}, "30daysAgo": {}, "60daysAgo": {}, "90daysAgo": {}}, "epsRevisions": {"upLast7days": {}, "upLast30days": {}, "downLast30days": {}, "downLast90days": {}}}], "maxAge": 1}, "institutionOwnership": {"ownershipList": [], "maxAge": 1}, "majorHoldersBreakdown": {"maxAge": 1, "insidersPercentHeld": 0.57708, "institutionsPercentHeld": 0.13561, "institutionsFloatPercentHeld": 0.32064998, "institutionsCount": 2}, "balanceSheetHistoryQuarterly": {"balanceSheetStatements": [{"maxAge": 1, "endDate": "2020-12-31", "totalStockholderEquity": -148070700000, "netTangibleAssets": -174056800000}, {"maxAge": 1, "endDate": "2020-09-30", "cash": 1343100000, "netReceivables": 54143200000, "inventory": 132900000, "otherCurrentAssets": 6470100000, "totalCurrentAssets": 62089300000, "longTermInvestments": 53200000, "propertyPlantEquipment": 41277400000, "intangibleAssets": 25986100000, "otherAssets": 9665900000, "totalAssets": 139071900000, "accountsPayable": 8349700000, "otherCurrentLiab": 47166500000, "longTermDebt": 125811700000, "otherLiab": 5756500000, "totalCurrentLiabilities": 153549600000, "totalLiab": 287142600000, "commonStock": 6300000000, "treasuryStock": -154370700000, "otherStockholderEquity": -154370700000, "totalStockholderEquity": -148070700000, "netTangibleAssets": -174056800000}, {"maxAge": 1, "endDate": "2020-06-30", "totalStockholderEquity": -135820900000, "netTangibleAssets": -163483000000}, {"maxAge": 1, "endDate": "2020-03-31", "cash": 1966000000, "netReceivables": 76699800000, "inventory": 193200000, "otherCurrentAssets": 5832000000, "totalCurrentAssets": 85331800000, "longTermInvestments": 35100000, "propertyPlantEquipment": 44108500000, "intangibleAssets": 27662100000, "otherAssets": 9743100000, "totalAssets": 166880600000, "accountsPayable": 6657800000, "shortLongTermDebt": 11150000000, "otherCurrentLiab": 11742900000, "longTermDebt": 125541500000, "otherLiab": 5676800000, "totalCurrentLiabilities": 169265900000, "totalLiab": 302701600000, "commonStock": 6300000000, "retainedEarnings": -149623800000, "treasuryStock": 852800000, "capitalSurplus": 6650000000, "otherStockholderEquity": 852800000, "totalStockholderEquity": -135821000000, "netTangibleAssets": -163483100000}], "maxAge": 86400}, "earningsHistory": {"history": [{"maxAge": 1, "epsActual": {}, "epsEstimate": {}, "epsDifference": {}, "surprisePercent": {}, "quarter": {}, "period": "-4q"}, {"maxAge": 1, "epsActual": {}, "epsEstimate": {}, "epsDifference": {}, "surprisePercent": {}, "quarter": {}, "period": "-3q"}, {"maxAge": 1, "epsActual": {}, "epsEstimate": {}, "epsDifference": {}, "surprisePercent": {}, "quarter": {}, "period": "-2q"}, {"maxAge": 1, "epsActual": {}, "epsEstimate": {}, "epsDifference": {}, "surprisePercent": {}, "quarter": {}, "period": "-1q"}], "maxAge": 86400}, "summaryProfile": {"address1": "Mahanagar Doorsanchar Sadan", "address2": "5th Floor 9, CGO Complex Lodhi Road", "city": "New Delhi", "zip": "110003", "country": "India", "phone": "91 11 2431 9020", "fax": "91 11 2432 4243", "website": "http://www.mtnl.in", "industry": "Telecom Services", "sector": "Communication Services", "longBusinessSummary": "Mahanagar Telephone Nigam Limited provides fixed-line telecommunication services in Delhi and Mumbai. It offers GSM and CDMA based mobile services; and Internet, broadband, ISDN, and leased line services, as well as telecom consultancy and engineering services, project management services, Wi-Fi solutions, e-governance projects, managed services, turnkey ICT solutions, GIS based services, capacity building and skill development services, etc. In addition, it provides mobile, international long distance, and Internet services in Mauritius. The company was incorporated in 1986 and is based in New Delhi, India.", "fullTimeEmployees": 4185, "companyOfficers": [], "maxAge": 86400}, "netSharePurchaseActivity": {"maxAge": 1, "period": "6m", "buyInfoCount": 0, "buyInfoShares": 0, "sellInfoCount": 0, "netInfoCount": 0, "netInfoShares": 0, "netPercentInsiderShares": 0.0, "totalInsiderShares": 363560416}, "sectorTrend": {"maxAge": 1, "symbol": null, "estimates": []}, "incomeStatementHistoryQuarterly": {"incomeStatementHistory": [{"maxAge": 1, "endDate": "2020-12-31", "totalRevenue": 3604900000, "costOfRevenue": 1691300000, "grossProfit": 1913600000, "researchDevelopment": {}, "sellingGeneralAdministrative": 1851900000, "nonRecurring": {}, "otherOperatingExpenses": -1109200000, "totalOperatingExpenses": 4578500000, "operatingIncome": -973600000, "totalOtherIncomeExpenseNet": -5404200000, "ebit": -973600000, "interestExpense": -5405100000, "incomeBeforeTax": -6377800000, "incomeTaxExpense": 0, "minorityInterest": {}, "netIncomeFromContinuingOps": -6377800000, "discontinuedOperations": {}, "extraordinaryItems": {}, "effectOfAccountingCharges": {}, "otherItems": {}, "netIncome": -6377800000, "netIncomeApplicableToCommonShares": -6377800000}, {"maxAge": 1, "endDate": "2020-09-30", "totalRevenue": 3421900000, "costOfRevenue": 1781200000, "grossProfit": 1640700000, "researchDevelopment": {}, "sellingGeneralAdministrative": 1220500000, "nonRecurring": {}, "otherOperatingExpenses": -1160900000, "totalOperatingExpenses": 4150400000, "operatingIncome": -728500000, "totalOtherIncomeExpenseNet": -5094000000, "ebit": -728500000, "interestExpense": -5098000000, "incomeBeforeTax": -5822500000, "incomeTaxExpense": 0, "minorityInterest": {}, "netIncomeFromContinuingOps": -5822500000, "discontinuedOperations": {}, "extraordinaryItems": {}, "effectOfAccountingCharges": {}, "otherItems": {}, "netIncome": -5822500000, "netIncomeApplicableToCommonShares": -5822500000}, {"maxAge": 1, "endDate": "2020-06-30", "totalRevenue": 3688000000, "costOfRevenue": 2198500000, "grossProfit": 1489500000, "researchDevelopment": {}, "sellingGeneralAdministrative": 1300100000, "nonRecurring": {}, "otherOperatingExpenses": -1035900000, "totalOperatingExpenses": 4824800000, "operatingIncome": -1136800000, "totalOtherIncomeExpenseNet": -5254700000, "ebit": -1136800000, "interestExpense": -5257700000, "incomeBeforeTax": -6391500000, "incomeTaxExpense": 0, "minorityInterest": {}, "netIncomeFromContinuingOps": -6391500000, "discontinuedOperations": {}, "extraordinaryItems": {}, "effectOfAccountingCharges": {}, "otherItems": {}, "netIncome": -6391500000, "netIncomeApplicableToCommonShares": -6391500000}, {"maxAge": 1, "endDate": "2020-03-31", "totalRevenue": 3933200000, "costOfRevenue": 3458600000, "grossProfit": 474600000, "researchDevelopment": {}, "sellingGeneralAdministrative": -4299500000, "nonRecurring": {}, "otherOperatingExpenses": 6369600000, "totalOperatingExpenses": 8084900000, "operatingIncome": -4151700000, "totalOtherIncomeExpenseNet": -2074000000, "ebit": -4151700000, "interestExpense": -4840400000, "incomeBeforeTax": -6225700000, "incomeTaxExpense": 10700000, "minorityInterest": {}, "netIncomeFromContinuingOps": -6236400000, "discontinuedOperations": {}, "extraordinaryItems": {}, "effectOfAccountingCharges": {}, "otherItems": {}, "netIncome": -6236400000, "netIncomeApplicableToCommonShares": -6236400000}], "maxAge": 86400}, "cashflowStatementHistoryQuarterly": {"cashflowStatements": [{"maxAge": 1, "endDate": "2020-12-31", "netIncome": -6377800000, "changeToLiabilities": 0}, {"maxAge": 1, "endDate": "2020-09-30", "netIncome": -5822500000, "changeToLiabilities": 0}, {"maxAge": 1, "endDate": "2020-06-30", "netIncome": -6391500000, "changeToLiabilities": 0}, {"maxAge": 1, "endDate": "2020-03-31", "netIncome": -6236400000, "changeToLiabilities": 0}], "maxAge": 86400}, "earnings": {"maxAge": 86400, "earningsChart": {"quarterly": [], "earningsDate": []}, "financialsChart": {"yearly": [{"date": 2017, "revenue": 29695100000, "earnings": -29360500000}, {"date": 2018, "revenue": 24720300000, "earnings": -29709300000}, {"date": 2019, "revenue": 20855500000, "earnings": -33880700000}, {"date": 2020, "revenue": 16236500000, "earnings": -36937300000}], "quarterly": [{"date": "1Q2020", "revenue": 3933200000, "earnings": -6236400000}, {"date": "2Q2020", "revenue": 3688000000, "earnings": -6391500000}, {"date": "3Q2020", "revenue": 3421900000, "earnings": -5822500000}, {"date": "4Q2020", "revenue": 3604900000, "earnings": -6377800000}]}, "financialCurrency": "INR"}, "financialData": {"maxAge": 86400, "currentPrice": 16.1, "targetHighPrice": 15.0, "targetLowPrice": 15.0, "targetMeanPrice": 15.0, "targetMedianPrice": 15.0, "recommendationKey": "none", "numberOfAnalystOpinions": 1, "totalCash": 1343100032, "totalCashPerShare": 2.132, "ebitda": 1575350016, "totalDebt": 225869905920, "totalRevenue": 14648000512, "revenuePerShare": 23.251, "grossProfits": -9304000000, "revenueGrowth": -0.116, "grossMargins": 0.37674, "ebitdaMargins": 0.10755, "operatingMargins": -0.47722998, "profitMargins": -1.695, "financialCurrency": "INR"}}}