{"MUKTAARTS.NS": {"assetProfile": {"address1": "Mukta House", "address2": "3rd Floor, Filmcity Complex Behind Whistling Woods Institute Goregaon (East)", "city": "Mumbai", "zip": "400065", "country": "India", "phone": "91 22 3364 9400", "fax": "91 22 3364 9401", "website": "http://www.muktaarts.com", "industry": "Entertainment", "sector": "Communication Services", "longBusinessSummary": "Mukta Arts Limited engages in the production, distribution, and exhibition of films in India. It operates through five segments: Software Division, Equipment Division, Education, Theatrical Exhibition Division, and Others. The Software Division segment is involved in film/TV production and distribution operations. This segment produces/co-produces movies and television content, as well as offers related services; and acquires movie rights for overseas and Indian distribution. The Equipment Division segment provides production equipment to other production houses and independent producers on hire. The Education segment operates an education, research, and training institute that offer training in various skills related to films, television, and the media industry. The Theatrical Exhibition Division segment comprise of various services offered at theatres, including sale of tickets, catering of food and beverages, and providing advertising services at theatres, as well as related services. The Others segment engages in the facility rental business. Mukta Arts Limited was founded in 1982 and is based in Mumbai, India.", "fullTimeEmployees": 72, "companyOfficers": [{"maxAge": 1, "name": "Mr. Subhash Krishan Dayal Ghai", "age": 77, "title": "Exec. Chairman", "yearBorn": 1943, "fiscalYear": 2020, "totalPay": 8390000, "exercisedValue": 0, "unexercisedValue": 0}, {"maxAge": 1, "name": "Mr. Rahul V. Puri", "age": 43, "title": "MD & Exec. Director", "yearBorn": 1977, "fiscalYear": 2020, "totalPay": 5180000, "exercisedValue": 0, "unexercisedValue": 0}, {"maxAge": 1, "name": "Mr. Prabuddha Das Gupta", "age": 53, "title": "Chief Financial Officer", "yearBorn": 1967, "fiscalYear": 2020, "totalPay": 4445501, "exercisedValue": 0, "unexercisedValue": 0}, {"maxAge": 1, "name": "Mr. Ashish  Gharde", "age": 48, "title": "Group Chief Operating Officer", "yearBorn": 1972, "exercisedValue": 0, "unexercisedValue": 0}, {"maxAge": 1, "name": "Ms. Monika Mrugank Shah", "age": 40, "title": "Company Sec. & Compliance Officer", "yearBorn": 1980, "fiscalYear": 2020, "totalPay": 1175000, "exercisedValue": 0, "unexercisedValue": 0}, {"maxAge": 1, "name": "Mr. Siraj Akhtar Farooqui", "age": 66, "title": "Studio Chief Exec.", "yearBorn": 1954, "exercisedValue": 0, "unexercisedValue": 0}, {"maxAge": 1, "name": "Mr. Sanjay  Ghai", "age": 54, "title": "Chief Operating Officer of Distribution & Exhibition North", "yearBorn": 1966, "exercisedValue": 0, "unexercisedValue": 0}, {"maxAge": 1, "name": "Rekha  Misra", "age": 68, "title": "VP of Projects & Admin.", "yearBorn": 1952, "fiscalYear": 2019, "exercisedValue": 0, "unexercisedValue": 0}, {"maxAge": 1, "name": "Mr. Ravi  Gupta", "age": 68, "title": "Dean of Whistling Woods International", "yearBorn": 1952, "fiscalYear": 2008, "exercisedValue": 0, "unexercisedValue": 0}, {"maxAge": 1, "name": "Mr. Vashdev  Bajaj", "age": 64, "title": "Chief Operating Officer of Distribution & Exhibition", "yearBorn": 1956, "fiscalYear": 2006, "exercisedValue": 0, "unexercisedValue": 0}], "compensationAsOfEpochDate": "2020-12-31 05:30:00", "maxAge": 86400}, "recommendationTrend": {"trend": [{"period": "0m", "strongBuy": 0, "buy": 0, "hold": 0, "sell": 0, "strongSell": 0}, {"period": "-1m", "strongBuy": 0, "buy": 0, "hold": 0, "sell": 0, "strongSell": 0}, {"period": "-2m", "strongBuy": 0, "buy": 0, "hold": 0, "sell": 0, "strongSell": 0}, {"period": "-3m", "strongBuy": 0, "buy": 0, "hold": 0, "sell": 0, "strongSell": 0}], "maxAge": 86400}, "cashflowStatementHistory": {"cashflowStatements": [{"maxAge": 1, "endDate": "2020-03-31", "netIncome": -87127683, "depreciation": 220073665, "changeToNetincome": 30799921, "changeToAccountReceivables": 56662806, "changeToLiabilities": 37704837, "changeToInventory": -1422481, "changeToOperatingActivities": 393642615, "totalCashFromOperatingActivities": 652129907, "capitalExpenditures": -529490084, "investments": -24759202, "otherCashflowsFromInvestingActivities": 7890633, "totalCashflowsFromInvestingActivities": -544482728, "netBorrowings": 19694046, "otherCashflowsFromFinancingActivities": -156434250, "totalCashFromFinancingActivities": -136740204, "changeInCash": -29093025}, {"maxAge": 1, "endDate": "2019-03-31", "netIncome": 25687556, "depreciation": 117766219, "changeToNetincome": 713341, "changeToAccountReceivables": -96991443, "changeToLiabilities": 68539931, "changeToInventory": -2666010, "changeToOperatingActivities": 119657457, "totalCashFromOperatingActivities": 236893324, "capitalExpenditures": -89182545, "investments": -32787, "otherCashflowsFromInvestingActivities": 11398492, "totalCashflowsFromInvestingActivities": -78003834, "netBorrowings": -21238701, "otherCashflowsFromFinancingActivities": -101834420, "totalCashFromFinancingActivities": -123073121, "changeInCash": 35816369}, {"maxAge": 1, "endDate": "2018-03-31", "netIncome": -49529323, "depreciation": 126752125, "changeToNetincome": 106476149, "changeToAccountReceivables": 3080650, "changeToLiabilities": -28174739, "changeToInventory": 749421, "changeToOperatingActivities": 11285940, "totalCashFromOperatingActivities": 174794060, "capitalExpenditures": -61088099, "investments": -1106868, "otherCashflowsFromInvestingActivities": 9001434, "totalCashflowsFromInvestingActivities": -52489965, "netBorrowings": -649126, "otherCashflowsFromFinancingActivities": -111284783, "totalCashFromFinancingActivities": -111933909, "changeInCash": 10370186}, {"maxAge": 1, "endDate": "2017-03-31", "netIncome": -79395851, "depreciation": 122952013, "changeToNetincome": 87458911, "changeToAccountReceivables": -23592463, "changeToLiabilities": 113836903, "changeToInventory": -4193340, "changeToOperatingActivities": -42847864, "totalCashFromOperatingActivities": 174218309, "capitalExpenditures": -612037537, "investments": 294592, "otherCashflowsFromInvestingActivities": 5061041, "totalCashflowsFromInvestingActivities": -200111447, "netBorrowings": 110566929, "otherCashflowsFromFinancingActivities": -87124531, "totalCashFromFinancingActivities": 23442398, "changeInCash": -2450740}], "maxAge": 86400}, "indexTrend": {"maxAge": 1, "symbol": "SP5", "peRatio": 19.7411, "pegRatio": 1.34172, "estimates": [{"period": "0q", "growth": 0.549}, {"period": "+1q", "growth": 0.431}, {"period": "0y", "growth": 0.305}, {"period": "+1y", "growth": 0.109}, {"period": "+5y", "growth": 0.120865}, {"period": "-5y"}]}, "defaultKeyStatistics": {"maxAge": 1, "priceHint": 2, "enterpriseValue": 1204584064, "profitMargins": -0.0954, "floatShares": 4702461, "sharesOutstanding": 22585200, "heldPercentInsiders": 0.74598, "heldPercentInstitutions": 0.0, "beta": 1.095477, "category": null, "bookValue": 1.796, "priceToBook": 15.701559, "fundFamily": null, "legalType": null, "lastFiscalYearEnd": "2020-03-31 05:30:00", "nextFiscalYearEnd": "2022-03-31 05:30:00", "mostRecentQuarter": "2020-12-31 05:30:00", "netIncomeToCommon": -92015680, "trailingEps": -4.077, "lastSplitFactor": null, "enterpriseToRevenue": 1.249, "enterpriseToEbitda": 10.191, "52WeekChange": 0.38235295, "SandP52WeekChange": 0.48148263, "lastDividendValue": 1.25, "lastDividendDate": 1566345600}, "industryTrend": {"maxAge": 1, "symbol": null, "estimates": []}, "quoteType": {"exchange": "NSI", "quoteType": "EQUITY", "symbol": "MUKTAARTS.NS", "underlyingSymbol": "MUKTAARTS.NS", "shortName": "MUKTA ARTS", "longName": "Mukta Arts Limited", "firstTradeDateEpochUtc": "2002-07-01 09:15:00", "timeZoneFullName": "Asia/Kolkata", "timeZoneShortName": "IST", "uuid": "83fbbd22-c086-38a5-b126-9e6a518f5760", "messageBoardId": "finmb_9663777", "gmtOffSetMilliseconds": 19800000, "maxAge": 1}, "incomeStatementHistory": {"incomeStatementHistory": [{"maxAge": 1, "endDate": "2020-03-31", "totalRevenue": 1716889514, "costOfRevenue": 532649496, "grossProfit": 1184240018, "researchDevelopment": {}, "sellingGeneralAdministrative": 487134336, "nonRecurring": {}, "otherOperatingExpenses": 512926109, "totalOperatingExpenses": 1724343133, "operatingIncome": -7453619, "totalOtherIncomeExpenseNet": -69488328, "ebit": -7453619, "interestExpense": -151215309, "incomeBeforeTax": -76941947, "incomeTaxExpense": 5522739, "minorityInterest": 39163397, "netIncomeFromContinuingOps": -82464686, "discontinuedOperations": {}, "extraordinaryItems": {}, "effectOfAccountingCharges": {}, "otherItems": {}, "netIncome": -87127683, "netIncomeApplicableToCommonShares": -87127683}, {"maxAge": 1, "endDate": "2019-03-31", "totalRevenue": 1618861108, "costOfRevenue": 500282937, "grossProfit": 1118578171, "researchDevelopment": {}, "sellingGeneralAdministrative": 503108247, "nonRecurring": {}, "otherOperatingExpenses": 465973735, "totalOperatingExpenses": 1591317411, "operatingIncome": 27543697, "totalOtherIncomeExpenseNet": 14413813, "ebit": 27543697, "interestExpense": -99842032, "incomeBeforeTax": 41957510, "incomeTaxExpense": 15855224, "minorityInterest": 34915130, "netIncomeFromContinuingOps": 26102286, "discontinuedOperations": {}, "extraordinaryItems": {}, "effectOfAccountingCharges": {}, "otherItems": {}, "netIncome": 25687556, "netIncomeApplicableToCommonShares": 25687556}, {"maxAge": 1, "endDate": "2018-03-31", "totalRevenue": 1243148265, "costOfRevenue": 381842262, "grossProfit": 861306003, "researchDevelopment": {}, "sellingGeneralAdministrative": 416681864, "nonRecurring": {}, "otherOperatingExpenses": 361353500, "totalOperatingExpenses": 1286023193, "operatingIncome": -42874928, "totalOtherIncomeExpenseNet": -2138776, "ebit": -42874928, "interestExpense": -105969421, "incomeBeforeTax": -45013704, "incomeTaxExpense": 2388998, "minorityInterest": 32127481, "netIncomeFromContinuingOps": -47402702, "discontinuedOperations": {}, "extraordinaryItems": {}, "effectOfAccountingCharges": {}, "otherItems": {}, "netIncome": -49529323, "netIncomeApplicableToCommonShares": -49529323}, {"maxAge": 1, "endDate": "2017-03-31", "totalRevenue": 996134075, "costOfRevenue": 285598042, "grossProfit": 710536033, "researchDevelopment": {}, "sellingGeneralAdministrative": 333587143, "nonRecurring": {}, "otherOperatingExpenses": 330904310, "totalOperatingExpenses": 1068031188, "operatingIncome": -71897113, "totalOtherIncomeExpenseNet": 7836597, "ebit": -71897113, "interestExpense": -85060804, "incomeBeforeTax": -64060516, "incomeTaxExpense": 12709814, "minorityInterest": 30233660, "netIncomeFromContinuingOps": -76770330, "discontinuedOperations": {}, "extraordinaryItems": {}, "effectOfAccountingCharges": {}, "otherItems": {}, "netIncome": -79395851, "netIncomeApplicableToCommonShares": -79395851}], "maxAge": 86400}, "fundOwnership": {"maxAge": 1, "ownershipList": []}, "summaryDetail": {"maxAge": 1, "priceHint": 2, "previousClose": 28.2, "open": 28.15, "dayLow": 28.1, "dayHigh": 28.8, "regularMarketPreviousClose": 28.2, "regularMarketOpen": 28.15, "regularMarketDayLow": 28.1, "regularMarketDayHigh": 28.8, "exDividendDate": "2019-08-21 05:30:00", "payoutRatio": 0.0, "beta": 1.095477, "volume": 2957, "regularMarketVolume": 2957, "averageVolume": 14657, "averageVolume10days": 6742, "averageDailyVolume10Day": 6742, "bid": 0.0, "ask": 0.0, "bidSize": 0, "askSize": 0, "marketCap": 652711552, "fiftyTwoWeekLow": 16.75, "fiftyTwoWeekHigh": 38.85, "priceToSalesTrailing12Months": 0.6767248, "fiftyDayAverage": 29.222727, "twoHundredDayAverage": 30.130497, "trailingAnnualDividendRate": 1.25, "trailingAnnualDividendYield": 0.04432624, "currency": "INR", "fromCurrency": null, "toCurrency": null, "lastMarket": null, "algorithm": null, "tradeable": false}, "insiderHolders": {"holders": [{"maxAge": 1, "name": "Ghai (Subhash)", "relation": "Director", "url": "", "transactionDescription": "Acquisition", "latestTransDate": "2021-03-31", "positionDirect": 12497990, "positionDirectDate": "2021-03-31"}], "maxAge": 1}, "calendarEvents": {"maxAge": 1, "earnings": {"earningsDate": []}, "exDividendDate": "2019-08-21 05:30:00"}, "price": {"maxAge": 1, "regularMarketChangePercent": 0.0, "regularMarketChange": 0.0, "regularMarketTime": "2021-04-30 15:27:33", "priceHint": 2, "regularMarketPrice": 28.2, "regularMarketDayHigh": 28.8, "regularMarketDayLow": 28.1, "regularMarketVolume": 2957, "averageDailyVolume10Day": 6742, "averageDailyVolume3Month": 14657, "regularMarketPreviousClose": 28.2, "regularMarketSource": "FREE_REALTIME", "regularMarketOpen": 28.15, "exchange": "NSI", "exchangeName": "NSE", "exchangeDataDelayedBy": 15, "marketState": "CLOSED", "quoteType": "EQUITY", "symbol": "MUKTAARTS.NS", "underlyingSymbol": null, "shortName": "MUKTA ARTS", "longName": "Mukta Arts Limited", "currency": "INR", "quoteSourceName": "Delayed Quote", "currencySymbol": "\u20b9", "fromCurrency": null, "toCurrency": null, "lastMarket": null, "marketCap": 652711552}, "balanceSheetHistory": {"balanceSheetStatements": [{"maxAge": 1, "endDate": "2020-03-31", "cash": 32131577, "shortTermInvestments": 43998782, "netReceivables": 324761358, "inventory": 11606931, "otherCurrentAssets": 166783502, "totalCurrentAssets": 597068556, "longTermInvestments": 39747060, "propertyPlantEquipment": 1118667476, "intangibleAssets": 182799811, "otherAssets": 515740587, "deferredLongTermAssetCharges": 19000758, "totalAssets": 2454023490, "accountsPayable": 341254039, "shortLongTermDebt": 84573108, "otherCurrentLiab": 465117626, "longTermDebt": 619517084, "otherLiab": 491732215, "minorityInterest": 39163397, "totalCurrentLiabilities": 1216853507, "totalLiab": 2328102806, "commonStock": 112926000, "retainedEarnings": -1001509562, "treasuryStock": 1735889, "capitalSurplus": 973604960, "otherStockholderEquity": 1735889, "totalStockholderEquity": 86757287, "netTangibleAssets": -96042524}, {"maxAge": 1, "endDate": "2019-03-31", "cash": 61224602, "shortTermInvestments": 19239580, "netReceivables": 358835542, "inventory": 10184450, "otherCurrentAssets": 127589189, "totalCurrentAssets": 598984315, "longTermInvestments": 39820281, "propertyPlantEquipment": 808041625, "intangibleAssets": 134906889, "otherAssets": 513768268, "deferredLongTermAssetCharges": 20408814, "totalAssets": 2095521378, "accountsPayable": 303549202, "shortLongTermDebt": 65307398, "otherCurrentLiab": 432730219, "longTermDebt": 623261029, "otherLiab": 188204448, "minorityInterest": 34915130, "totalCurrentLiabilities": 973542341, "totalLiab": 1785007818, "commonStock": 112926000, "retainedEarnings": -812257072, "treasuryStock": 1324542, "capitalSurplus": 973604960, "otherStockholderEquity": 1324542, "totalStockholderEquity": 275598430, "netTangibleAssets": 140691541}, {"maxAge": 1, "endDate": "2018-03-31", "cash": 27508582, "shortTermInvestments": 19206793, "netReceivables": 267762062, "inventory": 7518440, "otherCurrentAssets": 143938961, "totalCurrentAssets": 490694174, "longTermInvestments": 40048711, "propertyPlantEquipment": 832853905, "intangibleAssets": 114041261, "otherAssets": 468260137, "deferredLongTermAssetCharges": 26164038, "totalAssets": 1945898188, "accountsPayable": 235009270, "shortLongTermDebt": 51869482, "otherCurrentLiab": 368824279, "longTermDebt": 635442232, "otherLiab": 127344903, "minorityInterest": 32127481, "totalCurrentLiabilities": 811804112, "totalLiab": 1574591247, "commonStock": 112926000, "retainedEarnings": -748655304, "treasuryStock": 1303804, "capitalSurplus": 973604960, "otherStockholderEquity": 1303804, "totalStockholderEquity": 339179460, "netTangibleAssets": 225138199}, {"maxAge": 1, "endDate": "2017-03-31", "cash": 17138395, "shortTermInvestments": 18099925, "netReceivables": 217956700, "inventory": 8267860, "otherCurrentAssets": 96591328, "totalCurrentAssets": 373804121, "longTermInvestments": 62695323, "propertyPlantEquipment": 888869704, "intangibleAssets": 104444365, "otherAssets": 498559842, "deferredLongTermAssetCharges": 21363427, "totalAssets": 1928373355, "accountsPayable": 263184009, "shortLongTermDebt": 46686025, "otherCurrentLiab": 270144639, "longTermDebt": 635255328, "otherLiab": 108571526, "minorityInterest": 30233660, "totalCurrentLiabilities": 767449807, "totalLiab": 1511276661, "commonStock": 112926000, "retainedEarnings": -700598115, "treasuryStock": 930189, "capitalSurplus": 973604960, "otherStockholderEquity": 930189, "totalStockholderEquity": 386863034, "netTangibleAssets": 282418669}], "maxAge": 86400}, "earningsTrend": {"trend": [{"maxAge": 1, "period": "0q", "endDate": null, "growth": {}, "earningsEstimate": {"avg": 0.0, "low": 0.0, "high": 0.0, "yearAgoEps": {}, "numberOfAnalysts": 0, "growth": {}}, "revenueEstimate": {"avg": 0, "low": 0, "high": 0, "numberOfAnalysts": 0, "yearAgoRevenue": {}, "growth": {}}, "epsTrend": {"current": 0.0, "7daysAgo": 0.0, "30daysAgo": 0.0, "60daysAgo": 0.0, "90daysAgo": 0.0}, "epsRevisions": {"upLast7days": 0, "upLast30days": 0, "downLast30days": 0, "downLast90days": {}}}, {"maxAge": 1, "period": "+1q", "endDate": null, "growth": {}, "earningsEstimate": {"avg": 0.0, "low": 0.0, "high": 0.0, "yearAgoEps": {}, "numberOfAnalysts": 0, "growth": {}}, "revenueEstimate": {"avg": 0, "low": 0, "high": 0, "numberOfAnalysts": 0, "yearAgoRevenue": {}, "growth": {}}, "epsTrend": {"current": 0.0, "7daysAgo": 0.0, "30daysAgo": 0.0, "60daysAgo": 0.0, "90daysAgo": 0.0}, "epsRevisions": {"upLast7days": 0, "upLast30days": 0, "downLast30days": 0, "downLast90days": {}}}, {"maxAge": 1, "period": "0y", "endDate": null, "growth": {}, "earningsEstimate": {"avg": 0.0, "low": 0.0, "high": 0.0, "yearAgoEps": {}, "numberOfAnalysts": 0, "growth": {}}, "revenueEstimate": {"avg": 0, "low": 0, "high": 0, "numberOfAnalysts": 0, "yearAgoRevenue": {}, "growth": {}}, "epsTrend": {"current": 0.0, "7daysAgo": 0.0, "30daysAgo": 0.0, "60daysAgo": 0.0, "90daysAgo": 0.0}, "epsRevisions": {"upLast7days": 0, "upLast30days": 0, "downLast30days": 0, "downLast90days": {}}}, {"maxAge": 1, "period": "+1y", "endDate": null, "growth": {}, "earningsEstimate": {"avg": 0.0, "low": 0.0, "high": 0.0, "yearAgoEps": {}, "numberOfAnalysts": 0, "growth": {}}, "revenueEstimate": {"avg": 0, "low": 0, "high": 0, "numberOfAnalysts": 0, "yearAgoRevenue": {}, "growth": {}}, "epsTrend": {"current": 0.0, "7daysAgo": 0.0, "30daysAgo": 0.0, "60daysAgo": 0.0, "90daysAgo": 0.0}, "epsRevisions": {"upLast7days": 0, "upLast30days": 0, "downLast30days": 0, "downLast90days": {}}}, {"maxAge": 1, "period": "+5y", "endDate": null, "growth": {}, "earningsEstimate": {"avg": {}, "low": {}, "high": {}, "yearAgoEps": {}, "numberOfAnalysts": {}, "growth": {}}, "revenueEstimate": {"avg": {}, "low": {}, "high": {}, "numberOfAnalysts": {}, "yearAgoRevenue": {}, "growth": {}}, "epsTrend": {"current": {}, "7daysAgo": {}, "30daysAgo": {}, "60daysAgo": {}, "90daysAgo": {}}, "epsRevisions": {"upLast7days": {}, "upLast30days": {}, "downLast30days": {}, "downLast90days": {}}}, {"maxAge": 1, "period": "-5y", "endDate": null, "growth": -0.33756, "earningsEstimate": {"avg": {}, "low": {}, "high": {}, "yearAgoEps": {}, "numberOfAnalysts": {}, "growth": {}}, "revenueEstimate": {"avg": {}, "low": {}, "high": {}, "numberOfAnalysts": {}, "yearAgoRevenue": {}, "growth": {}}, "epsTrend": {"current": {}, "7daysAgo": {}, "30daysAgo": {}, "60daysAgo": {}, "90daysAgo": {}}, "epsRevisions": {"upLast7days": {}, "upLast30days": {}, "downLast30days": {}, "downLast90days": {}}}], "maxAge": 1}, "institutionOwnership": {"maxAge": 1, "ownershipList": []}, "majorHoldersBreakdown": {"maxAge": 1, "insidersPercentHeld": 0.74598, "institutionsPercentHeld": 0.0, "institutionsFloatPercentHeld": 0.0, "institutionsCount": 0}, "balanceSheetHistoryQuarterly": {"balanceSheetStatements": [{"maxAge": 1, "endDate": "2020-12-31", "totalStockholderEquity": 39994000, "netTangibleAssets": -145553000}, {"maxAge": 1, "endDate": "2020-09-30", "cash": 150629000, "shortTermInvestments": 158772000, "netReceivables": 324368000, "inventory": 6916000, "otherCurrentAssets": 106918000, "totalCurrentAssets": 747603000, "longTermInvestments": 219539000, "propertyPlantEquipment": 1026264000, "intangibleAssets": 185547000, "otherAssets": 289459000, "deferredLongTermAssetCharges": 20107000, "totalAssets": 2468412000, "accountsPayable": 371499000, "otherCurrentLiab": 590476000, "longTermDebt": 652698000, "otherLiab": 617200000, "minorityInterest": 37462000, "totalCurrentLiabilities": 1121058000, "totalLiab": 2390956000, "commonStock": 113278000, "treasuryStock": -73284000, "otherStockholderEquity": -73284000, "totalStockholderEquity": 39994000, "netTangibleAssets": -145553000}, {"maxAge": 1, "endDate": "2020-06-30", "totalStockholderEquity": 86757000, "netTangibleAssets": -96042000}, {"maxAge": 1, "endDate": "2020-03-31", "cash": 32131577, "shortTermInvestments": 43998782, "netReceivables": 324761358, "inventory": 11606931, "otherCurrentAssets": 166783502, "totalCurrentAssets": 597068556, "longTermInvestments": 39747060, "propertyPlantEquipment": 1118667476, "intangibleAssets": 182799811, "otherAssets": 515740587, "deferredLongTermAssetCharges": 19000758, "totalAssets": 2454023490, "accountsPayable": 341254039, "shortLongTermDebt": 84573108, "otherCurrentLiab": 465117626, "longTermDebt": 619517084, "otherLiab": 491732215, "minorityInterest": 39163397, "totalCurrentLiabilities": 1216853507, "totalLiab": 2328102806, "commonStock": 112926000, "retainedEarnings": -1001509562, "treasuryStock": 1735889, "capitalSurplus": 973604960, "otherStockholderEquity": 1735889, "totalStockholderEquity": 86757287, "netTangibleAssets": -96042524}], "maxAge": 86400}, "earningsHistory": {"history": [{"maxAge": 1, "epsActual": {}, "epsEstimate": {}, "epsDifference": {}, "surprisePercent": {}, "quarter": {}, "period": "-4q"}, {"maxAge": 1, "epsActual": {}, "epsEstimate": {}, "epsDifference": {}, "surprisePercent": {}, "quarter": {}, "period": "-3q"}, {"maxAge": 1, "epsActual": {}, "epsEstimate": {}, "epsDifference": {}, "surprisePercent": {}, "quarter": {}, "period": "-2q"}, {"maxAge": 1, "epsActual": {}, "epsEstimate": {}, "epsDifference": {}, "surprisePercent": {}, "quarter": {}, "period": "-1q"}], "maxAge": 86400}, "summaryProfile": {"address1": "Mukta House", "address2": "3rd Floor, Filmcity Complex Behind Whistling Woods Institute Goregaon (East)", "city": "Mumbai", "zip": "400065", "country": "India", "phone": "91 22 3364 9400", "fax": "91 22 3364 9401", "website": "http://www.muktaarts.com", "industry": "Entertainment", "sector": "Communication Services", "longBusinessSummary": "Mukta Arts Limited engages in the production, distribution, and exhibition of films in India. It operates through five segments: Software Division, Equipment Division, Education, Theatrical Exhibition Division, and Others. The Software Division segment is involved in film/TV production and distribution operations. This segment produces/co-produces movies and television content, as well as offers related services; and acquires movie rights for overseas and Indian distribution. The Equipment Division segment provides production equipment to other production houses and independent producers on hire. The Education segment operates an education, research, and training institute that offer training in various skills related to films, television, and the media industry. The Theatrical Exhibition Division segment comprise of various services offered at theatres, including sale of tickets, catering of food and beverages, and providing advertising services at theatres, as well as related services. The Others segment engages in the facility rental business. Mukta Arts Limited was founded in 1982 and is based in Mumbai, India.", "fullTimeEmployees": 72, "companyOfficers": [], "maxAge": 86400}, "netSharePurchaseActivity": {"maxAge": 1, "period": "6m", "buyInfoCount": 0, "buyInfoShares": 0, "sellInfoCount": 0, "netInfoCount": 0, "netInfoShares": 0, "netPercentInsiderShares": 0.0, "totalInsiderShares": 17584548}, "insiderTransactions": {"transactions": [{"maxAge": 1, "shares": 76000, "value": 29890, "filerUrl": "", "transactionText": "Acquisition at price 0.39 per share.", "filerName": "Ghai (Subhash)", "filerRelation": "Director", "moneyText": "", "startDate": "2021-03-31", "ownership": "D"}], "maxAge": 1}, "sectorTrend": {"maxAge": 1, "symbol": null, "estimates": []}, "incomeStatementHistoryQuarterly": {"incomeStatementHistory": [{"maxAge": 1, "endDate": "2020-12-31", "totalRevenue": 230498000, "costOfRevenue": 27253000, "grossProfit": 203245000, "researchDevelopment": {}, "sellingGeneralAdministrative": 46705000, "nonRecurring": {}, "otherOperatingExpenses": 85094000, "totalOperatingExpenses": 206555000, "operatingIncome": 23943000, "totalOtherIncomeExpenseNet": -5572000, "ebit": 23943000, "interestExpense": -41429000, "incomeBeforeTax": 18371000, "incomeTaxExpense": 4699000, "minorityInterest": {}, "netIncomeFromContinuingOps": 13672000, "discontinuedOperations": {}, "extraordinaryItems": {}, "effectOfAccountingCharges": {}, "otherItems": {}, "netIncome": 13672000, "netIncomeApplicableToCommonShares": 13672000}, {"maxAge": 1, "endDate": "2020-09-30", "totalRevenue": 145855000, "costOfRevenue": 5652000, "grossProfit": 140203000, "researchDevelopment": {}, "sellingGeneralAdministrative": 50282000, "nonRecurring": {}, "otherOperatingExpenses": 96081000, "totalOperatingExpenses": 200706000, "operatingIncome": -54851000, "totalOtherIncomeExpenseNet": 3940000, "ebit": -54851000, "interestExpense": -30062000, "incomeBeforeTax": -50911000, "incomeTaxExpense": 313000, "minorityInterest": 37462000, "netIncomeFromContinuingOps": -51224000, "discontinuedOperations": {}, "extraordinaryItems": {}, "effectOfAccountingCharges": {}, "otherItems": {}, "netIncome": -51224000, "netIncomeApplicableToCommonShares": -51224000}, {"maxAge": 1, "endDate": "2020-06-30", "totalRevenue": 182528000, "costOfRevenue": 4771000, "grossProfit": 177757000, "researchDevelopment": {}, "sellingGeneralAdministrative": 58142000, "nonRecurring": {}, "otherOperatingExpenses": 70574000, "totalOperatingExpenses": 182102000, "operatingIncome": 426000, "totalOtherIncomeExpenseNet": 1260000, "ebit": 426000, "interestExpense": -31410000, "incomeBeforeTax": 1686000, "incomeTaxExpense": 1739000, "minorityInterest": 37462000, "netIncomeFromContinuingOps": -53000, "discontinuedOperations": {}, "extraordinaryItems": {}, "effectOfAccountingCharges": {}, "otherItems": {}, "netIncome": -53000, "netIncomeApplicableToCommonShares": -53000}, {"maxAge": 1, "endDate": "2020-03-31", "totalRevenue": 405634514, "costOfRevenue": 171127496, "grossProfit": 234507018, "researchDevelopment": {}, "sellingGeneralAdministrative": 245152336, "nonRecurring": {}, "otherOperatingExpenses": -29464891, "totalOperatingExpenses": 439394133, "operatingIncome": -33759619, "totalOtherIncomeExpenseNet": -20043328, "ebit": -33759619, "interestExpense": -34068309, "incomeBeforeTax": -53802947, "incomeTaxExpense": -4056261, "minorityInterest": 39163397, "netIncomeFromContinuingOps": -49746686, "discontinuedOperations": {}, "extraordinaryItems": {}, "effectOfAccountingCharges": {}, "otherItems": {}, "netIncome": -54409683, "netIncomeApplicableToCommonShares": -54409683}], "maxAge": 86400}, "cashflowStatementHistoryQuarterly": {"cashflowStatements": [{"maxAge": 1, "endDate": "2020-12-31", "netIncome": 13672000, "changeToLiabilities": 0}, {"maxAge": 1, "endDate": "2020-09-30", "netIncome": -51224000, "changeToLiabilities": 0}, {"maxAge": 1, "endDate": "2020-06-30", "netIncome": -53000, "changeToLiabilities": 0}, {"maxAge": 1, "endDate": "2020-03-31", "netIncome": -54409683, "changeToLiabilities": 0}], "maxAge": 86400}, "earnings": {"maxAge": 86400, "earningsChart": {"quarterly": [], "earningsDate": []}, "financialsChart": {"yearly": [{"date": 2017, "revenue": 996134075, "earnings": -79395851}, {"date": 2018, "revenue": 1243148265, "earnings": -49529323}, {"date": 2019, "revenue": 1618861108, "earnings": 25687556}, {"date": 2020, "revenue": 1716889514, "earnings": -87127683}], "quarterly": [{"date": "1Q2020", "revenue": 405634514, "earnings": -54409683}, {"date": "2Q2020", "revenue": 182528000, "earnings": -53000}, {"date": "3Q2020", "revenue": 145855000, "earnings": -51224000}, {"date": "4Q2020", "revenue": 230498000, "earnings": 13672000}]}, "financialCurrency": "INR"}, "financialData": {"maxAge": 86400, "currentPrice": 28.2, "recommendationKey": "none", "totalCash": 309400992, "totalCashPerShare": 13.126, "ebitda": 118198760, "totalDebt": 811780992, "totalRevenue": 964515520, "debtToEquity": 1048.054, "revenuePerShare": 42.738, "grossProfits": 1184240018, "revenueGrowth": -0.453, "grossMargins": 0.78350997, "ebitdaMargins": 0.12255, "operatingMargins": -0.06661, "profitMargins": -0.0954, "financialCurrency": "INR"}}}