{"MUL.BO": {"cashflowStatementHistory": {"cashflowStatements": [{"maxAge": 1, "endDate": "2020-03-31", "netIncome": -482721000, "depreciation": 40866000, "changeToNetincome": -185078000, "changeToAccountReceivables": 1353075000, "changeToLiabilities": -1151637000, "changeToInventory": 478306000, "changeToOperatingActivities": -63037000, "totalCashFromOperatingActivities": -10226000, "capitalExpenditures": -4782000, "investments": 5606000, "otherCashflowsFromInvestingActivities": 13420000, "totalCashflowsFromInvestingActivities": -836163000, "netBorrowings": 700172000, "totalCashFromFinancingActivities": 700172000, "changeInCash": -146217000}, {"maxAge": 1, "endDate": "2019-03-31", "netIncome": 43094869, "depreciation": 52721242, "changeToNetincome": -51336365, "changeToAccountReceivables": 704801509, "changeToLiabilities": -205271652, "changeToInventory": -101646248, "changeToOperatingActivities": 74971757, "totalCashFromOperatingActivities": 517357821, "capitalExpenditures": -22482538, "investments": -94200, "otherCashflowsFromInvestingActivities": 38579113, "totalCashflowsFromInvestingActivities": 17337375, "netBorrowings": -534659190, "totalCashFromFinancingActivities": -534659190, "changeInCash": 36006}, {"maxAge": 1, "endDate": "2018-03-31", "netIncome": 91905166, "depreciation": 50819578, "changeToNetincome": -81494098, "changeToAccountReceivables": -27789681, "changeToLiabilities": -309641508, "changeToInventory": -10326189, "changeToOperatingActivities": -220148368, "totalCashFromOperatingActivities": -506653942, "capitalExpenditures": -21520818, "investments": -43565, "otherCashflowsFromInvestingActivities": 85507503, "totalCashflowsFromInvestingActivities": 64018120, "dividendsPaid": -9990000, "netBorrowings": 456265534, "otherCashflowsFromFinancingActivities": -2090391, "totalCashFromFinancingActivities": 444185143, "changeInCash": 1549320}, {"maxAge": 1, "endDate": "2017-03-31", "netIncome": 93001593, "depreciation": 54728220, "changeToNetincome": -112213094, "changeToAccountReceivables": -1462935539, "changeToLiabilities": 598985963, "changeToInventory": -15150371, "changeToOperatingActivities": -169665613, "totalCashFromOperatingActivities": -1013192041, "capitalExpenditures": -53685658, "investments": 7454486, "otherCashflowsFromInvestingActivities": 92941396, "totalCashflowsFromInvestingActivities": 131042474, "dividendsPaid": -9990000, "netBorrowings": 810672369, "otherCashflowsFromFinancingActivities": -2090391, "totalCashFromFinancingActivities": 810672369, "changeInCash": -71477198}], "maxAge": 86400}, "institutionOwnership": {"ownershipList": [], "maxAge": 1}, "balanceSheetHistoryQuarterly": {"balanceSheetStatements": [{"maxAge": 1, "endDate": "2020-06-30", "totalStockholderEquity": 951879000, "netTangibleAssets": 951819000}, {"maxAge": 1, "endDate": "2020-03-31", "cash": 8541000, "netReceivables": 3425749000, "inventory": 645702000, "otherCurrentAssets": 25415000, "totalCurrentAssets": 4105407000, "longTermInvestments": 32604000, "propertyPlantEquipment": 499205000, "intangibleAssets": 60000, "otherAssets": 1076399000, "deferredLongTermAssetCharges": 141157000, "totalAssets": 5713675000, "accountsPayable": 960058000, "shortLongTermDebt": 182943000, "otherCurrentLiab": 131577000, "longTermDebt": 984159000, "otherLiab": -1000, "deferredLongTermLiab": 5554000, "totalCurrentLiabilities": 3777638000, "totalLiab": 4761796000, "commonStock": 133200000, "treasuryStock": 818679000, "otherStockholderEquity": 818679000, "totalStockholderEquity": 951879000, "netTangibleAssets": 951819000}, {"maxAge": 1, "endDate": "2019-12-31", "totalStockholderEquity": 1309816000, "netTangibleAssets": 1309726000}, {"maxAge": 1, "endDate": "2019-09-30", "cash": 115438000, "netReceivables": 4821298000, "inventory": 1182856000, "otherCurrentAssets": 32873000, "totalCurrentAssets": 6152465000, "longTermInvestments": 39092000, "propertyPlantEquipment": 529359000, "intangibleAssets": 90000, "otherAssets": 57351000, "totalAssets": 6778357000, "accountsPayable": 1844670000, "shortLongTermDebt": 384134000, "otherCurrentLiab": 253555000, "longTermDebt": 1162321000, "otherLiab": 29070000, "deferredLongTermLiab": 4074000, "totalCurrentLiabilities": 4277150000, "totalLiab": 5468541000, "commonStock": 133200000, "treasuryStock": 1176616000, "otherStockholderEquity": 1176616000, "totalStockholderEquity": 1309816000, "netTangibleAssets": 1309726000}], "maxAge": 86400}, "indexTrend": {"maxAge": 1, "symbol": "SP5", "peRatio": 19.7411, "pegRatio": 1.34172, "estimates": [{"period": "0q", "growth": 0.549}, {"period": "+1q", "growth": 0.431}, {"period": "0y", "growth": 0.305}, {"period": "+1y", "growth": 0.109}, {"period": "+5y", "growth": 0.120859005}, {"period": "-5y"}]}, "insiderTransactions": {"transactions": [{"maxAge": 1, "shares": 19000, "filerUrl": "", "transactionText": "", "filerName": "Sureka (Navneet Kumar)", "filerRelation": "Promoter", "moneyText": "", "startDate": "2019-08-23", "ownership": "D"}, {"maxAge": 1, "shares": 49000, "filerUrl": "", "transactionText": "", "filerName": "Sureka (Navneet Kumar)", "filerRelation": "Promoter", "moneyText": "", "startDate": "2019-06-28", "ownership": "D"}, {"maxAge": 1, "shares": 480000, "filerUrl": "", "transactionText": "", "filerName": "Sureka (Navneet Kumar)", "filerRelation": "Promoter", "moneyText": "", "startDate": "2019-06-21", "ownership": "D"}, {"maxAge": 1, "shares": 600000, "filerUrl": "", "transactionText": "", "filerName": "Sureka (Navneet Kumar)", "filerRelation": "Promoter", "moneyText": "", "startDate": "2019-06-01", "ownership": "D"}], "maxAge": 1}, "quoteType": {"exchange": "BSE", "quoteType": "EQUITY", "symbol": "MUL.BO", "underlyingSymbol": "MUL.BO", "shortName": "MAURIA UDYOG LIMITED", "longName": "Mauria Udyog Limited", "firstTradeDateEpochUtc": "2017-01-27 09:15:00", "timeZoneFullName": "Asia/Kolkata", "timeZoneShortName": "IST", "uuid": "db8ef550-7a39-339f-806e-7ba515ba0f80", "gmtOffSetMilliseconds": 19800000, "maxAge": 1}, "incomeStatementHistory": {"incomeStatementHistory": [{"maxAge": 1, "endDate": "2020-03-31", "totalRevenue": 5429547000, "costOfRevenue": 4929094000, "grossProfit": 500453000, "researchDevelopment": {}, "sellingGeneralAdministrative": 80155000, "nonRecurring": {}, "otherOperatingExpenses": 638840000, "totalOperatingExpenses": 5688955000, "operatingIncome": -259408000, "totalOtherIncomeExpenseNet": -393540000, "ebit": -259408000, "interestExpense": -243540000, "incomeBeforeTax": -652948000, "incomeTaxExpense": -170227000, "minorityInterest": {}, "netIncomeFromContinuingOps": -482721000, "discontinuedOperations": {}, "extraordinaryItems": {}, "effectOfAccountingCharges": {}, "otherItems": {}, "netIncome": -482721000, "netIncomeApplicableToCommonShares": -482721000}, {"maxAge": 1, "endDate": "2019-03-31", "totalRevenue": 11885983057, "costOfRevenue": 10030631780, "grossProfit": 1855351277, "researchDevelopment": {}, "sellingGeneralAdministrative": 100550586, "nonRecurring": {}, "otherOperatingExpenses": 1199852084, "totalOperatingExpenses": 11383778401, "operatingIncome": 502204656, "totalOtherIncomeExpenseNet": -434140908, "ebit": 502204656, "interestExpense": -469666492, "incomeBeforeTax": 68063748, "incomeTaxExpense": 24968879, "minorityInterest": {}, "netIncomeFromContinuingOps": 43094869, "discontinuedOperations": {}, "extraordinaryItems": {}, "effectOfAccountingCharges": {}, "otherItems": {}, "netIncome": 43094869, "netIncomeApplicableToCommonShares": 43094869}, {"maxAge": 1, "endDate": "2018-03-31", "totalRevenue": 13583040629, "costOfRevenue": 11278590603, "grossProfit": 2304450026, "researchDevelopment": {}, "sellingGeneralAdministrative": 116219407, "nonRecurring": {}, "otherOperatingExpenses": 1656443232, "totalOperatingExpenses": 13102093978, "operatingIncome": 480946651, "totalOtherIncomeExpenseNet": -328839440, "ebit": 480946651, "interestExpense": -413548298, "incomeBeforeTax": 152107211, "incomeTaxExpense": 60202045, "minorityInterest": {}, "netIncomeFromContinuingOps": 91905166, "discontinuedOperations": {}, "extraordinaryItems": {}, "effectOfAccountingCharges": {}, "otherItems": {}, "netIncome": 91905166, "netIncomeApplicableToCommonShares": 91905166}, {"maxAge": 1, "endDate": "2017-03-31", "totalRevenue": 12370223821, "costOfRevenue": 10295000067, "grossProfit": 2075223754, "researchDevelopment": {}, "sellingGeneralAdministrative": 78404392, "nonRecurring": {}, "otherOperatingExpenses": 1577240853, "totalOperatingExpenses": 12005430332, "operatingIncome": 364793489, "totalOtherIncomeExpenseNet": -221924622, "ebit": 364793489, "interestExpense": -340721547, "incomeBeforeTax": 142868867, "incomeTaxExpense": 49867274, "minorityInterest": {}, "netIncomeFromContinuingOps": 93001593, "discontinuedOperations": {}, "extraordinaryItems": {}, "effectOfAccountingCharges": {}, "otherItems": {}, "netIncome": 93001593, "netIncomeApplicableToCommonShares": 93001593}], "maxAge": 86400}, "fundOwnership": {"ownershipList": [], "maxAge": 1}, "summaryDetail": {"maxAge": 1, "priceHint": 2, "previousClose": 14.01, "open": 13.38, "dayLow": 13.38, "dayHigh": 14.71, "regularMarketPreviousClose": 14.01, "regularMarketOpen": 13.38, "regularMarketDayLow": 13.38, "regularMarketDayHigh": 14.71, "volume": 13989, "regularMarketVolume": 13989, "averageVolume": 8262, "averageVolume10days": 1268, "averageDailyVolume10Day": 1268, "bid": 14.4, "ask": 0.0, "bidSize": 0, "askSize": 0, "marketCap": 195537600, "fiftyTwoWeekLow": 8.38, "fiftyTwoWeekHigh": 78.5, "fiftyDayAverage": 14.926666, "twoHundredDayAverage": 12.381029, "trailingAnnualDividendRate": 0.25, "trailingAnnualDividendYield": 0.017844396, "currency": "INR", "fromCurrency": null, "lastMarket": null, "algorithm": null, "tradeable": false}, "incomeStatementHistoryQuarterly": {"incomeStatementHistory": [{"maxAge": 1, "endDate": "2020-06-30", "totalRevenue": 242018000, "costOfRevenue": 170398000, "grossProfit": 71620000, "researchDevelopment": {}, "sellingGeneralAdministrative": 10910000, "nonRecurring": {}, "otherOperatingExpenses": 104667000, "totalOperatingExpenses": 297075000, "operatingIncome": -55057000, "totalOtherIncomeExpenseNet": -650000, "ebit": -55057000, "interestExpense": -650000, "incomeBeforeTax": -55707000, "incomeTaxExpense": -19661000, "minorityInterest": {}, "netIncomeFromContinuingOps": -36046000, "discontinuedOperations": {}, "extraordinaryItems": {}, "effectOfAccountingCharges": {}, "otherItems": {}, "netIncome": -36046000, "netIncomeApplicableToCommonShares": -36046000}, {"maxAge": 1, "endDate": "2020-03-31", "totalRevenue": 842157000, "costOfRevenue": 1096228000, "grossProfit": -254071000, "researchDevelopment": {}, "sellingGeneralAdministrative": 21585000, "nonRecurring": {}, "otherOperatingExpenses": 168365000, "totalOperatingExpenses": 1293307000, "operatingIncome": -451150000, "totalOtherIncomeExpenseNet": -101868000, "ebit": -451150000, "interestExpense": -650000, "incomeBeforeTax": -553018000, "incomeTaxExpense": -179883000, "minorityInterest": {}, "netIncomeFromContinuingOps": -373135000, "discontinuedOperations": {}, "extraordinaryItems": {}, "effectOfAccountingCharges": {}, "otherItems": {}, "netIncome": -373135000, "netIncomeApplicableToCommonShares": -373135000}, {"maxAge": 1, "endDate": "2019-12-31", "totalRevenue": 187443000, "costOfRevenue": 57551000, "grossProfit": 129892000, "researchDevelopment": {}, "sellingGeneralAdministrative": 16664000, "nonRecurring": {}, "otherOperatingExpenses": 32134000, "totalOperatingExpenses": 113891000, "operatingIncome": 73552000, "totalOtherIncomeExpenseNet": -79119000, "ebit": 73552000, "interestExpense": -79120000, "incomeBeforeTax": -5567000, "incomeTaxExpense": 0, "minorityInterest": {}, "netIncomeFromContinuingOps": -5567000, "discontinuedOperations": {}, "extraordinaryItems": {}, "effectOfAccountingCharges": {}, "otherItems": {}, "netIncome": -5567000, "netIncomeApplicableToCommonShares": -5567000}, {"maxAge": 1, "endDate": "2019-09-30", "totalRevenue": 1739918000, "costOfRevenue": 1507779000, "grossProfit": 232139000, "researchDevelopment": {}, "sellingGeneralAdministrative": 21632000, "nonRecurring": {}, "otherOperatingExpenses": 202929000, "totalOperatingExpenses": 1745340000, "operatingIncome": -5422000, "totalOtherIncomeExpenseNet": -121099000, "ebit": -5422000, "interestExpense": -121099000, "incomeBeforeTax": -126521000, "incomeTaxExpense": 0, "minorityInterest": {}, "netIncomeFromContinuingOps": -126521000, "discontinuedOperations": {}, "extraordinaryItems": {}, "effectOfAccountingCharges": {}, "otherItems": {}, "netIncome": -126521000, "netIncomeApplicableToCommonShares": -126521000}], "maxAge": 86400}, "cashflowStatementHistoryQuarterly": {"cashflowStatements": [{"maxAge": 1, "endDate": "2020-06-30", "netIncome": -36046000, "changeToLiabilities": 0}, {"maxAge": 1, "endDate": "2020-03-31", "netIncome": -373135000, "changeToLiabilities": 0}, {"maxAge": 1, "endDate": "2019-12-31", "netIncome": -5567000, "changeToLiabilities": 0}, {"maxAge": 1, "endDate": "2019-09-30", "netIncome": -126521000, "changeToLiabilities": 0}], "maxAge": 86400}, "insiderHolders": {"holders": [{"maxAge": 1, "name": "Sureka (Navneet Kumar)", "relation": "Promoter", "url": "", "transactionDescription": "Purchase", "latestTransDate": "2019-08-23", "positionDirect": 2215340, "positionDirectDate": "2019-08-23"}], "maxAge": 1}, "calendarEvents": {"maxAge": 1, "earnings": {"earningsDate": ["2020-09-15 05:30:S"]}}, "upgradeDowngradeHistory": {"history": [], "maxAge": 86400}, "price": {"maxAge": 1, "regularMarketChangePercent": 0.04782299, "regularMarketChange": 0.6700001, "regularMarketTime": "2021-04-30 15:09:25", "priceHint": 2, "regularMarketPrice": 14.68, "regularMarketDayHigh": 14.71, "regularMarketDayLow": 13.38, "regularMarketVolume": 13989, "averageDailyVolume10Day": 1268, "averageDailyVolume3Month": 8262, "regularMarketPreviousClose": 14.01, "regularMarketSource": "FREE_REALTIME", "regularMarketOpen": 13.38, "exchange": "BSE", "exchangeName": "BSE", "exchangeDataDelayedBy": 0, "marketState": "CLOSED", "quoteType": "EQUITY", "symbol": "MUL.BO", "underlyingSymbol": null, "shortName": "MAURIA UDYOG LIMITED", "longName": "Mauria Udyog Limited", "currency": "INR", "quoteSourceName": "Delayed Quote", "currencySymbol": "\u20b9", "fromCurrency": null, "lastMarket": null, "marketCap": 195537600}, "balanceSheetHistory": {"balanceSheetStatements": [{"maxAge": 1, "endDate": "2020-03-31", "cash": 8541000, "netReceivables": 3425749000, "inventory": 645702000, "otherCurrentAssets": 25415000, "totalCurrentAssets": 4105407000, "longTermInvestments": 32604000, "propertyPlantEquipment": 499205000, "intangibleAssets": 60000, "otherAssets": 1076399000, "deferredLongTermAssetCharges": 141157000, "totalAssets": 5713675000, "accountsPayable": 960058000, "shortLongTermDebt": 182943000, "otherCurrentLiab": 131577000, "longTermDebt": 984159000, "otherLiab": -1000, "deferredLongTermLiab": 5554000, "totalCurrentLiabilities": 3777638000, "totalLiab": 4761796000, "commonStock": 133200000, "treasuryStock": 818679000, "otherStockholderEquity": 818679000, "totalStockholderEquity": 951879000, "netTangibleAssets": 951819000}, {"maxAge": 1, "endDate": "2019-03-31", "cash": 154757887, "shortTermInvestments": 102124000, "netReceivables": 3962898986, "inventory": 1124008088, "otherCurrentAssets": 843615869, "totalCurrentAssets": 6085280830, "longTermInvestments": 39106810, "propertyPlantEquipment": 552322558, "intangibleAssets": 61753, "otherAssets": 71233235, "deferredLongTermAssetCharges": 4939000, "totalAssets": 6748005186, "accountsPayable": 2111694575, "shortLongTermDebt": 176695145, "otherCurrentLiab": 208019210, "longTermDebt": 1189694100, "otherLiab": 29069512, "deferredLongTermLiab": 4938707, "totalCurrentLiabilities": 4114804755, "totalLiab": 5333568367, "commonStock": 133200000, "retainedEarnings": 1081011419, "treasuryStock": 200225400, "otherStockholderEquity": 200225400, "totalStockholderEquity": 1414436819, "netTangibleAssets": 1414375066}, {"maxAge": 1, "endDate": "2018-03-31", "cash": 154721880, "netReceivables": 5185079140, "inventory": 1022361840, "otherCurrentAssets": 347170595, "totalCurrentAssets": 6709333455, "longTermInvestments": 37107681, "propertyPlantEquipment": 584688465, "intangibleAssets": 84462, "otherAssets": 71318911, "totalAssets": 7402532974, "accountsPayable": 2316966227, "shortLongTermDebt": 160752888, "otherCurrentLiab": 171836978, "longTermDebt": 1232949032, "otherLiab": 33100633, "deferredLongTermLiab": 3668627, "totalCurrentLiabilities": 4769207895, "totalLiab": 6035257560, "commonStock": 133200000, "retainedEarnings": 1033850014, "treasuryStock": 200225400, "otherStockholderEquity": 200225400, "totalStockholderEquity": 1367275414, "netTangibleAssets": 1367190952}, {"maxAge": 1, "endDate": "2017-03-31", "cash": 153172560, "netReceivables": 4632341362, "inventory": 1012035651, "otherCurrentAssets": 874001263, "totalCurrentAssets": 6671550836, "longTermInvestments": 34589913, "propertyPlantEquipment": 614379456, "intangibleAssets": 90959, "otherAssets": 65617950, "totalAssets": 7386229114, "accountsPayable": 2626607735, "shortLongTermDebt": 165598576, "otherCurrentLiab": 376991576, "longTermDebt": 1082720549, "otherLiab": 34898588, "deferredLongTermLiab": 1293269, "totalCurrentLiabilities": 4982914702, "totalLiab": 6100533839, "commonStock": 133200000, "retainedEarnings": 1145425469, "treasuryStock": 7069806, "otherStockholderEquity": 7069806, "totalStockholderEquity": 1285695275, "netTangibleAssets": 1285604316}], "maxAge": 86400}, "financialData": {"maxAge": 86400, "currentPrice": 14.68, "recommendationKey": "none", "grossProfits": 500453000, "financialCurrency": "INR"}}}