{"MULTIBASE.BO": {"recommendationTrend": {"trend": [{"period": "0m", "strongBuy": 0, "buy": 0, "hold": 0, "sell": 0, "strongSell": 0}, {"period": "-1m", "strongBuy": 0, "buy": 0, "hold": 0, "sell": 0, "strongSell": 0}, {"period": "-2m", "strongBuy": 0, "buy": 0, "hold": 0, "sell": 0, "strongSell": 0}, {"period": "-3m", "strongBuy": 0, "buy": 0, "hold": 0, "sell": 0, "strongSell": 0}], "maxAge": 86400}, "cashflowStatementHistory": {"cashflowStatements": [{"maxAge": 1, "endDate": "2020-03-31", "netIncome": 75399000, "depreciation": 9588000, "changeToNetincome": -25340000, "changeToAccountReceivables": 62328000, "changeToLiabilities": 7703000, "changeToInventory": 53451000, "changeToOperatingActivities": 20703000, "totalCashFromOperatingActivities": 203832000, "capitalExpenditures": -15182000, "otherCashflowsFromInvestingActivities": 11217000, "totalCashflowsFromInvestingActivities": -3425000, "otherCashflowsFromFinancingActivities": 105000000, "totalCashFromFinancingActivities": 105000000, "changeInCash": 305407000}, {"maxAge": 1, "endDate": "2019-03-31", "netIncome": 153552000, "depreciation": 8751000, "changeToNetincome": -33121000, "changeToAccountReceivables": 54079000, "changeToLiabilities": -194340000, "changeToInventory": 67688000, "changeToOperatingActivities": -4892000, "totalCashFromOperatingActivities": 51717000, "capitalExpenditures": -11992000, "investments": 300000000, "otherCashflowsFromInvestingActivities": 29637000, "totalCashflowsFromInvestingActivities": 317669000, "otherCashflowsFromFinancingActivities": -105000000, "totalCashFromFinancingActivities": -105000000, "changeInCash": 264386000}, {"maxAge": 1, "endDate": "2018-03-31", "netIncome": 195525000, "depreciation": 8135000, "changeToNetincome": -28483000, "changeToAccountReceivables": -44673000, "changeToLiabilities": 182183000, "changeToInventory": -46048000, "changeToOperatingActivities": -15195000, "totalCashFromOperatingActivities": 251444000, "capitalExpenditures": -16971000, "investments": -300000000, "otherCashflowsFromInvestingActivities": 17086000, "totalCashflowsFromInvestingActivities": -299885000, "otherCashflowsFromFinancingActivities": -105000000, "totalCashFromFinancingActivities": -105000000, "changeInCash": -48441000}, {"maxAge": 1, "endDate": "2017-03-31", "netIncome": 132845030, "depreciation": 6783308, "changeToNetincome": -8342926, "changeToAccountReceivables": -65482433, "changeToLiabilities": 37578852, "changeToInventory": -64365125, "changeToOperatingActivities": 6535975, "totalCashFromOperatingActivities": 45552681, "capitalExpenditures": -17361444, "investments": -300000000, "otherCashflowsFromInvestingActivities": 55268190, "totalCashflowsFromInvestingActivities": 38122746, "otherCashflowsFromFinancingActivities": -105000000, "totalCashFromFinancingActivities": -105000000, "changeInCash": 83675428}], "maxAge": 86400}, "institutionOwnership": {"ownershipList": [], "maxAge": 1}, "balanceSheetHistoryQuarterly": {"balanceSheetStatements": [{"maxAge": 1, "endDate": "2020-06-30", "totalStockholderEquity": 1069101000, "netTangibleAssets": 1069101000}, {"maxAge": 1, "endDate": "2020-03-31", "cash": 795275000, "netReceivables": 121523000, "inventory": 114987000, "otherCurrentAssets": 6959000, "totalCurrentAssets": 1039016000, "propertyPlantEquipment": 110562000, "otherAssets": 16079000, "totalAssets": 1165657000, "accountsPayable": 77787000, "otherLiab": 14146000, "totalCurrentLiabilities": 82410000, "totalLiab": 96556000, "commonStock": 126200000, "retainedEarnings": 929824000, "treasuryStock": 1377000, "capitalSurplus": 11700000, "otherStockholderEquity": 1377000, "totalStockholderEquity": 1069101000, "netTangibleAssets": 1069101000}, {"maxAge": 1, "endDate": "2019-12-31", "totalStockholderEquity": 1037246000, "netTangibleAssets": 1037246000}, {"maxAge": 1, "endDate": "2019-09-30", "cash": 806764000, "netReceivables": 108226000, "inventory": 146194000, "otherCurrentAssets": 6549000, "totalCurrentAssets": 1067733000, "propertyPlantEquipment": 106195000, "otherAssets": 18259000, "totalAssets": 1192187000, "accountsPayable": 137598000, "otherLiab": 15262000, "totalCurrentLiabilities": 139679000, "totalLiab": 154941000, "commonStock": 126200000, "treasuryStock": 911046000, "otherStockholderEquity": 911046000, "totalStockholderEquity": 1037246000, "netTangibleAssets": 1037246000}], "maxAge": 86400}, "earningsHistory": {"history": [{"maxAge": 1, "epsActual": {}, "epsEstimate": {}, "epsDifference": {}, "surprisePercent": {}, "quarter": {}, "period": "-4q"}, {"maxAge": 1, "epsActual": 3.24, "epsEstimate": 2.6, "epsDifference": 0.64, "surprisePercent": 0.246, "quarter": "2017-03-31", "period": "-3q"}, {"maxAge": 1, "epsActual": 3.1, "epsEstimate": 3.16, "epsDifference": -0.06, "surprisePercent": -0.019, "quarter": "2017-06-30", "period": "-2q"}, {"maxAge": 1, "epsActual": 3.29, "epsEstimate": 4.52, "epsDifference": -1.23, "surprisePercent": -0.272, "quarter": "2018-06-30", "period": "-1q"}], "maxAge": 86400}, "indexTrend": {"maxAge": 1, "symbol": "SP5", "peRatio": 19.7411, "pegRatio": 1.34172, "estimates": [{"period": "0q", "growth": 0.549}, {"period": "+1q", "growth": 0.431}, {"period": "0y", "growth": 0.305}, {"period": "+1y", "growth": 0.109}, {"period": "+5y", "growth": 0.120859005}, {"period": "-5y"}]}, "industryTrend": {"maxAge": 1, "symbol": null, "estimates": []}, "quoteType": {"exchange": "BSE", "quoteType": "EQUITY", "symbol": "MULTIBASE.BO", "underlyingSymbol": "MULTIBASE.BO", "shortName": "MULTIBASE INDIA LTD.", "longName": "Multibase India Limited", "firstTradeDateEpochUtc": "2000-01-03 09:15:00", "timeZoneFullName": "Asia/Kolkata", "timeZoneShortName": "IST", "uuid": "d6f0f8a8-22d5-340f-b8d4-0ba5cb646f94", "gmtOffSetMilliseconds": 19800000, "maxAge": 1}, "incomeStatementHistory": {"incomeStatementHistory": [{"maxAge": 1, "endDate": "2020-03-31", "totalRevenue": 597761000, "costOfRevenue": 403689000, "grossProfit": 194072000, "researchDevelopment": {}, "sellingGeneralAdministrative": 51067000, "nonRecurring": {}, "otherOperatingExpenses": 71590000, "totalOperatingExpenses": 535934000, "operatingIncome": 61827000, "totalOtherIncomeExpenseNet": 37765000, "ebit": 61827000, "interestExpense": {}, "incomeBeforeTax": 99592000, "incomeTaxExpense": 24193000, "minorityInterest": {}, "netIncomeFromContinuingOps": 75399000, "discontinuedOperations": {}, "extraordinaryItems": {}, "effectOfAccountingCharges": {}, "otherItems": {}, "netIncome": 75399000, "netIncomeApplicableToCommonShares": 75399000}, {"maxAge": 1, "endDate": "2019-03-31", "totalRevenue": 1099396000, "costOfRevenue": 758614000, "grossProfit": 340782000, "researchDevelopment": {}, "sellingGeneralAdministrative": 40200000, "nonRecurring": {}, "otherOperatingExpenses": 88227000, "totalOperatingExpenses": 895792000, "operatingIncome": 203604000, "totalOtherIncomeExpenseNet": 14167000, "ebit": 203604000, "interestExpense": {}, "incomeBeforeTax": 217771000, "incomeTaxExpense": 64219000, "minorityInterest": {}, "netIncomeFromContinuingOps": 153552000, "discontinuedOperations": {}, "extraordinaryItems": {}, "effectOfAccountingCharges": {}, "otherItems": {}, "netIncome": 153552000, "netIncomeApplicableToCommonShares": 153552000}, {"maxAge": 1, "endDate": "2018-03-31", "totalRevenue": 1085492000, "costOfRevenue": 664360000, "grossProfit": 421132000, "researchDevelopment": {}, "sellingGeneralAdministrative": 41048000, "nonRecurring": {}, "otherOperatingExpenses": 90944000, "totalOperatingExpenses": 804487000, "operatingIncome": 281005000, "totalOtherIncomeExpenseNet": 17699000, "ebit": 281005000, "interestExpense": {}, "incomeBeforeTax": 298704000, "incomeTaxExpense": 103179000, "minorityInterest": {}, "netIncomeFromContinuingOps": 195525000, "discontinuedOperations": {}, "extraordinaryItems": {}, "effectOfAccountingCharges": {}, "otherItems": {}, "netIncome": 195525000, "netIncomeApplicableToCommonShares": 195525000}, {"maxAge": 1, "endDate": "2017-03-31", "totalRevenue": 867124878, "costOfRevenue": 550745301, "grossProfit": 316379577, "researchDevelopment": {}, "sellingGeneralAdministrative": 40516105, "nonRecurring": {}, "otherOperatingExpenses": 84470253, "totalOperatingExpenses": 682514967, "operatingIncome": 184609911, "totalOtherIncomeExpenseNet": 18449921, "ebit": 184609911, "interestExpense": {}, "incomeBeforeTax": 203059832, "incomeTaxExpense": 70214802, "minorityInterest": {}, "netIncomeFromContinuingOps": 132845030, "discontinuedOperations": {}, "extraordinaryItems": {}, "effectOfAccountingCharges": {}, "otherItems": {}, "netIncome": 132845030, "netIncomeApplicableToCommonShares": 132845030}], "maxAge": 86400}, "fundOwnership": {"ownershipList": [], "maxAge": 1}, "summaryDetail": {"maxAge": 1, "priceHint": 2, "previousClose": 185.55, "open": 184.0, "dayLow": 184.0, "dayHigh": 195.7, "regularMarketPreviousClose": 185.55, "regularMarketOpen": 184.0, "regularMarketDayLow": 184.0, "regularMarketDayHigh": 195.7, "trailingPE": 49.518105, "forwardPE": 16.852839, "volume": 13670, "regularMarketVolume": 13670, "averageVolume": 12182, "averageVolume10days": 3241, "averageDailyVolume10Day": 3241, "bid": 0.0, "ask": 190.1, "bidSize": 0, "askSize": 0, "marketCap": 2399062016, "fiftyTwoWeekLow": 70.0, "fiftyTwoWeekHigh": 209.9, "fiftyDayAverage": 176.28334, "twoHundredDayAverage": 156.16986, "currency": "INR", "fromCurrency": null, "lastMarket": null, "algorithm": null, "tradeable": false}, "sectorTrend": {"maxAge": 1, "symbol": null, "estimates": []}, "incomeStatementHistoryQuarterly": {"incomeStatementHistory": [{"maxAge": 1, "endDate": "2020-06-30", "totalRevenue": 43056000, "costOfRevenue": 29132000, "grossProfit": 13924000, "researchDevelopment": {}, "sellingGeneralAdministrative": 10090000, "nonRecurring": {}, "otherOperatingExpenses": 14131000, "totalOperatingExpenses": 55992000, "operatingIncome": -12936000, "totalOtherIncomeExpenseNet": 11594000, "ebit": -12936000, "interestExpense": {}, "incomeBeforeTax": -1342000, "incomeTaxExpense": -349000, "minorityInterest": {}, "netIncomeFromContinuingOps": -993000, "discontinuedOperations": {}, "extraordinaryItems": {}, "effectOfAccountingCharges": {}, "otherItems": {}, "netIncome": -993000, "netIncomeApplicableToCommonShares": -993000}, {"maxAge": 1, "endDate": "2020-03-31", "totalRevenue": 135892000, "costOfRevenue": 88665000, "grossProfit": 47227000, "researchDevelopment": {}, "sellingGeneralAdministrative": 11863000, "nonRecurring": {}, "otherOperatingExpenses": 11549000, "totalOperatingExpenses": 114586000, "operatingIncome": 21306000, "totalOtherIncomeExpenseNet": 5023000, "ebit": 21306000, "interestExpense": {}, "incomeBeforeTax": 26329000, "incomeTaxExpense": 5722000, "minorityInterest": {}, "netIncomeFromContinuingOps": 20607000, "discontinuedOperations": {}, "extraordinaryItems": {}, "effectOfAccountingCharges": {}, "otherItems": {}, "netIncome": 20607000, "netIncomeApplicableToCommonShares": 20607000}, {"maxAge": 1, "endDate": "2019-12-31", "totalRevenue": 143459000, "costOfRevenue": 98550000, "grossProfit": 44909000, "researchDevelopment": {}, "sellingGeneralAdministrative": 14837000, "nonRecurring": {}, "otherOperatingExpenses": 21380000, "totalOperatingExpenses": 137166000, "operatingIncome": 6293000, "totalOtherIncomeExpenseNet": 7663000, "ebit": 6293000, "interestExpense": {}, "incomeBeforeTax": 13956000, "incomeTaxExpense": 4405000, "minorityInterest": {}, "netIncomeFromContinuingOps": 9551000, "discontinuedOperations": {}, "extraordinaryItems": {}, "effectOfAccountingCharges": {}, "otherItems": {}, "netIncome": 9551000, "netIncomeApplicableToCommonShares": 9551000}, {"maxAge": 1, "endDate": "2019-09-30", "totalRevenue": 155200000, "costOfRevenue": 99324000, "grossProfit": 55876000, "researchDevelopment": {}, "sellingGeneralAdministrative": 10886000, "nonRecurring": {}, "otherOperatingExpenses": 21556000, "totalOperatingExpenses": 134203000, "operatingIncome": 20997000, "totalOtherIncomeExpenseNet": 1439000, "ebit": 20997000, "interestExpense": {}, "incomeBeforeTax": 22436000, "incomeTaxExpense": 3322000, "minorityInterest": {}, "netIncomeFromContinuingOps": 19114000, "discontinuedOperations": {}, "extraordinaryItems": {}, "effectOfAccountingCharges": {}, "otherItems": {}, "netIncome": 19114000, "netIncomeApplicableToCommonShares": 19114000}], "maxAge": 86400}, "cashflowStatementHistoryQuarterly": {"cashflowStatements": [{"maxAge": 1, "endDate": "2020-06-30", "netIncome": -993000, "changeToLiabilities": 0}, {"maxAge": 1, "endDate": "2020-03-31", "netIncome": 20607000, "changeToLiabilities": 0}, {"maxAge": 1, "endDate": "2019-12-31", "netIncome": 9551000, "changeToLiabilities": 0}, {"maxAge": 1, "endDate": "2019-09-30", "netIncome": 19114000, "changeToLiabilities": 0}], "maxAge": 86400}, "insiderHolders": {"holders": [], "maxAge": 1}, "earnings": {"maxAge": 86400, "earningsChart": {"quarterly": [{"date": "1Q2017", "actual": 3.24, "estimate": 2.6}, {"date": "2Q2017", "actual": 3.1, "estimate": 3.16}, {"date": "2Q2018", "actual": 3.29, "estimate": 4.52}], "currentQuarterEstimateDate": "3Q", "currentQuarterEstimateYear": 2018, "earningsDate": []}, "financialsChart": {"yearly": [{"date": 2017, "revenue": 867124878, "earnings": 132845030}, {"date": 2018, "revenue": 1085492000, "earnings": 195525000}, {"date": 2019, "revenue": 1099396000, "earnings": 153552000}, {"date": 2020, "revenue": 597761000, "earnings": 75399000}], "quarterly": [{"date": "3Q2019", "revenue": 155200000, "earnings": 19114000}, {"date": "4Q2019", "revenue": 143459000, "earnings": 9551000}, {"date": "1Q2020", "revenue": 135892000, "earnings": 20607000}, {"date": "2Q2020", "revenue": 43056000, "earnings": -993000}]}, "financialCurrency": "INR"}, "calendarEvents": {"maxAge": 1, "earnings": {"earningsDate": [], "revenueAverage": 31103700000}}, "upgradeDowngradeHistory": {"history": [], "maxAge": 86400}, "price": {"maxAge": 1, "regularMarketChangePercent": 0.024521708, "regularMarketChange": 4.550003, "regularMarketTime": "2021-04-30 15:46:43", "priceHint": 2, "regularMarketPrice": 190.1, "regularMarketDayHigh": 195.7, "regularMarketDayLow": 184.0, "regularMarketVolume": 13670, "averageDailyVolume10Day": 3241, "averageDailyVolume3Month": 12182, "regularMarketPreviousClose": 185.55, "regularMarketSource": "FREE_REALTIME", "regularMarketOpen": 184.0, "exchange": "BSE", "exchangeName": "BSE", "exchangeDataDelayedBy": 0, "marketState": "CLOSED", "quoteType": "EQUITY", "symbol": "MULTIBASE.BO", "underlyingSymbol": null, "shortName": "MULTIBASE INDIA LTD.", "longName": "Multibase India Limited", "currency": "INR", "quoteSourceName": "Delayed Quote", "currencySymbol": "\u20b9", "fromCurrency": null, "lastMarket": null, "marketCap": 2399062016}, "balanceSheetHistory": {"balanceSheetStatements": [{"maxAge": 1, "endDate": "2020-03-31", "cash": 795275000, "netReceivables": 121523000, "inventory": 114987000, "otherCurrentAssets": 6959000, "totalCurrentAssets": 1039016000, "propertyPlantEquipment": 110562000, "otherAssets": 16079000, "totalAssets": 1165657000, "accountsPayable": 77787000, "otherLiab": 14146000, "totalCurrentLiabilities": 82410000, "totalLiab": 96556000, "commonStock": 126200000, "retainedEarnings": 929824000, "treasuryStock": 1377000, "capitalSurplus": 11700000, "otherStockholderEquity": 1377000, "totalStockholderEquity": 1069101000, "netTangibleAssets": 1069101000}, {"maxAge": 1, "endDate": "2019-03-31", "cash": 489868000, "shortTermInvestments": 440000, "netReceivables": 291092000, "inventory": 170796000, "otherCurrentAssets": 35753000, "totalCurrentAssets": 988261000, "propertyPlantEquipment": 98420000, "otherAssets": 22962000, "totalAssets": 1109643000, "accountsPayable": 89066000, "otherCurrentLiab": 13200000, "otherLiab": 14873000, "totalCurrentLiabilities": 102608000, "totalLiab": 117481000, "commonStock": 126200000, "retainedEarnings": 854425000, "treasuryStock": -163000, "capitalSurplus": 11700000, "otherStockholderEquity": -163000, "totalStockholderEquity": 992162000, "netTangibleAssets": 992162000}, {"maxAge": 1, "endDate": "2018-03-31", "cash": 225482000, "shortTermInvestments": 300000000, "netReceivables": 242507000, "inventory": 238484000, "otherCurrentAssets": 33599000, "totalCurrentAssets": 1041034000, "propertyPlantEquipment": 98270000, "otherAssets": 15802000, "totalAssets": 1155106000, "accountsPayable": 282955000, "otherLiab": 13899000, "totalCurrentLiabilities": 302282000, "totalLiab": 316181000, "commonStock": 126200000, "retainedEarnings": 700873000, "treasuryStock": 152000, "capitalSurplus": 11700000, "otherStockholderEquity": 152000, "totalStockholderEquity": 838925000, "netTangibleAssets": 838925000}, {"maxAge": 1, "endDate": "2017-03-31", "cash": 273921815, "netReceivables": 194476520, "inventory": 192437090, "otherCurrentAssets": 11548287, "totalCurrentAssets": 673708467, "propertyPlantEquipment": 89034126, "otherAssets": 5243989, "totalAssets": 767986582, "accountsPayable": 98710964, "otherLiab": 10468052, "totalCurrentLiabilities": 114119973, "totalLiab": 124588025, "commonStock": 126200000, "retainedEarnings": 505348005, "treasuryStock": 150552, "capitalSurplus": 11700000, "otherStockholderEquity": 150552, "totalStockholderEquity": 643398557, "netTangibleAssets": 643398557}], "maxAge": 86400}, "earningsTrend": {"trend": [{"maxAge": 1, "period": "0q", "endDate": "2018-09-30", "growth": {}, "earningsEstimate": {"avg": 0.0, "low": 0.0, "high": 0.0, "yearAgoEps": {}, "numberOfAnalysts": 0, "growth": {}}, "revenueEstimate": {"avg": 31103700000, "low": 0, "high": 0, "numberOfAnalysts": 0, "yearAgoRevenue": 280194000, "growth": 110.007996}, "epsTrend": {"current": 0.0, "7daysAgo": 0.0, "30daysAgo": 0.0, "60daysAgo": 0.0, "90daysAgo": 0.0}, "epsRevisions": {"upLast7days": 0, "upLast30days": 0, "downLast30days": 0, "downLast90days": {}}}, {"maxAge": 1, "period": "+1q", "endDate": "2018-12-31", "growth": {}, "earningsEstimate": {"avg": 0.0, "low": 0.0, "high": 0.0, "yearAgoEps": 3.24, "numberOfAnalysts": 0, "growth": {}}, "revenueEstimate": {"avg": 0, "low": 0, "high": 0, "numberOfAnalysts": 0, "yearAgoRevenue": {}, "growth": {}}, "epsTrend": {"current": 0.0, "7daysAgo": 0.0, "30daysAgo": 0.0, "60daysAgo": 0.0, "90daysAgo": 0.0}, "epsRevisions": {"upLast7days": 0, "upLast30days": 0, "downLast30days": 0, "downLast90days": {}}}, {"maxAge": 1, "period": "0y", "endDate": "2019-03-31", "growth": {}, "earningsEstimate": {"avg": 0.0, "low": 0.0, "high": 0.0, "yearAgoEps": {}, "numberOfAnalysts": 0, "growth": {}}, "revenueEstimate": {"avg": 1271280000, "low": 1271280000, "high": 1271280000, "numberOfAnalysts": 1, "yearAgoRevenue": 1085490000, "growth": 0.171}, "epsTrend": {"current": 0.0, "7daysAgo": 18.56, "30daysAgo": 18.56, "60daysAgo": 18.56, "90daysAgo": 18.56}, "epsRevisions": {"upLast7days": 0, "upLast30days": 0, "downLast30days": 0, "downLast90days": {}}}, {"maxAge": 1, "period": "+1y", "endDate": "2020-03-31", "growth": {}, "earningsEstimate": {"avg": 0.0, "low": 0.0, "high": 0.0, "yearAgoEps": {}, "numberOfAnalysts": 0, "growth": {}}, "revenueEstimate": {"avg": 1474690000, "low": 1474690000, "high": 1474690000, "numberOfAnalysts": 1, "yearAgoRevenue": 1271280000, "growth": 0.16}, "epsTrend": {"current": 0.0, "7daysAgo": 21.73, "30daysAgo": 21.73, "60daysAgo": 21.73, "90daysAgo": 21.73}, "epsRevisions": {"upLast7days": 0, "upLast30days": 0, "downLast30days": 0, "downLast90days": {}}}, {"maxAge": 1, "period": "+5y", "endDate": null, "growth": {}, "earningsEstimate": {"avg": {}, "low": {}, "high": {}, "yearAgoEps": {}, "numberOfAnalysts": {}, "growth": {}}, "revenueEstimate": {"avg": {}, "low": {}, "high": {}, "numberOfAnalysts": {}, "yearAgoRevenue": {}, "growth": {}}, "epsTrend": {"current": {}, "7daysAgo": {}, "30daysAgo": {}, "60daysAgo": {}, "90daysAgo": {}}, "epsRevisions": {"upLast7days": {}, "upLast30days": {}, "downLast30days": {}, "downLast90days": {}}}, {"maxAge": 1, "period": "-5y", "endDate": null, "growth": {}, "earningsEstimate": {"avg": {}, "low": {}, "high": {}, "yearAgoEps": {}, "numberOfAnalysts": {}, "growth": {}}, "revenueEstimate": {"avg": {}, "low": {}, "high": {}, "numberOfAnalysts": {}, "yearAgoRevenue": {}, "growth": {}}, "epsTrend": {"current": {}, "7daysAgo": {}, "30daysAgo": {}, "60daysAgo": {}, "90daysAgo": {}}, "epsRevisions": {"upLast7days": {}, "upLast30days": {}, "downLast30days": {}, "downLast90days": {}}}], "maxAge": 1}, "financialData": {"maxAge": 86400, "currentPrice": 190.1, "targetHighPrice": 470.0, "targetLowPrice": 470.0, "targetMeanPrice": 470.0, "targetMedianPrice": 470.0, "recommendationKey": "none", "numberOfAnalystOpinions": 1, "grossProfits": 194072000, "financialCurrency": "INR"}}}