{"MUNJALAU.BO": {"recommendationTrend": {"trend": [{"period": "0m", "strongBuy": 0, "buy": 0, "hold": 0, "sell": 0, "strongSell": 0}, {"period": "-1m", "strongBuy": 0, "buy": 0, "hold": 0, "sell": 0, "strongSell": 0}, {"period": "-2m", "strongBuy": 0, "buy": 0, "hold": 0, "sell": 0, "strongSell": 0}, {"period": "-3m", "strongBuy": 0, "buy": 0, "hold": 0, "sell": 0, "strongSell": 0}], "maxAge": 86400}, "cashflowStatementHistory": {"cashflowStatements": [{"maxAge": 1, "endDate": "2020-03-31", "netIncome": 41218000, "depreciation": 325240000, "changeToNetincome": 95366000, "changeToAccountReceivables": -1069411000, "changeToLiabilities": 1314929000, "changeToInventory": -181649000, "changeToOperatingActivities": 332963000, "totalCashFromOperatingActivities": 866999000, "capitalExpenditures": -1284774000, "investments": -128961000, "otherCashflowsFromInvestingActivities": 14675000, "totalCashflowsFromInvestingActivities": -1391127000, "dividendsPaid": -100000000, "netBorrowings": 725711000, "otherCashflowsFromFinancingActivities": -151861000, "totalCashFromFinancingActivities": 473850000, "changeInCash": -50278000}, {"maxAge": 1, "endDate": "2019-03-31", "netIncome": 359666000, "depreciation": 194810000, "changeToNetincome": 49316000, "changeToAccountReceivables": 118193000, "changeToLiabilities": 53870000, "changeToInventory": -388806000, "changeToOperatingActivities": -136403000, "totalCashFromOperatingActivities": 257227000, "capitalExpenditures": -662498000, "investments": 561213000, "otherCashflowsFromInvestingActivities": 2601000, "totalCashflowsFromInvestingActivities": -149528000, "dividendsPaid": -120000000, "netBorrowings": 132252000, "otherCashflowsFromFinancingActivities": -63121000, "totalCashFromFinancingActivities": -50869000, "changeInCash": 56829000}, {"maxAge": 1, "endDate": "2018-03-31", "netIncome": 415903000, "depreciation": 194810000, "changeToNetincome": 49316000, "changeToAccountReceivables": 118193000, "changeToLiabilities": 0, "changeToInventory": -388806000, "changeToOperatingActivities": -136403000, "totalCashFromOperatingActivities": 257227000, "capitalExpenditures": -662498000, "investments": 561213000, "otherCashflowsFromInvestingActivities": 2601000, "totalCashflowsFromInvestingActivities": -149528000, "dividendsPaid": -120000000, "netBorrowings": 132252000, "otherCashflowsFromFinancingActivities": -63121000, "totalCashFromFinancingActivities": -50869000, "changeInCash": 56829000}, {"maxAge": 1, "endDate": "2017-03-31", "netIncome": 317666404, "depreciation": 171583933, "changeToNetincome": 42130922, "changeToAccountReceivables": -51225870, "changeToLiabilities": 99923802, "changeToInventory": 31565210, "changeToOperatingActivities": 65360778, "totalCashFromOperatingActivities": 679548468, "capitalExpenditures": -199476004, "investments": -205641484, "otherCashflowsFromInvestingActivities": 18817521, "totalCashflowsFromInvestingActivities": -380452168, "dividendsPaid": -120000000, "netBorrowings": -249056986, "otherCashflowsFromFinancingActivities": -56396382, "totalCashFromFinancingActivities": -305453368, "changeInCash": -6357068}], "maxAge": 86400}, "institutionOwnership": {"ownershipList": [], "maxAge": 1}, "balanceSheetHistoryQuarterly": {"balanceSheetStatements": [{"maxAge": 1, "endDate": "2020-06-30", "totalStockholderEquity": 2889263000, "netTangibleAssets": 2858316000}, {"maxAge": 1, "endDate": "2020-03-31", "cash": 155817000, "netReceivables": 2706615000, "inventory": 927639000, "otherCurrentAssets": 126708000, "totalCurrentAssets": 4149303000, "propertyPlantEquipment": 3420565000, "goodWill": 4605000, "intangibleAssets": 26342000, "otherAssets": 362172000, "deferredLongTermAssetCharges": 124748000, "totalAssets": 7962987000, "accountsPayable": 2825016000, "shortLongTermDebt": 143215000, "otherCurrentLiab": 113846000, "longTermDebt": 932493000, "otherLiab": 92308000, "minorityInterest": 116464000, "totalCurrentLiabilities": 3623632000, "totalLiab": 4957260000, "commonStock": 200000000, "retainedEarnings": 2689054000, "treasuryStock": 209000, "otherStockholderEquity": 209000, "totalStockholderEquity": 2889263000, "netTangibleAssets": 2858316000}, {"maxAge": 1, "endDate": "2019-12-31", "totalStockholderEquity": 2911721000, "netTangibleAssets": 2885888000}, {"maxAge": 1, "endDate": "2019-09-30", "cash": 33601000, "shortTermInvestments": 22850000, "netReceivables": 2182586000, "inventory": 591062000, "otherCurrentAssets": 50858000, "totalCurrentAssets": 2880957000, "propertyPlantEquipment": 3212585000, "goodWill": 4605000, "intangibleAssets": 21228000, "otherAssets": 359192000, "deferredLongTermAssetCharges": 124611000, "totalAssets": 6478567000, "accountsPayable": 1480104000, "otherCurrentLiab": 673815000, "longTermDebt": 749279000, "otherLiab": 86345000, "minorityInterest": 116028000, "totalCurrentLiabilities": 2435505000, "totalLiab": 3450818000, "commonStock": 200000000, "treasuryStock": 2711721000, "otherStockholderEquity": 2711721000, "totalStockholderEquity": 2911721000, "netTangibleAssets": 2885888000}], "maxAge": 86400}, "earningsHistory": {"history": [{"maxAge": 1, "epsActual": {}, "epsEstimate": {}, "epsDifference": {}, "surprisePercent": {}, "quarter": {}, "period": "-4q"}, {"maxAge": 1, "epsActual": {}, "epsEstimate": {}, "epsDifference": {}, "surprisePercent": {}, "quarter": {}, "period": "-3q"}, {"maxAge": 1, "epsActual": {}, "epsEstimate": {}, "epsDifference": {}, "surprisePercent": {}, "quarter": {}, "period": "-2q"}, {"maxAge": 1, "epsActual": {}, "epsEstimate": {}, "epsDifference": {}, "surprisePercent": {}, "quarter": {}, "period": "-1q"}], "maxAge": 86400}, "indexTrend": {"maxAge": 1, "symbol": "SP5", "peRatio": 19.7411, "pegRatio": 1.34172, "estimates": [{"period": "0q", "growth": 0.549}, {"period": "+1q", "growth": 0.431}, {"period": "0y", "growth": 0.305}, {"period": "+1y", "growth": 0.109}, {"period": "+5y", "growth": 0.120865}, {"period": "-5y"}]}, "industryTrend": {"maxAge": 1, "symbol": null, "estimates": []}, "quoteType": {"exchange": "BSE", "quoteType": "EQUITY", "symbol": "MUNJALAU.BO", "underlyingSymbol": "MUNJALAU.BO", "shortName": "MUNJAL AUTO INDUSTRIES LTD.", "longName": "Munjal Auto Industries Limited", "firstTradeDateEpochUtc": "2002-07-01 09:15:00", "timeZoneFullName": "Asia/Kolkata", "timeZoneShortName": "IST", "uuid": "3f694579-569a-3379-bdc7-ff73a991ca7d", "gmtOffSetMilliseconds": 19800000, "maxAge": 1}, "incomeStatementHistory": {"incomeStatementHistory": [{"maxAge": 1, "endDate": "2020-03-31", "totalRevenue": 12355671000, "costOfRevenue": 9433108000, "grossProfit": 2922563000, "researchDevelopment": {}, "sellingGeneralAdministrative": 1116168000, "nonRecurring": {}, "otherOperatingExpenses": 1354173000, "totalOperatingExpenses": 12218725000, "operatingIncome": 136946000, "totalOtherIncomeExpenseNet": -69586000, "ebit": 136946000, "interestExpense": -111322000, "incomeBeforeTax": 67360000, "incomeTaxExpense": 29973000, "minorityInterest": 116464000, "netIncomeFromContinuingOps": 37387000, "discontinuedOperations": {}, "extraordinaryItems": {}, "effectOfAccountingCharges": {}, "otherItems": {}, "netIncome": 41218000, "netIncomeApplicableToCommonShares": 41218000}, {"maxAge": 1, "endDate": "2019-03-31", "totalRevenue": 12140343000, "costOfRevenue": 9170378000, "grossProfit": 2969965000, "researchDevelopment": {}, "sellingGeneralAdministrative": 935975000, "nonRecurring": {}, "otherOperatingExpenses": 1317137000, "totalOperatingExpenses": 11636694000, "operatingIncome": 503649000, "totalOtherIncomeExpenseNet": -16766000, "ebit": 503649000, "interestExpense": -40265000, "incomeBeforeTax": 486883000, "incomeTaxExpense": 113872000, "minorityInterest": 120020000, "netIncomeFromContinuingOps": 373011000, "discontinuedOperations": {}, "extraordinaryItems": {}, "effectOfAccountingCharges": {}, "otherItems": {}, "netIncome": 359666000, "netIncomeApplicableToCommonShares": 359666000}, {"maxAge": 1, "endDate": "2018-03-31", "totalRevenue": 10330685000, "costOfRevenue": 7939905000, "grossProfit": 2390780000, "researchDevelopment": {}, "sellingGeneralAdministrative": 614166000, "nonRecurring": {}, "otherOperatingExpenses": 1051361000, "totalOperatingExpenses": 9787302000, "operatingIncome": 543383000, "totalOtherIncomeExpenseNet": 720000, "ebit": 543383000, "interestExpense": -43273000, "incomeBeforeTax": 544103000, "incomeTaxExpense": 128200000, "minorityInterest": 120020000, "netIncomeFromContinuingOps": 415903000, "discontinuedOperations": {}, "extraordinaryItems": {}, "effectOfAccountingCharges": {}, "otherItems": {}, "netIncome": 415903000, "netIncomeApplicableToCommonShares": 415903000}, {"maxAge": 1, "endDate": "2017-03-31", "totalRevenue": 8499269104, "costOfRevenue": 6396431541, "grossProfit": 2102837563, "researchDevelopment": {}, "sellingGeneralAdministrative": 574148773, "nonRecurring": {}, "otherOperatingExpenses": 919801683, "totalOperatingExpenses": 8062343695, "operatingIncome": 436925409, "totalOtherIncomeExpenseNet": -28786738, "ebit": 436925409, "interestExpense": -53737104, "incomeBeforeTax": 408138671, "incomeTaxExpense": 90472267, "minorityInterest": 120020000, "netIncomeFromContinuingOps": 317666404, "discontinuedOperations": {}, "extraordinaryItems": {}, "effectOfAccountingCharges": {}, "otherItems": {}, "netIncome": 317666404, "netIncomeApplicableToCommonShares": 317666404}], "maxAge": 86400}, "fundOwnership": {"ownershipList": [], "maxAge": 1}, "summaryDetail": {"maxAge": 1, "priceHint": 2, "previousClose": 52.05, "open": 51.9, "dayLow": 51.65, "dayHigh": 53.15, "regularMarketPreviousClose": 52.05, "regularMarketOpen": 51.9, "regularMarketDayLow": 51.65, "regularMarketDayHigh": 53.15, "forwardPE": 5.7127314, "volume": 6275, "regularMarketVolume": 6275, "averageVolume": 44489, "averageVolume10days": 13178, "averageDailyVolume10Day": 13178, "bid": 51.75, "ask": 52.6, "bidSize": 0, "askSize": 0, "marketCap": 5249999872, "fiftyTwoWeekLow": 19.9, "fiftyTwoWeekHigh": 68.5, "fiftyDayAverage": 59.872726, "twoHundredDayAverage": 56.31103, "trailingAnnualDividendRate": 1.0, "trailingAnnualDividendYield": 0.019212296, "currency": "INR", "fromCurrency": null, "lastMarket": null, "algorithm": null, "tradeable": false}, "sectorTrend": {"maxAge": 1, "symbol": null, "estimates": []}, "incomeStatementHistoryQuarterly": {"incomeStatementHistory": [{"maxAge": 1, "endDate": "2020-06-30", "totalRevenue": 2127395000, "costOfRevenue": 1797784000, "grossProfit": 329611000, "researchDevelopment": {}, "sellingGeneralAdministrative": 183654000, "nonRecurring": {}, "otherOperatingExpenses": 169428000, "totalOperatingExpenses": 2249580000, "operatingIncome": -122185000, "totalOtherIncomeExpenseNet": -701000, "ebit": -122185000, "interestExpense": -37147000, "incomeBeforeTax": -122886000, "incomeTaxExpense": -622000, "minorityInterest": {}, "netIncomeFromContinuingOps": -122264000, "discontinuedOperations": {}, "extraordinaryItems": {}, "effectOfAccountingCharges": {}, "otherItems": {}, "netIncome": -113089000, "netIncomeApplicableToCommonShares": -113089000}, {"maxAge": 1, "endDate": "2020-03-31", "totalRevenue": 3420504000, "costOfRevenue": 2759735000, "grossProfit": 660769000, "researchDevelopment": {}, "sellingGeneralAdministrative": 299684000, "nonRecurring": {}, "otherOperatingExpenses": 267660000, "totalOperatingExpenses": 3419464000, "operatingIncome": 1040000, "totalOtherIncomeExpenseNet": -20371000, "ebit": 1040000, "interestExpense": -47893000, "incomeBeforeTax": -19331000, "incomeTaxExpense": -5493000, "minorityInterest": 116464000, "netIncomeFromContinuingOps": -13838000, "discontinuedOperations": {}, "extraordinaryItems": {}, "effectOfAccountingCharges": {}, "otherItems": {}, "netIncome": -18411000, "netIncomeApplicableToCommonShares": -18411000}, {"maxAge": 1, "endDate": "2019-12-31", "totalRevenue": 2714389000, "costOfRevenue": 1975859000, "grossProfit": 738530000, "researchDevelopment": {}, "sellingGeneralAdministrative": 272707000, "nonRecurring": {}, "otherOperatingExpenses": 366345000, "totalOperatingExpenses": 2697803000, "operatingIncome": 16586000, "totalOtherIncomeExpenseNet": -23531000, "ebit": 16586000, "interestExpense": -24457000, "incomeBeforeTax": -6945000, "incomeTaxExpense": -323000, "minorityInterest": 116464000, "netIncomeFromContinuingOps": -6622000, "discontinuedOperations": {}, "extraordinaryItems": {}, "effectOfAccountingCharges": {}, "otherItems": {}, "netIncome": -2428000, "netIncomeApplicableToCommonShares": -2428000}, {"maxAge": 1, "endDate": "2019-09-30", "totalRevenue": 3211030000, "costOfRevenue": 2440551000, "grossProfit": 770479000, "researchDevelopment": {}, "sellingGeneralAdministrative": 287508000, "nonRecurring": {}, "otherOperatingExpenses": 376297000, "totalOperatingExpenses": 3176477000, "operatingIncome": 34553000, "totalOtherIncomeExpenseNet": -5301000, "ebit": 34553000, "interestExpense": -22164000, "incomeBeforeTax": 29252000, "incomeTaxExpense": 15390000, "minorityInterest": 116028000, "netIncomeFromContinuingOps": 13862000, "discontinuedOperations": {}, "extraordinaryItems": {}, "effectOfAccountingCharges": {}, "otherItems": {}, "netIncome": 19117000, "netIncomeApplicableToCommonShares": 19117000}], "maxAge": 86400}, "cashflowStatementHistoryQuarterly": {"cashflowStatements": [{"maxAge": 1, "endDate": "2020-06-30", "netIncome": -113089000, "changeToLiabilities": 0}, {"maxAge": 1, "endDate": "2020-03-31", "netIncome": -18411000, "changeToLiabilities": 0}, {"maxAge": 1, "endDate": "2019-12-31", "netIncome": -2428000, "changeToLiabilities": 0}, {"maxAge": 1, "endDate": "2019-09-30", "netIncome": 19117000, "changeToLiabilities": 0}], "maxAge": 86400}, "insiderHolders": {"holders": [], "maxAge": 1}, "earnings": {"maxAge": 86400, "earningsChart": {"quarterly": [], "earningsDate": []}, "financialsChart": {"yearly": [{"date": 2017, "revenue": 8499269104, "earnings": 317666404}, {"date": 2018, "revenue": 10330685000, "earnings": 415903000}, {"date": 2019, "revenue": 12140343000, "earnings": 359666000}, {"date": 2020, "revenue": 12355671000, "earnings": 41218000}], "quarterly": [{"date": "3Q2019", "revenue": 3211030000, "earnings": 19117000}, {"date": "4Q2019", "revenue": 2714389000, "earnings": -2428000}, {"date": "1Q2020", "revenue": 3420504000, "earnings": -18411000}, {"date": "2Q2020", "revenue": 2127395000, "earnings": -113089000}]}, "financialCurrency": "INR"}, "calendarEvents": {"maxAge": 1, "earnings": {"earningsDate": []}}, "upgradeDowngradeHistory": {"history": [], "maxAge": 86400}, "price": {"maxAge": 1, "regularMarketChangePercent": 0.008645548, "regularMarketChange": 0.45000076, "regularMarketTime": "2021-04-30 15:29:07", "priceHint": 2, "regularMarketPrice": 52.5, "regularMarketDayHigh": 53.15, "regularMarketDayLow": 51.65, "regularMarketVolume": 6275, "averageDailyVolume10Day": 13178, "averageDailyVolume3Month": 44489, "regularMarketPreviousClose": 52.05, "regularMarketSource": "FREE_REALTIME", "regularMarketOpen": 51.9, "exchange": "BSE", "exchangeName": "BSE", "exchangeDataDelayedBy": 0, "marketState": "CLOSED", "quoteType": "EQUITY", "symbol": "MUNJALAU.BO", "underlyingSymbol": null, "shortName": "MUNJAL AUTO INDUSTRIES LTD.", "longName": "Munjal Auto Industries Limited", "currency": "INR", "quoteSourceName": "Delayed Quote", "currencySymbol": "\u20b9", "fromCurrency": null, "lastMarket": null, "marketCap": 5249999872}, "balanceSheetHistory": {"balanceSheetStatements": [{"maxAge": 1, "endDate": "2020-03-31", "cash": 155817000, "netReceivables": 2706615000, "inventory": 927639000, "otherCurrentAssets": 126708000, "totalCurrentAssets": 4149303000, "propertyPlantEquipment": 3420565000, "goodWill": 4605000, "intangibleAssets": 26342000, "otherAssets": 362172000, "deferredLongTermAssetCharges": 124748000, "totalAssets": 7962987000, "accountsPayable": 2825016000, "shortLongTermDebt": 143215000, "otherCurrentLiab": 113846000, "longTermDebt": 932493000, "otherLiab": 92308000, "minorityInterest": 116464000, "totalCurrentLiabilities": 3623632000, "totalLiab": 4957260000, "commonStock": 200000000, "retainedEarnings": 2689054000, "treasuryStock": 209000, "otherStockholderEquity": 209000, "totalStockholderEquity": 2889263000, "netTangibleAssets": 2858316000}, {"maxAge": 1, "endDate": "2019-03-31", "cash": 206080000, "netReceivables": 1631554000, "inventory": 745989000, "otherCurrentAssets": 65695000, "totalCurrentAssets": 2749241000, "propertyPlantEquipment": 2223614000, "goodWill": 4605000, "intangibleAssets": 23246000, "otherAssets": 641183000, "deferredLongTermAssetCharges": 134056000, "totalAssets": 5641889000, "accountsPayable": 1510282000, "shortLongTermDebt": 104459000, "otherCurrentLiab": 204775000, "longTermDebt": 265482000, "otherLiab": 68602000, "minorityInterest": 120020000, "totalCurrentLiabilities": 2200579000, "totalLiab": 2550768000, "commonStock": 200000000, "retainedEarnings": 2770892000, "treasuryStock": 209000, "otherStockholderEquity": 209000, "totalStockholderEquity": 2971101000, "netTangibleAssets": 2943250000}, {"maxAge": 1, "endDate": "2018-03-31", "cash": 157245000, "shortTermInvestments": 627343000, "netReceivables": 1596963000, "inventory": 272712000, "otherCurrentAssets": 58065000, "totalCurrentAssets": 2712328000, "propertyPlantEquipment": 1732449000, "intangibleAssets": 24302000, "otherAssets": 347701000, "deferredLongTermAssetCharges": 127433000, "totalAssets": 4816780000, "accountsPayable": 1355068000, "shortLongTermDebt": 869000, "otherCurrentLiab": 424420000, "longTermDebt": 160924000, "otherLiab": 49003000, "totalCurrentLiabilities": 1780357000, "totalLiab": 1990284000, "commonStock": 200000000, "treasuryStock": 2626496000, "otherStockholderEquity": 2626496000, "totalStockholderEquity": 2826496000, "netTangibleAssets": 2802194000}, {"maxAge": 1, "endDate": "2017-03-31", "cash": 22912200, "shortTermInvestments": 448158624, "netReceivables": 1329694977, "inventory": 242538219, "otherCurrentAssets": 63474886, "totalCurrentAssets": 2121270735, "propertyPlantEquipment": 1867183845, "intangibleAssets": 17509989, "otherAssets": 361300697, "totalAssets": 4367265266, "accountsPayable": 1025404848, "shortLongTermDebt": 146397332, "otherCurrentLiab": 32990465, "longTermDebt": 288947670, "otherLiab": 168960615, "totalCurrentLiabilities": 1405796767, "totalLiab": 1863705052, "commonStock": 100000000, "retainedEarnings": 2403351064, "treasuryStock": 209150, "otherStockholderEquity": 209150, "totalStockholderEquity": 2503560214, "netTangibleAssets": 2486050225}], "maxAge": 86400}, "earningsTrend": {"trend": [{"maxAge": 1, "period": "0q", "endDate": null, "growth": {}, "earningsEstimate": {"avg": 0.0, "low": 0.0, "high": 0.0, "yearAgoEps": {}, "numberOfAnalysts": 0, "growth": {}}, "revenueEstimate": {"avg": 0, "low": 0, "high": 0, "numberOfAnalysts": 0, "yearAgoRevenue": {}, "growth": {}}, "epsTrend": {"current": 0.0, "7daysAgo": 0.0, "30daysAgo": 0.0, "60daysAgo": 0.0, "90daysAgo": 0.0}, "epsRevisions": {"upLast7days": 0, "upLast30days": 0, "downLast30days": 0, "downLast90days": {}}}, {"maxAge": 1, "period": "+1q", "endDate": null, "growth": {}, "earningsEstimate": {"avg": 0.0, "low": 0.0, "high": 0.0, "yearAgoEps": {}, "numberOfAnalysts": 0, "growth": {}}, "revenueEstimate": {"avg": 0, "low": 0, "high": 0, "numberOfAnalysts": 0, "yearAgoRevenue": {}, "growth": {}}, "epsTrend": {"current": 0.0, "7daysAgo": 0.0, "30daysAgo": 0.0, "60daysAgo": 0.0, "90daysAgo": 0.0}, "epsRevisions": {"upLast7days": 0, "upLast30days": 0, "downLast30days": 0, "downLast90days": {}}}, {"maxAge": 1, "period": "0y", "endDate": null, "growth": {}, "earningsEstimate": {"avg": 0.0, "low": 0.0, "high": 0.0, "yearAgoEps": {}, "numberOfAnalysts": 0, "growth": {}}, "revenueEstimate": {"avg": 0, "low": 0, "high": 0, "numberOfAnalysts": 0, "yearAgoRevenue": {}, "growth": {}}, "epsTrend": {"current": 0.0, "7daysAgo": 0.0, "30daysAgo": 0.0, "60daysAgo": 0.0, "90daysAgo": 0.0}, "epsRevisions": {"upLast7days": 0, "upLast30days": 0, "downLast30days": 0, "downLast90days": {}}}, {"maxAge": 1, "period": "+1y", "endDate": null, "growth": {}, "earningsEstimate": {"avg": 0.0, "low": 0.0, "high": 0.0, "yearAgoEps": {}, "numberOfAnalysts": 0, "growth": {}}, "revenueEstimate": {"avg": 0, "low": 0, "high": 0, "numberOfAnalysts": 0, "yearAgoRevenue": {}, "growth": {}}, "epsTrend": {"current": 0.0, "7daysAgo": 0.0, "30daysAgo": 0.0, "60daysAgo": 0.0, "90daysAgo": 0.0}, "epsRevisions": {"upLast7days": 0, "upLast30days": 0, "downLast30days": 0, "downLast90days": {}}}, {"maxAge": 1, "period": "+5y", "endDate": null, "growth": {}, "earningsEstimate": {"avg": {}, "low": {}, "high": {}, "yearAgoEps": {}, "numberOfAnalysts": {}, "growth": {}}, "revenueEstimate": {"avg": {}, "low": {}, "high": {}, "numberOfAnalysts": {}, "yearAgoRevenue": {}, "growth": {}}, "epsTrend": {"current": {}, "7daysAgo": {}, "30daysAgo": {}, "60daysAgo": {}, "90daysAgo": {}}, "epsRevisions": {"upLast7days": {}, "upLast30days": {}, "downLast30days": {}, "downLast90days": {}}}, {"maxAge": 1, "period": "-5y", "endDate": null, "growth": {}, "earningsEstimate": {"avg": {}, "low": {}, "high": {}, "yearAgoEps": {}, "numberOfAnalysts": {}, "growth": {}}, "revenueEstimate": {"avg": {}, "low": {}, "high": {}, "numberOfAnalysts": {}, "yearAgoRevenue": {}, "growth": {}}, "epsTrend": {"current": {}, "7daysAgo": {}, "30daysAgo": {}, "60daysAgo": {}, "90daysAgo": {}}, "epsRevisions": {"upLast7days": {}, "upLast30days": {}, "downLast30days": {}, "downLast90days": {}}}], "maxAge": 1}, "financialData": {"maxAge": 86400, "currentPrice": 52.5, "targetHighPrice": 144.0, "targetLowPrice": 144.0, "targetMeanPrice": 144.0, "targetMedianPrice": 144.0, "recommendationKey": "none", "numberOfAnalystOpinions": 1, "grossProfits": 2922563000, "financialCurrency": "INR"}}}