{"MUNJALSHOW.BO": {"recommendationTrend": {"trend": [{"period": "0m", "strongBuy": 0, "buy": 0, "hold": 0, "sell": 0, "strongSell": 0}, {"period": "-1m", "strongBuy": 0, "buy": 0, "hold": 0, "sell": 0, "strongSell": 0}, {"period": "-2m", "strongBuy": 0, "buy": 0, "hold": 0, "sell": 0, "strongSell": 0}, {"period": "-3m", "strongBuy": 0, "buy": 0, "hold": 0, "sell": 0, "strongSell": 0}], "maxAge": 86400}, "cashflowStatementHistory": {"cashflowStatements": [{"maxAge": 1, "endDate": "2020-03-31", "netIncome": 425370000, "depreciation": 181817000, "changeToNetincome": -140271000, "changeToAccountReceivables": 590485000, "changeToLiabilities": -430948000, "changeToInventory": 74944000, "changeToOperatingActivities": -66599000, "totalCashFromOperatingActivities": 656747000, "capitalExpenditures": -201965000, "investments": -630706000, "otherCashflowsFromInvestingActivities": 8537000, "totalCashflowsFromInvestingActivities": -822986000, "dividendsPaid": -179808000, "otherCashflowsFromFinancingActivities": -41248000, "totalCashFromFinancingActivities": -221056000, "changeInCash": -387295000}, {"maxAge": 1, "endDate": "2019-03-31", "netIncome": 625950000, "depreciation": 242971000, "changeToNetincome": -282558000, "changeToAccountReceivables": 458497000, "changeToLiabilities": -409036000, "changeToInventory": -171823000, "changeToOperatingActivities": -70706000, "totalCashFromOperatingActivities": 409742000, "capitalExpenditures": -143403000, "investments": 168110000, "otherCashflowsFromInvestingActivities": 9250000, "totalCashflowsFromInvestingActivities": 34778000, "dividendsPaid": -179978000, "otherCashflowsFromFinancingActivities": -38027000, "totalCashFromFinancingActivities": -218005000, "changeInCash": 226515000}, {"maxAge": 1, "endDate": "2018-03-31", "netIncome": 775142000, "depreciation": 268138000, "changeToNetincome": -207989000, "changeToAccountReceivables": -506958000, "changeToLiabilities": 496614000, "changeToInventory": -12746000, "changeToOperatingActivities": 136372000, "totalCashFromOperatingActivities": 962881000, "capitalExpenditures": -67052000, "investments": -576422000, "otherCashflowsFromInvestingActivities": 7328000, "totalCashflowsFromInvestingActivities": -633636000, "dividendsPaid": -159980000, "otherCashflowsFromFinancingActivities": -34061000, "totalCashFromFinancingActivities": -194041000, "changeInCash": 135204000}, {"maxAge": 1, "endDate": "2017-03-31", "netIncome": 607133000, "depreciation": 271205000, "changeToNetincome": -245510000, "changeToAccountReceivables": 49265000, "changeToLiabilities": 24057000, "changeToInventory": 12507000, "changeToOperatingActivities": 96866000, "totalCashFromOperatingActivities": 834938000, "capitalExpenditures": -84710000, "investments": -763213000, "otherCashflowsFromInvestingActivities": 54531000, "totalCashflowsFromInvestingActivities": -793179000, "dividendsPaid": -159980000, "otherCashflowsFromFinancingActivities": -540000, "totalCashFromFinancingActivities": -540000, "changeInCash": 41219000}], "maxAge": 86400}, "institutionOwnership": {"ownershipList": [], "maxAge": 1}, "balanceSheetHistoryQuarterly": {"balanceSheetStatements": [{"maxAge": 1, "endDate": "2020-06-30", "totalStockholderEquity": 6325515000, "netTangibleAssets": 6302522000}, {"maxAge": 1, "endDate": "2020-03-31", "cash": 30420000, "netReceivables": 1421387000, "inventory": 728458000, "otherCurrentAssets": 66848000, "totalCurrentAssets": 5045816000, "longTermInvestments": 423927000, "propertyPlantEquipment": 1447283000, "intangibleAssets": 22993000, "otherAssets": 671172000, "deferredLongTermAssetCharges": 35300000, "totalAssets": 7611191000, "accountsPayable": 1008037000, "otherCurrentLiab": 65386000, "otherLiab": 25191000, "totalCurrentLiabilities": 1260485000, "totalLiab": 1285676000, "commonStock": 79990000, "retainedEarnings": 6267181000, "treasuryStock": -21656000, "otherStockholderEquity": -21656000, "totalStockholderEquity": 6325515000, "netTangibleAssets": 6302522000}, {"maxAge": 1, "endDate": "2019-12-31", "totalStockholderEquity": 6161268000, "netTangibleAssets": 6144780000}, {"maxAge": 1, "endDate": "2019-09-30", "cash": 119455000, "shortTermInvestments": 2137365000, "netReceivables": 2074642000, "inventory": 726767000, "otherCurrentAssets": 141885000, "totalCurrentAssets": 5200114000, "longTermInvestments": 573340000, "propertyPlantEquipment": 1447407000, "intangibleAssets": 16488000, "otherAssets": 648592000, "deferredLongTermAssetCharges": 33816000, "totalAssets": 7885941000, "accountsPayable": 1345568000, "otherCurrentLiab": 351612000, "otherLiab": 27493000, "totalCurrentLiabilities": 1697180000, "totalLiab": 1724673000, "commonStock": 79993000, "retainedEarnings": 6081275000, "totalStockholderEquity": 6161268000, "netTangibleAssets": 6144780000}], "maxAge": 86400}, "earningsHistory": {"history": [{"maxAge": 1, "epsActual": {}, "epsEstimate": {}, "epsDifference": {}, "surprisePercent": {}, "quarter": {}, "period": "-4q"}, {"maxAge": 1, "epsActual": {}, "epsEstimate": {}, "epsDifference": {}, "surprisePercent": {}, "quarter": {}, "period": "-3q"}, {"maxAge": 1, "epsActual": 7.17, "epsEstimate": 3.35, "epsDifference": 3.82, "surprisePercent": 1.14, "quarter": "2018-03-31", "period": "-2q"}, {"maxAge": 1, "epsActual": 4.34, "epsEstimate": 5.4, "epsDifference": -1.06, "surprisePercent": -0.19600001, "quarter": "2018-06-30", "period": "-1q"}], "maxAge": 86400}, "indexTrend": {"maxAge": 1, "symbol": "SP5", "peRatio": 19.7411, "pegRatio": 1.34172, "estimates": [{"period": "0q", "growth": 0.549}, {"period": "+1q", "growth": 0.431}, {"period": "0y", "growth": 0.305}, {"period": "+1y", "growth": 0.109}, {"period": "+5y", "growth": 0.120865}, {"period": "-5y"}]}, "industryTrend": {"maxAge": 1, "symbol": null, "estimates": []}, "insiderTransactions": {"transactions": [{"maxAge": 1, "shares": 5, "filerUrl": "", "transactionText": "", "filerName": "Gupta (Pankaj)", "filerRelation": "Chief Financial Officer", "moneyText": "", "startDate": "2015-02-06", "ownership": "D"}, {"maxAge": 1, "shares": 4000, "filerUrl": "", "transactionText": "", "filerName": "Munjal (Yogesh Chander)", "filerRelation": "Managing Director", "moneyText": "", "startDate": "2010-08-17", "ownership": "D"}, {"maxAge": 1, "shares": 12600000, "filerUrl": "", "transactionText": "", "filerName": "Dayanand Munjal Investments Pvt. Ltd", "filerRelation": "Institution- Corporation", "moneyText": "", "startDate": "2010-07-15", "ownership": "D"}], "maxAge": 1}, "quoteType": {"exchange": "BSE", "quoteType": "EQUITY", "symbol": "MUNJALSHOW.BO", "underlyingSymbol": "MUNJALSHOW.BO", "shortName": "MUNJAL SHOWA LTD.", "longName": "Munjal Showa Limited", "firstTradeDateEpochUtc": "2000-06-27 09:15:00", "timeZoneFullName": "Asia/Kolkata", "timeZoneShortName": "IST", "uuid": "73fe3e11-da35-3324-b8c8-636e80f3e75d", "gmtOffSetMilliseconds": 19800000, "maxAge": 1}, "incomeStatementHistory": {"incomeStatementHistory": [{"maxAge": 1, "endDate": "2020-03-31", "totalRevenue": 12882017000, "costOfRevenue": 9619255000, "grossProfit": 3262762000, "researchDevelopment": {}, "sellingGeneralAdministrative": 1208256000, "nonRecurring": {}, "otherOperatingExpenses": 1507686000, "totalOperatingExpenses": 12538963000, "operatingIncome": 343054000, "totalOtherIncomeExpenseNet": 241459000, "ebit": 343054000, "interestExpense": -4253000, "incomeBeforeTax": 584513000, "incomeTaxExpense": 159143000, "minorityInterest": {}, "netIncomeFromContinuingOps": 425370000, "discontinuedOperations": {}, "extraordinaryItems": {}, "effectOfAccountingCharges": {}, "otherItems": {}, "netIncome": 425370000, "netIncomeApplicableToCommonShares": 425370000}, {"maxAge": 1, "endDate": "2019-03-31", "totalRevenue": 16692945000, "costOfRevenue": 12672104000, "grossProfit": 4020841000, "researchDevelopment": {}, "sellingGeneralAdministrative": 1329616000, "nonRecurring": {}, "otherOperatingExpenses": 1808582000, "totalOperatingExpenses": 16069720000, "operatingIncome": 623225000, "totalOtherIncomeExpenseNet": 232205000, "ebit": 623225000, "interestExpense": -1032000, "incomeBeforeTax": 855430000, "incomeTaxExpense": 229480000, "minorityInterest": {}, "netIncomeFromContinuingOps": 625950000, "discontinuedOperations": {}, "extraordinaryItems": {}, "effectOfAccountingCharges": {}, "otherItems": {}, "netIncome": 625950000, "netIncomeApplicableToCommonShares": 625950000}, {"maxAge": 1, "endDate": "2018-03-31", "totalRevenue": 15814260000, "costOfRevenue": 11773485000, "grossProfit": 4040775000, "researchDevelopment": {}, "sellingGeneralAdministrative": 1255329000, "nonRecurring": {}, "otherOperatingExpenses": 1654301000, "totalOperatingExpenses": 14965561000, "operatingIncome": 848699000, "totalOtherIncomeExpenseNet": 205324000, "ebit": 848699000, "interestExpense": -1493000, "incomeBeforeTax": 1054023000, "incomeTaxExpense": 278881000, "minorityInterest": {}, "netIncomeFromContinuingOps": 775142000, "discontinuedOperations": {}, "extraordinaryItems": {}, "effectOfAccountingCharges": {}, "otherItems": {}, "netIncome": 775142000, "netIncomeApplicableToCommonShares": 775142000}, {"maxAge": 1, "endDate": "2017-03-31", "totalRevenue": 14596577000, "costOfRevenue": 10856788000, "grossProfit": 3739789000, "researchDevelopment": {}, "sellingGeneralAdministrative": 1149607000, "nonRecurring": {}, "otherOperatingExpenses": 1594062000, "totalOperatingExpenses": 13891077000, "operatingIncome": 705500000, "totalOtherIncomeExpenseNet": 174055000, "ebit": 705500000, "interestExpense": -540000, "incomeBeforeTax": 879555000, "incomeTaxExpense": 272422000, "minorityInterest": {}, "netIncomeFromContinuingOps": 607133000, "discontinuedOperations": {}, "extraordinaryItems": {}, "effectOfAccountingCharges": {}, "otherItems": {}, "netIncome": 607133000, "netIncomeApplicableToCommonShares": 607133000}], "maxAge": 86400}, "fundOwnership": {"ownershipList": [], "maxAge": 1}, "summaryDetail": {"maxAge": 1, "priceHint": 2, "previousClose": 136.0, "open": 135.0, "dayLow": 132.15, "dayHigh": 135.3, "regularMarketPreviousClose": 136.0, "regularMarketOpen": 135.0, "regularMarketDayLow": 132.15, "regularMarketDayHigh": 135.3, "trailingPE": 27.623615, "forwardPE": 6.547972, "volume": 1954, "regularMarketVolume": 1954, "averageVolume": 7725, "averageVolume10days": 3670, "averageDailyVolume10Day": 3670, "bid": 132.1, "ask": 133.55, "bidSize": 0, "askSize": 0, "marketCap": 5295337984, "fiftyTwoWeekLow": 55.0, "fiftyTwoWeekHigh": 165.8, "fiftyDayAverage": 142.19545, "twoHundredDayAverage": 132.54523, "trailingAnnualDividendRate": 4.5, "trailingAnnualDividendYield": 0.033088237, "currency": "INR", "fromCurrency": null, "lastMarket": null, "algorithm": null, "tradeable": false}, "sectorTrend": {"maxAge": 1, "symbol": null, "estimates": []}, "incomeStatementHistoryQuarterly": {"incomeStatementHistory": [{"maxAge": 1, "endDate": "2020-06-30", "totalRevenue": 903600000, "costOfRevenue": 714763000, "grossProfit": 188837000, "researchDevelopment": {}, "sellingGeneralAdministrative": 224068000, "nonRecurring": {}, "otherOperatingExpenses": 121971000, "totalOperatingExpenses": 1098864000, "operatingIncome": -195264000, "totalOtherIncomeExpenseNet": 82727000, "ebit": -195264000, "interestExpense": -178000, "incomeBeforeTax": -112537000, "incomeTaxExpense": -35919000, "minorityInterest": {}, "netIncomeFromContinuingOps": -76618000, "discontinuedOperations": {}, "extraordinaryItems": {}, "effectOfAccountingCharges": {}, "otherItems": {}, "netIncome": -76618000, "netIncomeApplicableToCommonShares": -76618000}, {"maxAge": 1, "endDate": "2020-03-31", "totalRevenue": 2500175000, "costOfRevenue": 1881486000, "grossProfit": 618689000, "researchDevelopment": {}, "sellingGeneralAdministrative": 209797000, "nonRecurring": {}, "otherOperatingExpenses": 305012000, "totalOperatingExpenses": 2442387000, "operatingIncome": 57788000, "totalOtherIncomeExpenseNet": 83932000, "ebit": 57788000, "interestExpense": -37000, "incomeBeforeTax": 141720000, "incomeTaxExpense": 37881000, "minorityInterest": {}, "netIncomeFromContinuingOps": 103839000, "discontinuedOperations": {}, "extraordinaryItems": {}, "effectOfAccountingCharges": {}, "otherItems": {}, "netIncome": 103839000, "netIncomeApplicableToCommonShares": 103839000}, {"maxAge": 1, "endDate": "2019-12-31", "totalRevenue": 2980548000, "costOfRevenue": 2215886000, "grossProfit": 764662000, "researchDevelopment": {}, "sellingGeneralAdministrative": 333504000, "nonRecurring": {}, "otherOperatingExpenses": 364257000, "totalOperatingExpenses": 2962967000, "operatingIncome": 17581000, "totalOtherIncomeExpenseNet": 50267000, "ebit": 17581000, "interestExpense": -3260000, "incomeBeforeTax": 67848000, "incomeTaxExpense": 18279000, "minorityInterest": {}, "netIncomeFromContinuingOps": 49569000, "discontinuedOperations": {}, "extraordinaryItems": {}, "effectOfAccountingCharges": {}, "otherItems": {}, "netIncome": 49569000, "netIncomeApplicableToCommonShares": 49569000}, {"maxAge": 1, "endDate": "2019-09-30", "totalRevenue": 3521620000, "costOfRevenue": 2650206000, "grossProfit": 871414000, "researchDevelopment": {}, "sellingGeneralAdministrative": 337254000, "nonRecurring": {}, "otherOperatingExpenses": 400091000, "totalOperatingExpenses": 3438076000, "operatingIncome": 83544000, "totalOtherIncomeExpenseNet": 59517000, "ebit": 83544000, "interestExpense": -901000, "incomeBeforeTax": 143061000, "incomeTaxExpense": 28390000, "minorityInterest": {}, "netIncomeFromContinuingOps": 114671000, "discontinuedOperations": {}, "extraordinaryItems": {}, "effectOfAccountingCharges": {}, "otherItems": {}, "netIncome": 114671000, "netIncomeApplicableToCommonShares": 114671000}], "maxAge": 86400}, "cashflowStatementHistoryQuarterly": {"cashflowStatements": [{"maxAge": 1, "endDate": "2020-06-30", "netIncome": -76618000, "changeToLiabilities": 0}, {"maxAge": 1, "endDate": "2020-03-31", "netIncome": 103839000, "changeToLiabilities": 0}, {"maxAge": 1, "endDate": "2019-12-31", "netIncome": 49569000, "changeToLiabilities": 0}, {"maxAge": 1, "endDate": "2019-09-30", "netIncome": 114671000, "changeToLiabilities": 0}], "maxAge": 86400}, "insiderHolders": {"holders": [{"maxAge": 1, "name": "Dayanand Munjal Investments Pvt. Ltd", "relation": "Institution- Corporation", "url": "", "transactionDescription": "Acquisition", "latestTransDate": "2010-07-15", "positionDirect": 15600000, "positionDirectDate": "2010-07-15"}, {"maxAge": 1, "name": "Gupta (Pankaj)", "relation": "Chief Financial Officer", "url": "", "transactionDescription": "Other", "latestTransDate": "2015-02-06", "positionDirect": 5, "positionDirectDate": "2015-02-06"}, {"maxAge": 1, "name": "Munjal (Yogesh Chander)", "relation": "Managing Director", "url": "", "transactionDescription": "Sale", "latestTransDate": "2010-08-17", "positionDirect": 0, "positionDirectDate": "2010-08-17"}], "maxAge": 1}, "earnings": {"maxAge": 86400, "earningsChart": {"quarterly": [{"date": "1Q2018", "actual": 7.17, "estimate": 3.35}, {"date": "2Q2018", "actual": 4.34, "estimate": 5.4}], "currentQuarterEstimateDate": "3Q", "currentQuarterEstimateYear": 2018, "earningsDate": []}, "financialsChart": {"yearly": [{"date": 2017, "revenue": 14596577000, "earnings": 607133000}, {"date": 2018, "revenue": 15814260000, "earnings": 775142000}, {"date": 2019, "revenue": 16692945000, "earnings": 625950000}, {"date": 2020, "revenue": 12882017000, "earnings": 425370000}], "quarterly": [{"date": "3Q2019", "revenue": 3521620000, "earnings": 114671000}, {"date": "4Q2019", "revenue": 2980548000, "earnings": 49569000}, {"date": "1Q2020", "revenue": 2500175000, "earnings": 103839000}, {"date": "2Q2020", "revenue": 903600000, "earnings": -76618000}]}, "financialCurrency": "INR"}, "calendarEvents": {"maxAge": 1, "earnings": {"earningsDate": [], "revenueAverage": 4696420000}}, "upgradeDowngradeHistory": {"history": [], "maxAge": 86400}, "price": {"maxAge": 1, "regularMarketChangePercent": -0.026470633, "regularMarketChange": -3.600006, "regularMarketTime": "2021-04-30 15:29:03", "priceHint": 2, "regularMarketPrice": 132.4, "regularMarketDayHigh": 135.3, "regularMarketDayLow": 132.15, "regularMarketVolume": 1954, "averageDailyVolume10Day": 3670, "averageDailyVolume3Month": 7725, "regularMarketPreviousClose": 136.0, "regularMarketSource": "FREE_REALTIME", "regularMarketOpen": 135.0, "exchange": "BSE", "exchangeName": "BSE", "exchangeDataDelayedBy": 0, "marketState": "CLOSED", "quoteType": "EQUITY", "symbol": "MUNJALSHOW.BO", "underlyingSymbol": null, "shortName": "MUNJAL SHOWA LTD.", "longName": "Munjal Showa Limited", "currency": "INR", "quoteSourceName": "Delayed Quote", "currencySymbol": "\u20b9", "fromCurrency": null, "lastMarket": null, "marketCap": 5295337984}, "balanceSheetHistory": {"balanceSheetStatements": [{"maxAge": 1, "endDate": "2020-03-31", "cash": 30420000, "netReceivables": 1421387000, "inventory": 728458000, "otherCurrentAssets": 66848000, "totalCurrentAssets": 5045816000, "longTermInvestments": 423927000, "propertyPlantEquipment": 1447283000, "intangibleAssets": 22993000, "otherAssets": 671172000, "deferredLongTermAssetCharges": 35300000, "totalAssets": 7611191000, "accountsPayable": 1008037000, "otherCurrentLiab": 65386000, "otherLiab": 25191000, "totalCurrentLiabilities": 1260485000, "totalLiab": 1285676000, "commonStock": 79990000, "retainedEarnings": 6267181000, "treasuryStock": -21656000, "otherStockholderEquity": -21656000, "totalStockholderEquity": 6325515000, "netTangibleAssets": 6302522000}, {"maxAge": 1, "endDate": "2019-03-31", "cash": 417715000, "shortTermInvestments": 2018068000, "netReceivables": 2012276000, "inventory": 803402000, "otherCurrentAssets": 99164000, "totalCurrentAssets": 5383069000, "longTermInvestments": 415037000, "propertyPlantEquipment": 1441054000, "intangibleAssets": 16431000, "otherAssets": 659196000, "deferredLongTermAssetCharges": 51399000, "totalAssets": 7914787000, "accountsPayable": 1441355000, "otherCurrentLiab": 73651000, "otherLiab": 28029000, "totalCurrentLiabilities": 1780479000, "totalLiab": 1808508000, "commonStock": 79990000, "retainedEarnings": 6058784000, "treasuryStock": -32495000, "otherStockholderEquity": -32495000, "totalStockholderEquity": 6106279000, "netTangibleAssets": 6089848000}, {"maxAge": 1, "endDate": "2018-03-31", "cash": 191200000, "netReceivables": 2464739000, "inventory": 631579000, "otherCurrentAssets": 68661000, "totalCurrentAssets": 5777853000, "longTermInvestments": 48638000, "propertyPlantEquipment": 1572956000, "intangibleAssets": 7035000, "otherAssets": 526535000, "deferredLongTermAssetCharges": 2096000, "totalAssets": 7933017000, "accountsPayable": 1850391000, "otherCurrentLiab": 61220000, "otherLiab": 30297000, "totalCurrentLiabilities": 2206495000, "totalLiab": 2236792000, "commonStock": 79990000, "retainedEarnings": 5616232000, "treasuryStock": 3000, "otherStockholderEquity": 3000, "totalStockholderEquity": 5696225000, "netTangibleAssets": 5689190000}, {"maxAge": 1, "endDate": "2017-03-31", "cash": 55996000, "shortTermInvestments": 12000, "netReceivables": 1959326000, "inventory": 618833000, "otherCurrentAssets": 62094000, "totalCurrentAssets": 4335381000, "longTermInvestments": 99710000, "propertyPlantEquipment": 1794535000, "intangibleAssets": 13819000, "otherAssets": 514231000, "totalAssets": 6757676000, "accountsPayable": 1353777000, "otherCurrentLiab": 100316000, "otherLiab": 74092000, "totalCurrentLiabilities": 1556901000, "totalLiab": 1630993000, "commonStock": 79990000, "retainedEarnings": 5046690000, "treasuryStock": 3000, "otherStockholderEquity": 3000, "totalStockholderEquity": 5126683000, "netTangibleAssets": 5112864000}], "maxAge": 86400}, "earningsTrend": {"trend": [{"maxAge": 1, "period": "0q", "endDate": "2018-09-30", "growth": {}, "earningsEstimate": {"avg": 0.0, "low": 0.0, "high": 0.0, "yearAgoEps": {}, "numberOfAnalysts": 0, "growth": {}}, "revenueEstimate": {"avg": 4696420000, "low": 0, "high": 0, "numberOfAnalysts": 0, "yearAgoRevenue": 4152730000, "growth": 0.131}, "epsTrend": {"current": 0.0, "7daysAgo": 0.0, "30daysAgo": 0.0, "60daysAgo": 0.0, "90daysAgo": 0.0}, "epsRevisions": {"upLast7days": 0, "upLast30days": 0, "downLast30days": 0, "downLast90days": {}}}, {"maxAge": 1, "period": "+1q", "endDate": "2018-12-31", "growth": {}, "earningsEstimate": {"avg": 0.0, "low": 0.0, "high": 0.0, "yearAgoEps": {}, "numberOfAnalysts": 0, "growth": {}}, "revenueEstimate": {"avg": 0, "low": 0, "high": 0, "numberOfAnalysts": 0, "yearAgoRevenue": {}, "growth": {}}, "epsTrend": {"current": 0.0, "7daysAgo": 0.0, "30daysAgo": 0.0, "60daysAgo": 0.0, "90daysAgo": 0.0}, "epsRevisions": {"upLast7days": 0, "upLast30days": 0, "downLast30days": 0, "downLast90days": {}}}, {"maxAge": 1, "period": "0y", "endDate": "2019-03-31", "growth": {}, "earningsEstimate": {"avg": 0.0, "low": 0.0, "high": 0.0, "yearAgoEps": {}, "numberOfAnalysts": 0, "growth": {}}, "revenueEstimate": {"avg": 17931500000, "low": 17931500000, "high": 17931500000, "numberOfAnalysts": 1, "yearAgoRevenue": 15814300000, "growth": 0.134}, "epsTrend": {"current": 0.0, "7daysAgo": 22.93, "30daysAgo": 22.93, "60daysAgo": 22.93, "90daysAgo": 22.93}, "epsRevisions": {"upLast7days": 0, "upLast30days": 0, "downLast30days": 0, "downLast90days": {}}}, {"maxAge": 1, "period": "+1y", "endDate": "2020-03-31", "growth": {}, "earningsEstimate": {"avg": 0.0, "low": 0.0, "high": 0.0, "yearAgoEps": {}, "numberOfAnalysts": 0, "growth": {}}, "revenueEstimate": {"avg": 19724700000, "low": 19724700000, "high": 19724700000, "numberOfAnalysts": 1, "yearAgoRevenue": 17931500000, "growth": 0.1}, "epsTrend": {"current": 0.0, "7daysAgo": 26.94, "30daysAgo": 26.94, "60daysAgo": 26.94, "90daysAgo": 26.94}, "epsRevisions": {"upLast7days": 0, "upLast30days": 0, "downLast30days": 0, "downLast90days": {}}}, {"maxAge": 1, "period": "+5y", "endDate": null, "growth": {}, "earningsEstimate": {"avg": {}, "low": {}, "high": {}, "yearAgoEps": {}, "numberOfAnalysts": {}, "growth": {}}, "revenueEstimate": {"avg": {}, "low": {}, "high": {}, "numberOfAnalysts": {}, "yearAgoRevenue": {}, "growth": {}}, "epsTrend": {"current": {}, "7daysAgo": {}, "30daysAgo": {}, "60daysAgo": {}, "90daysAgo": {}}, "epsRevisions": {"upLast7days": {}, "upLast30days": {}, "downLast30days": {}, "downLast90days": {}}}, {"maxAge": 1, "period": "-5y", "endDate": null, "growth": {}, "earningsEstimate": {"avg": {}, "low": {}, "high": {}, "yearAgoEps": {}, "numberOfAnalysts": {}, "growth": {}}, "revenueEstimate": {"avg": {}, "low": {}, "high": {}, "numberOfAnalysts": {}, "yearAgoRevenue": {}, "growth": {}}, "epsTrend": {"current": {}, "7daysAgo": {}, "30daysAgo": {}, "60daysAgo": {}, "90daysAgo": {}}, "epsRevisions": {"upLast7days": {}, "upLast30days": {}, "downLast30days": {}, "downLast90days": {}}}], "maxAge": 1}, "financialData": {"maxAge": 86400, "currentPrice": 132.4, "targetHighPrice": 210.0, "targetLowPrice": 210.0, "targetMeanPrice": 210.0, "targetMedianPrice": 210.0, "recommendationKey": "none", "numberOfAnalystOpinions": 1, "grossProfits": 3262762000, "financialCurrency": "INR"}}}