{"MUNJALAU.NS": {"assetProfile": {"address1": "Unitech Business Zone", "address2": "2nd Floor, Tower C Nirvana Country South City-2, Sector-50", "city": "Gurugram", "zip": "122011", "country": "India", "phone": "91 12 4405 7891", "fax": "91 12 4436 9506", "website": "http://www.munjalauto.com", "industry": "Auto Parts", "sector": "Consumer Cyclical", "longBusinessSummary": "Munjal Auto Industries Limited manufactures and sells various parts and accessories for motor vehicles in India. The company operates through Auto Components and Composite Products & Moulds. It offers exhaust systems, steel wheel rims, and spoke wheel rims for two-three wheelers, three-wheelers, and passenger cars; and fuel tank assemblies, seat structure systems, and other products for four-wheelers, as well as sheet metal and tubular welded components. The company serves automotive, renewable energy, aerospace, defense, space, railways, and other engineering sectors. The company was incorporated in 1985 and is based in Gurugram, India. Munjal Auto Industries Limited is a subsidiary of Thakurdevi Investments Private Limited.", "fullTimeEmployees": 1178, "companyOfficers": [{"maxAge": 1, "name": "Mr. Sudhir Kumar S. Munjal", "age": 74, "title": "Chairman & MD", "yearBorn": 1946, "fiscalYear": 2020, "totalPay": 34021000, "exercisedValue": 0, "unexercisedValue": 0}, {"maxAge": 1, "name": "Mr. Rakesh  Johari", "title": "Compliance Officer & Company Sec.", "exercisedValue": 0, "unexercisedValue": 0}, {"maxAge": 1, "name": "Ms. Anju Sudhir Munjal", "age": 71, "title": "Whole-Time Director", "yearBorn": 1949, "fiscalYear": 2020, "totalPay": 29769000, "exercisedValue": 0, "unexercisedValue": 0}, {"maxAge": 1, "name": "Mr. Anuj  Munjal", "age": 46, "title": "Whole-Time Director", "yearBorn": 1974, "fiscalYear": 2020, "totalPay": 29769000, "exercisedValue": 0, "unexercisedValue": 0}, {"maxAge": 1, "name": "Mr. Brham Prakash Yadav", "age": 52, "title": "Chief Financial Officer", "yearBorn": 1968, "exercisedValue": 0, "unexercisedValue": 0}], "compensationAsOfEpochDate": "2020-12-31 05:30:00", "maxAge": 86400}, "cashflowStatementHistory": {"cashflowStatements": [{"maxAge": 1, "endDate": "2020-03-31", "netIncome": 41218000, "depreciation": 325240000, "changeToNetincome": 95366000, "changeToAccountReceivables": -1069411000, "changeToLiabilities": 1314929000, "changeToInventory": -181649000, "changeToOperatingActivities": 332963000, "totalCashFromOperatingActivities": 866999000, "capitalExpenditures": -1284774000, "investments": -128961000, "otherCashflowsFromInvestingActivities": 14675000, "totalCashflowsFromInvestingActivities": -1391127000, "dividendsPaid": -100000000, "netBorrowings": 725711000, "otherCashflowsFromFinancingActivities": -151861000, "totalCashFromFinancingActivities": 473850000, "changeInCash": -50278000}, {"maxAge": 1, "endDate": "2019-03-31", "netIncome": 359666000, "depreciation": 194810000, "changeToNetincome": 49316000, "changeToAccountReceivables": 118193000, "changeToLiabilities": 53870000, "changeToInventory": -388806000, "changeToOperatingActivities": -136403000, "totalCashFromOperatingActivities": 257227000, "capitalExpenditures": -662498000, "investments": 561213000, "otherCashflowsFromInvestingActivities": 2601000, "totalCashflowsFromInvestingActivities": -149528000, "dividendsPaid": -120000000, "netBorrowings": 132252000, "otherCashflowsFromFinancingActivities": -63121000, "totalCashFromFinancingActivities": -50869000, "changeInCash": 56829000}, {"maxAge": 1, "endDate": "2018-03-31", "netIncome": 415903000, "depreciation": 194810000, "changeToNetincome": 49316000, "changeToAccountReceivables": 118193000, "changeToLiabilities": 0, "changeToInventory": -388806000, "changeToOperatingActivities": -136403000, "totalCashFromOperatingActivities": 257227000, "capitalExpenditures": -662498000, "investments": 561213000, "otherCashflowsFromInvestingActivities": 2601000, "totalCashflowsFromInvestingActivities": -149528000, "dividendsPaid": -120000000, "netBorrowings": 132252000, "otherCashflowsFromFinancingActivities": -63121000, "totalCashFromFinancingActivities": -50869000, "changeInCash": 56829000}, {"maxAge": 1, "endDate": "2017-03-31", "netIncome": 317666404, "depreciation": 171583933, "changeToNetincome": 42130922, "changeToAccountReceivables": -51225870, "changeToLiabilities": 99923802, "changeToInventory": 31565210, "changeToOperatingActivities": 65360778, "totalCashFromOperatingActivities": 679548468, "capitalExpenditures": -199476004, "investments": -205641484, "otherCashflowsFromInvestingActivities": 18817521, "totalCashflowsFromInvestingActivities": -380452168, "dividendsPaid": -120000000, "netBorrowings": -249056986, "otherCashflowsFromFinancingActivities": -56396382, "totalCashFromFinancingActivities": -305453368, "changeInCash": -6357068}], "maxAge": 86400}, "institutionOwnership": {"maxAge": 1, "ownershipList": []}, "majorHoldersBreakdown": {"maxAge": 1, "insidersPercentHeld": 0.75636, "institutionsPercentHeld": 0.0, "institutionsFloatPercentHeld": 0.0, "institutionsCount": 0}, "balanceSheetHistoryQuarterly": {"balanceSheetStatements": [{"maxAge": 1, "endDate": "2020-12-31", "totalStockholderEquity": 2850834000, "netTangibleAssets": 2823587000}, {"maxAge": 1, "endDate": "2020-09-30", "cash": 29966000, "shortTermInvestments": 327000, "netReceivables": 5455354000, "inventory": 1041699000, "otherCurrentAssets": 163883000, "totalCurrentAssets": 6691229000, "propertyPlantEquipment": 3200303000, "goodWill": 4605000, "intangibleAssets": 22642000, "otherAssets": 386522000, "deferredLongTermAssetCharges": 130064000, "totalAssets": 10305301000, "accountsPayable": 4678648000, "otherCurrentLiab": 1013236000, "longTermDebt": 958152000, "otherLiab": 116775000, "minorityInterest": 107219000, "totalCurrentLiabilities": 6051953000, "totalLiab": 7347248000, "commonStock": 200000000, "treasuryStock": 2650834000, "otherStockholderEquity": 2650834000, "totalStockholderEquity": 2850834000, "netTangibleAssets": 2823587000}, {"maxAge": 1, "endDate": "2020-06-30", "totalStockholderEquity": 2889263000, "netTangibleAssets": 2858316000}, {"maxAge": 1, "endDate": "2020-03-31", "cash": 155817000, "netReceivables": 2706615000, "inventory": 927639000, "otherCurrentAssets": 126708000, "totalCurrentAssets": 4149303000, "propertyPlantEquipment": 3420565000, "goodWill": 4605000, "intangibleAssets": 26342000, "otherAssets": 362172000, "deferredLongTermAssetCharges": 124748000, "totalAssets": 7962987000, "accountsPayable": 2825016000, "shortLongTermDebt": 143215000, "otherCurrentLiab": 113846000, "longTermDebt": 932493000, "otherLiab": 92308000, "minorityInterest": 116464000, "totalCurrentLiabilities": 3623632000, "totalLiab": 4957260000, "commonStock": 200000000, "retainedEarnings": 2689054000, "treasuryStock": 209000, "otherStockholderEquity": 209000, "totalStockholderEquity": 2889263000, "netTangibleAssets": 2858316000}], "maxAge": 86400}, "indexTrend": {"maxAge": 1, "symbol": "SP5", "peRatio": 19.7411, "pegRatio": 1.34172, "estimates": [{"period": "0q", "growth": 0.549}, {"period": "+1q", "growth": 0.431}, {"period": "0y", "growth": 0.305}, {"period": "+1y", "growth": 0.109}, {"period": "+5y", "growth": 0.120865}, {"period": "-5y"}]}, "defaultKeyStatistics": {"maxAge": 1, "priceHint": 2, "enterpriseValue": 8153360384, "profitMargins": 0.00082, "floatShares": 28265347, "sharesOutstanding": 100000000, "heldPercentInsiders": 0.75636, "heldPercentInstitutions": 0.0, "beta": 0.97396, "category": null, "bookValue": 28.442, "priceToBook": 1.8476198, "fundFamily": null, "legalType": null, "lastFiscalYearEnd": "2020-03-31 05:30:00", "nextFiscalYearEnd": "2022-03-31 05:30:00", "mostRecentQuarter": "2020-12-31 05:30:00", "netIncomeToCommon": 15269000, "trailingEps": 0.143, "lastSplitFactor": "2:1", "lastSplitDate": "2017-07-11 05:30:00", "enterpriseToRevenue": 0.44, "enterpriseToEbitda": 20.955, "52WeekChange": 0.55473375, "SandP52WeekChange": 0.48148263, "lastDividendValue": 1.0, "lastDividendDate": 1566518400}, "summaryProfile": {"address1": "Unitech Business Zone", "address2": "2nd Floor, Tower C Nirvana Country South City-2, Sector-50", "city": "Gurugram", "zip": "122011", "country": "India", "phone": "91 12 4405 7891", "fax": "91 12 4436 9506", "website": "http://www.munjalauto.com", "industry": "Auto Parts", "sector": "Consumer Cyclical", "longBusinessSummary": "Munjal Auto Industries Limited manufactures and sells various parts and accessories for motor vehicles in India. The company operates through Auto Components and Composite Products & Moulds. It offers exhaust systems, steel wheel rims, and spoke wheel rims for two-three wheelers, three-wheelers, and passenger cars; and fuel tank assemblies, seat structure systems, and other products for four-wheelers, as well as sheet metal and tubular welded components. The company serves automotive, renewable energy, aerospace, defense, space, railways, and other engineering sectors. The company was incorporated in 1985 and is based in Gurugram, India. Munjal Auto Industries Limited is a subsidiary of Thakurdevi Investments Private Limited.", "fullTimeEmployees": 1178, "companyOfficers": [], "maxAge": 86400}, "netSharePurchaseActivity": {"maxAge": 1, "period": "6m", "buyInfoCount": 0, "buyInfoShares": 0, "sellInfoCount": 0, "netInfoCount": 0, "netInfoShares": 0, "netPercentInsiderShares": 0.0, "totalInsiderShares": 95004120}, "quoteType": {"exchange": "NSI", "quoteType": "EQUITY", "symbol": "MUNJALAU.NS", "underlyingSymbol": "MUNJALAU.NS", "shortName": "MUNJAL AUTO INDUST", "longName": "Munjal Auto Industries Limited", "firstTradeDateEpochUtc": "2003-09-03 09:15:00", "timeZoneFullName": "Asia/Kolkata", "timeZoneShortName": "IST", "uuid": "d475d8ce-cffa-39f3-a641-90f051221241", "messageBoardId": "finmb_9455860", "gmtOffSetMilliseconds": 19800000, "maxAge": 1}, "incomeStatementHistory": {"incomeStatementHistory": [{"maxAge": 1, "endDate": "2020-03-31", "totalRevenue": 12355671000, "costOfRevenue": 9433108000, "grossProfit": 2922563000, "researchDevelopment": {}, "sellingGeneralAdministrative": 1116168000, "nonRecurring": {}, "otherOperatingExpenses": 1354173000, "totalOperatingExpenses": 12218725000, "operatingIncome": 136946000, "totalOtherIncomeExpenseNet": -69586000, "ebit": 136946000, "interestExpense": -111322000, "incomeBeforeTax": 67360000, "incomeTaxExpense": 29973000, "minorityInterest": 116464000, "netIncomeFromContinuingOps": 37387000, "discontinuedOperations": {}, "extraordinaryItems": {}, "effectOfAccountingCharges": {}, "otherItems": {}, "netIncome": 41218000, "netIncomeApplicableToCommonShares": 41218000}, {"maxAge": 1, "endDate": "2019-03-31", "totalRevenue": 12140343000, "costOfRevenue": 9170378000, "grossProfit": 2969965000, "researchDevelopment": {}, "sellingGeneralAdministrative": 935975000, "nonRecurring": {}, "otherOperatingExpenses": 1317137000, "totalOperatingExpenses": 11636694000, "operatingIncome": 503649000, "totalOtherIncomeExpenseNet": -16766000, "ebit": 503649000, "interestExpense": -40265000, "incomeBeforeTax": 486883000, "incomeTaxExpense": 113872000, "minorityInterest": 120020000, "netIncomeFromContinuingOps": 373011000, "discontinuedOperations": {}, "extraordinaryItems": {}, "effectOfAccountingCharges": {}, "otherItems": {}, "netIncome": 359666000, "netIncomeApplicableToCommonShares": 359666000}, {"maxAge": 1, "endDate": "2018-03-31", "totalRevenue": 10330685000, "costOfRevenue": 7939905000, "grossProfit": 2390780000, "researchDevelopment": {}, "sellingGeneralAdministrative": 614166000, "nonRecurring": {}, "otherOperatingExpenses": 1051361000, "totalOperatingExpenses": 9787302000, "operatingIncome": 543383000, "totalOtherIncomeExpenseNet": 720000, "ebit": 543383000, "interestExpense": -43273000, "incomeBeforeTax": 544103000, "incomeTaxExpense": 128200000, "minorityInterest": 120020000, "netIncomeFromContinuingOps": 415903000, "discontinuedOperations": {}, "extraordinaryItems": {}, "effectOfAccountingCharges": {}, "otherItems": {}, "netIncome": 415903000, "netIncomeApplicableToCommonShares": 415903000}, {"maxAge": 1, "endDate": "2017-03-31", "totalRevenue": 8499269104, "costOfRevenue": 6396431541, "grossProfit": 2102837563, "researchDevelopment": {}, "sellingGeneralAdministrative": 574148773, "nonRecurring": {}, "otherOperatingExpenses": 919801683, "totalOperatingExpenses": 8062343695, "operatingIncome": 436925409, "totalOtherIncomeExpenseNet": -28786738, "ebit": 436925409, "interestExpense": -53737104, "incomeBeforeTax": 408138671, "incomeTaxExpense": 90472267, "minorityInterest": 120020000, "netIncomeFromContinuingOps": 317666404, "discontinuedOperations": {}, "extraordinaryItems": {}, "effectOfAccountingCharges": {}, "otherItems": {}, "netIncome": 317666404, "netIncomeApplicableToCommonShares": 317666404}], "maxAge": 86400}, "fundOwnership": {"maxAge": 1, "ownershipList": []}, "summaryDetail": {"maxAge": 1, "priceHint": 2, "previousClose": 52.05, "open": 52.4, "dayLow": 51.4, "dayHigh": 53.15, "regularMarketPreviousClose": 52.05, "regularMarketOpen": 52.4, "regularMarketDayLow": 51.4, "regularMarketDayHigh": 53.15, "exDividendDate": "2019-08-23 05:30:00", "payoutRatio": 0.0, "beta": 0.97396, "trailingPE": 367.48248, "volume": 87665, "regularMarketVolume": 87665, "averageVolume": 329958, "averageVolume10days": 84670, "averageDailyVolume10Day": 84670, "bid": 0.0, "ask": 0.0, "bidSize": 0, "askSize": 0, "marketCap": 5255000064, "fiftyTwoWeekLow": 31.65, "fiftyTwoWeekHigh": 70.4, "priceToSalesTrailing12Months": 0.2833858, "fiftyDayAverage": 54.058334, "twoHundredDayAverage": 57.65276, "trailingAnnualDividendRate": 1.0, "trailingAnnualDividendYield": 0.019212296, "currency": "INR", "fromCurrency": null, "toCurrency": null, "lastMarket": null, "algorithm": null, "tradeable": false}, "incomeStatementHistoryQuarterly": {"incomeStatementHistory": [{"maxAge": 1, "endDate": "2020-12-31", "totalRevenue": 6445939000, "costOfRevenue": 5580865000, "grossProfit": 865074000, "researchDevelopment": {}, "sellingGeneralAdministrative": 251299000, "nonRecurring": {}, "otherOperatingExpenses": 372465000, "totalOperatingExpenses": 6301258000, "operatingIncome": 144681000, "totalOtherIncomeExpenseNet": -33643000, "ebit": 144681000, "interestExpense": -42088000, "incomeBeforeTax": 111038000, "incomeTaxExpense": 54085000, "minorityInterest": {}, "netIncomeFromContinuingOps": 56953000, "discontinuedOperations": {}, "extraordinaryItems": {}, "effectOfAccountingCharges": {}, "otherItems": {}, "netIncome": 71596000, "netIncomeApplicableToCommonShares": 71596000}, {"maxAge": 1, "endDate": "2020-09-30", "totalRevenue": 6549787000, "costOfRevenue": 5703535000, "grossProfit": 846252000, "researchDevelopment": {}, "sellingGeneralAdministrative": 256606000, "nonRecurring": {}, "otherOperatingExpenses": 383411000, "totalOperatingExpenses": 6441319000, "operatingIncome": 108468000, "totalOtherIncomeExpenseNet": -34933000, "ebit": 108468000, "interestExpense": -38541000, "incomeBeforeTax": 73535000, "incomeTaxExpense": -1086000, "minorityInterest": 107219000, "netIncomeFromContinuingOps": 74621000, "discontinuedOperations": {}, "extraordinaryItems": {}, "effectOfAccountingCharges": {}, "otherItems": {}, "netIncome": 75175000, "netIncomeApplicableToCommonShares": 75175000}, {"maxAge": 1, "endDate": "2020-06-30", "totalRevenue": 2127395000, "costOfRevenue": 1797784000, "grossProfit": 329611000, "researchDevelopment": {}, "sellingGeneralAdministrative": 183654000, "nonRecurring": {}, "otherOperatingExpenses": 169428000, "totalOperatingExpenses": 2249580000, "operatingIncome": -122185000, "totalOtherIncomeExpenseNet": -701000, "ebit": -122185000, "interestExpense": -37147000, "incomeBeforeTax": -122886000, "incomeTaxExpense": -622000, "minorityInterest": 107219000, "netIncomeFromContinuingOps": -122264000, "discontinuedOperations": {}, "extraordinaryItems": {}, "effectOfAccountingCharges": {}, "otherItems": {}, "netIncome": -113089000, "netIncomeApplicableToCommonShares": -113089000}, {"maxAge": 1, "endDate": "2020-03-31", "totalRevenue": 3420504000, "costOfRevenue": 2759735000, "grossProfit": 660769000, "researchDevelopment": {}, "sellingGeneralAdministrative": 299684000, "nonRecurring": {}, "otherOperatingExpenses": 267660000, "totalOperatingExpenses": 3419464000, "operatingIncome": 1040000, "totalOtherIncomeExpenseNet": -20371000, "ebit": 1040000, "interestExpense": -47893000, "incomeBeforeTax": -19331000, "incomeTaxExpense": -5493000, "minorityInterest": 116464000, "netIncomeFromContinuingOps": -13838000, "discontinuedOperations": {}, "extraordinaryItems": {}, "effectOfAccountingCharges": {}, "otherItems": {}, "netIncome": -18411000, "netIncomeApplicableToCommonShares": -18411000}], "maxAge": 86400}, "cashflowStatementHistoryQuarterly": {"cashflowStatements": [{"maxAge": 1, "endDate": "2020-12-31", "netIncome": 71596000, "changeToLiabilities": 0}, {"maxAge": 1, "endDate": "2020-09-30", "netIncome": 75175000, "changeToLiabilities": 0}, {"maxAge": 1, "endDate": "2020-06-30", "netIncome": -113089000, "changeToLiabilities": 0}, {"maxAge": 1, "endDate": "2020-03-31", "netIncome": -18411000, "changeToLiabilities": 0}], "maxAge": 86400}, "insiderHolders": {"holders": [], "maxAge": 1}, "calendarEvents": {"maxAge": 1, "earnings": {"earningsDate": []}, "exDividendDate": "2019-08-23 05:30:00"}, "price": {"maxAge": 1, "regularMarketChangePercent": 0.009606148, "regularMarketChange": 0.5, "regularMarketTime": "2021-04-30 15:29:15", "priceHint": 2, "regularMarketPrice": 52.55, "regularMarketDayHigh": 53.15, "regularMarketDayLow": 51.4, "regularMarketVolume": 87665, "averageDailyVolume10Day": 84670, "averageDailyVolume3Month": 329958, "regularMarketPreviousClose": 52.05, "regularMarketSource": "FREE_REALTIME", "regularMarketOpen": 52.4, "exchange": "NSI", "exchangeName": "NSE", "exchangeDataDelayedBy": 15, "marketState": "CLOSED", "quoteType": "EQUITY", "symbol": "MUNJALAU.NS", "underlyingSymbol": null, "shortName": "MUNJAL AUTO INDUST", "longName": "Munjal Auto Industries Limited", "currency": "INR", "quoteSourceName": "Delayed Quote", "currencySymbol": "\u20b9", "fromCurrency": null, "toCurrency": null, "lastMarket": null, "marketCap": 5255000064}, "balanceSheetHistory": {"balanceSheetStatements": [{"maxAge": 1, "endDate": "2020-03-31", "cash": 155817000, "netReceivables": 2706615000, "inventory": 927639000, "otherCurrentAssets": 126708000, "totalCurrentAssets": 4149303000, "propertyPlantEquipment": 3420565000, "goodWill": 4605000, "intangibleAssets": 26342000, "otherAssets": 362172000, "deferredLongTermAssetCharges": 124748000, "totalAssets": 7962987000, "accountsPayable": 2825016000, "shortLongTermDebt": 143215000, "otherCurrentLiab": 113846000, "longTermDebt": 932493000, "otherLiab": 92308000, "minorityInterest": 116464000, "totalCurrentLiabilities": 3623632000, "totalLiab": 4957260000, "commonStock": 200000000, "retainedEarnings": 2689054000, "treasuryStock": 209000, "otherStockholderEquity": 209000, "totalStockholderEquity": 2889263000, "netTangibleAssets": 2858316000}, {"maxAge": 1, "endDate": "2019-03-31", "cash": 206080000, "netReceivables": 1631554000, "inventory": 745989000, "otherCurrentAssets": 65695000, "totalCurrentAssets": 2749241000, "propertyPlantEquipment": 2223614000, "goodWill": 4605000, "intangibleAssets": 23246000, "otherAssets": 641183000, "deferredLongTermAssetCharges": 134056000, "totalAssets": 5641889000, "accountsPayable": 1510282000, "shortLongTermDebt": 104459000, "otherCurrentLiab": 204775000, "longTermDebt": 265482000, "otherLiab": 68602000, "minorityInterest": 120020000, "totalCurrentLiabilities": 2200579000, "totalLiab": 2550768000, "commonStock": 200000000, "retainedEarnings": 2770892000, "treasuryStock": 209000, "otherStockholderEquity": 209000, "totalStockholderEquity": 2971101000, "netTangibleAssets": 2943250000}, {"maxAge": 1, "endDate": "2018-03-31", "cash": 157245000, "shortTermInvestments": 627343000, "netReceivables": 1596963000, "inventory": 272712000, "otherCurrentAssets": 58065000, "totalCurrentAssets": 2712328000, "propertyPlantEquipment": 1732449000, "intangibleAssets": 24302000, "otherAssets": 347701000, "deferredLongTermAssetCharges": 127433000, "totalAssets": 4816780000, "accountsPayable": 1355068000, "shortLongTermDebt": 869000, "otherCurrentLiab": 424420000, "longTermDebt": 160924000, "otherLiab": 49003000, "totalCurrentLiabilities": 1780357000, "totalLiab": 1990284000, "commonStock": 200000000, "treasuryStock": 2626496000, "otherStockholderEquity": 2626496000, "totalStockholderEquity": 2826496000, "netTangibleAssets": 2802194000}, {"maxAge": 1, "endDate": "2017-03-31", "cash": 22912200, "shortTermInvestments": 448158624, "netReceivables": 1329694977, "inventory": 242538219, "otherCurrentAssets": 63474886, "totalCurrentAssets": 2121270735, "propertyPlantEquipment": 1867183845, "intangibleAssets": 17509989, "otherAssets": 361300697, "totalAssets": 4367265266, "accountsPayable": 1025404848, "shortLongTermDebt": 146397332, "otherCurrentLiab": 32990465, "longTermDebt": 288947670, "otherLiab": 168960615, "totalCurrentLiabilities": 1405796767, "totalLiab": 1863705052, "commonStock": 100000000, "retainedEarnings": 2403351064, "treasuryStock": 209150, "otherStockholderEquity": 209150, "totalStockholderEquity": 2503560214, "netTangibleAssets": 2486050225}], "maxAge": 86400}, "financialData": {"maxAge": 86400, "currentPrice": 52.55, "recommendationKey": "none", "totalCash": 30293000, "totalCashPerShare": 0.241, "ebitda": 389084000, "totalDebt": 1538589056, "totalRevenue": 18543624192, "debtToEquity": 52.014, "revenuePerShare": 174.093, "grossProfits": 2922563000, "revenueGrowth": 1.375, "grossMargins": 0.14569001, "ebitdaMargins": 0.02098, "operatingMargins": 0.00712, "profitMargins": 0.00082, "financialCurrency": "INR"}}}