{"MURUDCERA.BO": {"recommendationTrend": {"trend": [{"period": "0m", "strongBuy": 0, "buy": 0, "hold": 0, "sell": 0, "strongSell": 0}, {"period": "-1m", "strongBuy": 0, "buy": 0, "hold": 0, "sell": 0, "strongSell": 0}, {"period": "-2m", "strongBuy": 0, "buy": 0, "hold": 0, "sell": 0, "strongSell": 0}, {"period": "-3m", "strongBuy": 0, "buy": 0, "hold": 0, "sell": 0, "strongSell": 0}], "maxAge": 86400}, "cashflowStatementHistory": {"cashflowStatements": [{"maxAge": 1, "endDate": "2020-03-31", "netIncome": 17460000, "depreciation": 99250000, "changeToNetincome": 126906000, "changeToAccountReceivables": 49079000, "changeToLiabilities": 108240000, "changeToInventory": 12919000, "changeToOperatingActivities": 60762000, "totalCashFromOperatingActivities": 474616000, "capitalExpenditures": -190102000, "otherCashflowsFromInvestingActivities": 8804000, "totalCashflowsFromInvestingActivities": -180048000, "netBorrowings": -154128000, "otherCashflowsFromFinancingActivities": -138064000, "totalCashFromFinancingActivities": -292192000, "changeInCash": 2376000}, {"maxAge": 1, "endDate": "2019-03-31", "netIncome": 47934000, "depreciation": 89601000, "changeToNetincome": 125323000, "changeToAccountReceivables": -134177000, "changeToLiabilities": -47330000, "changeToInventory": 107845000, "changeToOperatingActivities": -43127000, "totalCashFromOperatingActivities": 146069000, "capitalExpenditures": -17267000, "otherCashflowsFromInvestingActivities": 6904000, "totalCashflowsFromInvestingActivities": -9576000, "netBorrowings": -80530000, "otherCashflowsFromFinancingActivities": -128002000, "totalCashFromFinancingActivities": -149875000, "changeInCash": -13382000, "issuanceOfStock": 58657000}, {"maxAge": 1, "endDate": "2018-03-31", "netIncome": 49221000, "depreciation": 90268000, "changeToNetincome": 122316000, "changeToAccountReceivables": -18074000, "changeToLiabilities": -66955000, "changeToInventory": -81985000, "changeToOperatingActivities": -45540000, "totalCashFromOperatingActivities": 49251000, "capitalExpenditures": -48501000, "otherCashflowsFromInvestingActivities": 11686000, "totalCashflowsFromInvestingActivities": -36759000, "netBorrowings": 38791000, "otherCashflowsFromFinancingActivities": -141731000, "totalCashFromFinancingActivities": -28690000, "changeInCash": -16198000, "issuanceOfStock": 74250000}, {"maxAge": 1, "endDate": "2017-03-31", "netIncome": 13170000, "depreciation": 79290000, "changeToNetincome": 117479000, "changeToAccountReceivables": 26835000, "changeToLiabilities": -51527000, "changeToInventory": -3084000, "changeToOperatingActivities": 45495000, "totalCashFromOperatingActivities": 227658000, "capitalExpenditures": -209859000, "otherCashflowsFromInvestingActivities": 8547000, "totalCashflowsFromInvestingActivities": -201312000, "netBorrowings": -28979000, "otherCashflowsFromFinancingActivities": -79540000, "totalCashFromFinancingActivities": -37899000, "changeInCash": -11552000, "issuanceOfStock": 70620000}], "maxAge": 86400}, "institutionOwnership": {"ownershipList": [], "maxAge": 1}, "balanceSheetHistoryQuarterly": {"balanceSheetStatements": [{"maxAge": 1, "endDate": "2020-06-30", "totalStockholderEquity": 3342958000, "netTangibleAssets": 3342958000}, {"maxAge": 1, "endDate": "2020-03-31", "cash": 32709000, "netReceivables": 446313000, "inventory": 1041508000, "otherCurrentAssets": 56534000, "totalCurrentAssets": 1579036000, "longTermInvestments": 39029000, "propertyPlantEquipment": 3080672000, "otherAssets": 26418000, "totalAssets": 4725155000, "accountsPayable": 235252000, "shortLongTermDebt": 28223000, "otherCurrentLiab": 38278000, "longTermDebt": 78514000, "otherLiab": 200914000, "totalCurrentLiabilities": 1083007000, "totalLiab": 1382197000, "commonStock": 475817000, "retainedEarnings": 1428494000, "treasuryStock": 164714000, "capitalSurplus": 1273933000, "otherStockholderEquity": 164714000, "totalStockholderEquity": 3342958000, "netTangibleAssets": 3342958000}, {"maxAge": 1, "endDate": "2019-12-31", "totalStockholderEquity": 3400462000, "netTangibleAssets": 3400462000}, {"maxAge": 1, "endDate": "2019-09-30", "cash": 32464000, "netReceivables": 385429000, "inventory": 1090430000, "otherCurrentAssets": 119181000, "totalCurrentAssets": 1627504000, "longTermInvestments": 58117000, "propertyPlantEquipment": 3057298000, "otherAssets": 6833000, "totalAssets": 4749752000, "accountsPayable": 124379000, "otherCurrentLiab": 143435000, "longTermDebt": 185951000, "otherLiab": 169391000, "totalCurrentLiabilities": 993948000, "totalLiab": 1349290000, "commonStock": 475817000, "treasuryStock": 2924645000, "otherStockholderEquity": 2924645000, "totalStockholderEquity": 3400462000, "netTangibleAssets": 3400462000}], "maxAge": 86400}, "earningsHistory": {"history": [{"maxAge": 1, "epsActual": {}, "epsEstimate": {}, "epsDifference": {}, "surprisePercent": {}, "quarter": {}, "period": "-4q"}, {"maxAge": 1, "epsActual": {}, "epsEstimate": {}, "epsDifference": {}, "surprisePercent": {}, "quarter": {}, "period": "-3q"}, {"maxAge": 1, "epsActual": {}, "epsEstimate": {}, "epsDifference": {}, "surprisePercent": {}, "quarter": {}, "period": "-2q"}, {"maxAge": 1, "epsActual": {}, "epsEstimate": {}, "epsDifference": {}, "surprisePercent": {}, "quarter": {}, "period": "-1q"}], "maxAge": 86400}, "indexTrend": {"maxAge": 1, "symbol": "SP5", "peRatio": 19.7411, "pegRatio": 1.34172, "estimates": [{"period": "0q", "growth": 0.549}, {"period": "+1q", "growth": 0.431}, {"period": "0y", "growth": 0.305}, {"period": "+1y", "growth": 0.109}, {"period": "+5y", "growth": 0.120865}, {"period": "-5y"}]}, "industryTrend": {"maxAge": 1, "symbol": null, "estimates": []}, "insiderTransactions": {"transactions": [{"maxAge": 1, "shares": 9600000, "filerUrl": "", "transactionText": "", "filerName": "R N Shetty Family Trust", "filerRelation": "UNREPORTED", "moneyText": "", "startDate": "2011-04-20", "ownership": "D"}, {"maxAge": 1, "shares": 500, "filerUrl": "", "transactionText": "", "filerName": "Kirpalani (Alisha)", "filerRelation": "UNREPORTED", "moneyText": "", "startDate": "2009-10-27", "ownership": "D"}, {"maxAge": 1, "shares": 610780, "filerUrl": "", "transactionText": "", "filerName": "Kirpalani (Alisha)", "filerRelation": "UNREPORTED", "moneyText": "", "startDate": "2009-10-27", "ownership": "D"}], "maxAge": 1}, "quoteType": {"exchange": "BSE", "quoteType": "EQUITY", "symbol": "MURUDCERA.BO", "underlyingSymbol": "MURUDCERA.BO", "shortName": "MURUDESHWAR CERAMICS LTD.", "longName": "Murudeshwar Ceramics Limited", "firstTradeDateEpochUtc": "2000-11-16 09:15:00", "timeZoneFullName": "Asia/Kolkata", "timeZoneShortName": "IST", "uuid": "b171af25-fdb2-31c6-8f1f-844fe31bfc1e", "gmtOffSetMilliseconds": 19800000, "maxAge": 1}, "incomeStatementHistory": {"incomeStatementHistory": [{"maxAge": 1, "endDate": "2020-03-31", "totalRevenue": 1031722000, "costOfRevenue": 477677000, "grossProfit": 554045000, "researchDevelopment": {}, "sellingGeneralAdministrative": 128930000, "nonRecurring": {}, "otherOperatingExpenses": 217898000, "totalOperatingExpenses": 923755000, "operatingIncome": 107967000, "totalOtherIncomeExpenseNet": -74867000, "ebit": 107967000, "interestExpense": -147705000, "incomeBeforeTax": 33100000, "incomeTaxExpense": 15640000, "minorityInterest": {}, "netIncomeFromContinuingOps": 17460000, "discontinuedOperations": {}, "extraordinaryItems": {}, "effectOfAccountingCharges": {}, "otherItems": {}, "netIncome": 17460000, "netIncomeApplicableToCommonShares": 17460000}, {"maxAge": 1, "endDate": "2019-03-31", "totalRevenue": 1257795000, "costOfRevenue": 495843000, "grossProfit": 761952000, "researchDevelopment": {}, "sellingGeneralAdministrative": 147561000, "nonRecurring": {}, "otherOperatingExpenses": 319782000, "totalOperatingExpenses": 1052787000, "operatingIncome": 205008000, "totalOtherIncomeExpenseNet": -152478000, "ebit": 205008000, "interestExpense": -144099000, "incomeBeforeTax": 52530000, "incomeTaxExpense": 4596000, "minorityInterest": {}, "netIncomeFromContinuingOps": 47934000, "discontinuedOperations": {}, "extraordinaryItems": {}, "effectOfAccountingCharges": {}, "otherItems": {}, "netIncome": 47934000, "netIncomeApplicableToCommonShares": 47934000}, {"maxAge": 1, "endDate": "2018-03-31", "totalRevenue": 1193886000, "costOfRevenue": 297131000, "grossProfit": 896755000, "researchDevelopment": {}, "sellingGeneralAdministrative": 178027000, "nonRecurring": {}, "otherOperatingExpenses": 402569000, "totalOperatingExpenses": 967995000, "operatingIncome": 225891000, "totalOtherIncomeExpenseNet": -174882000, "ebit": 225891000, "interestExpense": -159047000, "incomeBeforeTax": 51009000, "incomeTaxExpense": 1788000, "minorityInterest": {}, "netIncomeFromContinuingOps": 49221000, "discontinuedOperations": {}, "extraordinaryItems": {}, "effectOfAccountingCharges": {}, "otherItems": {}, "netIncome": 49221000, "netIncomeApplicableToCommonShares": 49221000}, {"maxAge": 1, "endDate": "2017-03-31", "totalRevenue": 1052453000, "costOfRevenue": 247225000, "grossProfit": 805228000, "researchDevelopment": {}, "sellingGeneralAdministrative": 152593000, "nonRecurring": {}, "otherOperatingExpenses": 389575000, "totalOperatingExpenses": 868683000, "operatingIncome": 183770000, "totalOtherIncomeExpenseNet": -159114000, "ebit": 183770000, "interestExpense": -144628000, "incomeBeforeTax": 24656000, "incomeTaxExpense": 11486000, "minorityInterest": {}, "netIncomeFromContinuingOps": 13170000, "discontinuedOperations": {}, "extraordinaryItems": {}, "effectOfAccountingCharges": {}, "otherItems": {}, "netIncome": 13170000, "netIncomeApplicableToCommonShares": 13170000}], "maxAge": 86400}, "fundOwnership": {"ownershipList": [], "maxAge": 1}, "summaryDetail": {"maxAge": 1, "priceHint": 2, "previousClose": 19.85, "open": 19.85, "dayLow": 19.55, "dayHigh": 20.3, "regularMarketPreviousClose": 19.85, "regularMarketOpen": 19.85, "regularMarketDayLow": 19.55, "regularMarketDayHigh": 20.3, "volume": 6527, "regularMarketVolume": 6527, "averageVolume": 47560, "averageVolume10days": 16382, "averageDailyVolume10Day": 16382, "bid": 18.0, "ask": 21.0, "bidSize": 0, "askSize": 0, "marketCap": 932448448, "fiftyTwoWeekLow": 8.26, "fiftyTwoWeekHigh": 25.85, "fiftyDayAverage": 21.94394, "twoHundredDayAverage": 17.826176, "currency": "INR", "fromCurrency": null, "lastMarket": null, "algorithm": null, "tradeable": false}, "sectorTrend": {"maxAge": 1, "symbol": null, "estimates": []}, "incomeStatementHistoryQuarterly": {"incomeStatementHistory": [{"maxAge": 1, "endDate": "2020-06-30", "totalRevenue": 88447000, "costOfRevenue": 98320000, "grossProfit": -9873000, "researchDevelopment": {}, "sellingGeneralAdministrative": 39050000, "nonRecurring": {}, "otherOperatingExpenses": 6238000, "totalOperatingExpenses": 167878000, "operatingIncome": -79431000, "totalOtherIncomeExpenseNet": -31842000, "ebit": -79431000, "interestExpense": -32214000, "incomeBeforeTax": -111273000, "incomeTaxExpense": 0, "minorityInterest": {}, "netIncomeFromContinuingOps": -111273000, "discontinuedOperations": {}, "extraordinaryItems": {}, "effectOfAccountingCharges": {}, "otherItems": {}, "netIncome": -111273000, "netIncomeApplicableToCommonShares": -111273000}, {"maxAge": 1, "endDate": "2020-03-31", "totalRevenue": 272420000, "costOfRevenue": 93425000, "grossProfit": 178995000, "researchDevelopment": {}, "sellingGeneralAdministrative": -14902000, "nonRecurring": {}, "otherOperatingExpenses": 195346000, "totalOperatingExpenses": 298818000, "operatingIncome": -26398000, "totalOtherIncomeExpenseNet": -31864000, "ebit": -26398000, "interestExpense": -24905000, "incomeBeforeTax": -58262000, "incomeTaxExpense": -3486000, "minorityInterest": {}, "netIncomeFromContinuingOps": -54776000, "discontinuedOperations": {}, "extraordinaryItems": {}, "effectOfAccountingCharges": {}, "otherItems": {}, "netIncome": -54776000, "netIncomeApplicableToCommonShares": -54776000}, {"maxAge": 1, "endDate": "2019-12-31", "totalRevenue": 275085000, "costOfRevenue": 153817000, "grossProfit": 121268000, "researchDevelopment": {}, "sellingGeneralAdministrative": 48679000, "nonRecurring": {}, "otherOperatingExpenses": 8014000, "totalOperatingExpenses": 235666000, "operatingIncome": 39419000, "totalOtherIncomeExpenseNet": -36283000, "ebit": 39419000, "interestExpense": -38336000, "incomeBeforeTax": 3136000, "incomeTaxExpense": 657000, "minorityInterest": {}, "netIncomeFromContinuingOps": 2479000, "discontinuedOperations": {}, "extraordinaryItems": {}, "effectOfAccountingCharges": {}, "otherItems": {}, "netIncome": 2479000, "netIncomeApplicableToCommonShares": 2479000}, {"maxAge": 1, "endDate": "2019-09-30", "totalRevenue": 229327000, "costOfRevenue": 89866000, "grossProfit": 139461000, "researchDevelopment": {}, "sellingGeneralAdministrative": 49112000, "nonRecurring": {}, "otherOperatingExpenses": 9388000, "totalOperatingExpenses": 172939000, "operatingIncome": 56388000, "totalOtherIncomeExpenseNet": 22570000, "ebit": 56388000, "interestExpense": -53025000, "incomeBeforeTax": 78958000, "incomeTaxExpense": 16529000, "minorityInterest": {}, "netIncomeFromContinuingOps": 62429000, "discontinuedOperations": {}, "extraordinaryItems": {}, "effectOfAccountingCharges": {}, "otherItems": {}, "netIncome": 62429000, "netIncomeApplicableToCommonShares": 62429000}], "maxAge": 86400}, "cashflowStatementHistoryQuarterly": {"cashflowStatements": [{"maxAge": 1, "endDate": "2020-06-30", "netIncome": -111273000, "changeToLiabilities": 0}, {"maxAge": 1, "endDate": "2020-03-31", "netIncome": -54776000, "changeToLiabilities": 0}, {"maxAge": 1, "endDate": "2019-12-31", "netIncome": 2479000, "changeToLiabilities": 0}, {"maxAge": 1, "endDate": "2019-09-30", "netIncome": 62429000, "changeToLiabilities": 0}], "maxAge": 86400}, "insiderHolders": {"holders": [{"maxAge": 1, "name": "Kirpalani (Alisha)", "relation": "UNREPORTED", "url": "", "transactionDescription": "Acquisition", "latestTransDate": "2009-10-27", "positionDirect": 14410, "positionDirectDate": "2009-10-27"}, {"maxAge": 1, "name": "R N Shetty Family Trust", "relation": "UNREPORTED", "url": "", "transactionDescription": "Sale", "latestTransDate": "2011-04-20", "positionDirect": 174590, "positionDirectDate": "2011-04-20"}], "maxAge": 1}, "earnings": {"maxAge": 86400, "earningsChart": {"quarterly": [], "earningsDate": []}, "financialsChart": {"yearly": [{"date": 2017, "revenue": 1052453000, "earnings": 13170000}, {"date": 2018, "revenue": 1193886000, "earnings": 49221000}, {"date": 2019, "revenue": 1257795000, "earnings": 47934000}, {"date": 2020, "revenue": 1031722000, "earnings": 17460000}], "quarterly": [{"date": "3Q2019", "revenue": 229327000, "earnings": 62429000}, {"date": "4Q2019", "revenue": 275085000, "earnings": 2479000}, {"date": "1Q2020", "revenue": 272420000, "earnings": -54776000}, {"date": "2Q2020", "revenue": 88447000, "earnings": -111273000}]}, "financialCurrency": "INR"}, "calendarEvents": {"maxAge": 1, "earnings": {"earningsDate": []}}, "upgradeDowngradeHistory": {"history": [], "maxAge": 86400}, "price": {"maxAge": 1, "regularMarketChangePercent": -0.012594459, "regularMarketChange": -0.25, "regularMarketTime": "2021-04-30 15:23:06", "priceHint": 2, "regularMarketPrice": 19.6, "regularMarketDayHigh": 20.3, "regularMarketDayLow": 19.55, "regularMarketVolume": 6527, "averageDailyVolume10Day": 16382, "averageDailyVolume3Month": 47560, "regularMarketPreviousClose": 19.85, "regularMarketSource": "FREE_REALTIME", "regularMarketOpen": 19.85, "exchange": "BSE", "exchangeName": "BSE", "exchangeDataDelayedBy": 0, "marketState": "CLOSED", "quoteType": "EQUITY", "symbol": "MURUDCERA.BO", "underlyingSymbol": null, "shortName": "MURUDESHWAR CERAMICS LTD.", "longName": "Murudeshwar Ceramics Limited", "currency": "INR", "quoteSourceName": "Delayed Quote", "currencySymbol": "\u20b9", "fromCurrency": null, "lastMarket": null, "marketCap": 932448448}, "balanceSheetHistory": {"balanceSheetStatements": [{"maxAge": 1, "endDate": "2020-03-31", "cash": 32709000, "netReceivables": 446313000, "inventory": 1041508000, "otherCurrentAssets": 56534000, "totalCurrentAssets": 1579036000, "longTermInvestments": 39029000, "propertyPlantEquipment": 3080672000, "otherAssets": 26418000, "totalAssets": 4725155000, "accountsPayable": 235252000, "shortLongTermDebt": 28223000, "otherCurrentLiab": 38278000, "longTermDebt": 78514000, "otherLiab": 200914000, "totalCurrentLiabilities": 1083007000, "totalLiab": 1382197000, "commonStock": 475817000, "retainedEarnings": 1428494000, "treasuryStock": 164714000, "capitalSurplus": 1273933000, "otherStockholderEquity": 164714000, "totalStockholderEquity": 3342958000, "netTangibleAssets": 3342958000}, {"maxAge": 1, "endDate": "2019-03-31", "cash": 30333000, "netReceivables": 486402000, "inventory": 1096274000, "otherCurrentAssets": 62331000, "totalCurrentAssets": 1679679000, "longTermInvestments": 39029000, "propertyPlantEquipment": 2989820000, "otherAssets": 26591000, "totalAssets": 4735119000, "accountsPayable": 148475000, "shortLongTermDebt": 29690000, "otherCurrentLiab": 73231000, "longTermDebt": 230254000, "otherLiab": 169390000, "totalCurrentLiabilities": 1004770000, "totalLiab": 1404414000, "commonStock": 475817000, "retainedEarnings": 1414007000, "treasuryStock": 166948000, "capitalSurplus": 1273933000, "otherStockholderEquity": 166948000, "totalStockholderEquity": 3330705000, "netTangibleAssets": 3330705000}, {"maxAge": 1, "endDate": "2018-03-31", "cash": 43715000, "netReceivables": 359519000, "inventory": 1118002000, "otherCurrentAssets": 102299000, "totalCurrentAssets": 1624488000, "longTermInvestments": 39029000, "propertyPlantEquipment": 3062154000, "otherAssets": 28909000, "totalAssets": 4754580000, "accountsPayable": 195805000, "otherCurrentLiab": 73227000, "longTermDebt": 322295000, "otherLiab": 174983000, "totalCurrentLiabilities": 1034188000, "totalLiab": 1531466000, "commonStock": 452117000, "retainedEarnings": 1365074000, "treasuryStock": 186500000, "capitalSurplus": 1219423000, "otherStockholderEquity": 186500000, "totalStockholderEquity": 3223114000, "netTangibleAssets": 3223114000}, {"maxAge": 1, "endDate": "2017-03-31", "cash": 59913000, "netReceivables": 393712000, "inventory": 1048134000, "otherCurrentAssets": 55052000, "totalCurrentAssets": 1563269000, "longTermInvestments": 39029000, "propertyPlantEquipment": 3103922000, "otherAssets": 67375000, "totalAssets": 4773595000, "accountsPayable": 213613000, "otherCurrentLiab": 98029000, "longTermDebt": 269378000, "otherLiab": 130978000, "totalCurrentLiabilities": 1096487000, "totalLiab": 1496843000, "commonStock": 429617000, "retainedEarnings": 1474399000, "treasuryStock": 205063000, "capitalSurplus": 1167673000, "otherStockholderEquity": 205063000, "totalStockholderEquity": 3276752000, "netTangibleAssets": 3276752000}], "maxAge": 86400}, "earningsTrend": {"trend": [{"maxAge": 1, "period": "0q", "endDate": null, "growth": {}, "earningsEstimate": {"avg": 0.0, "low": 0.0, "high": 0.0, "yearAgoEps": {}, "numberOfAnalysts": 0, "growth": {}}, "revenueEstimate": {"avg": 0, "low": 0, "high": 0, "numberOfAnalysts": 0, "yearAgoRevenue": {}, "growth": {}}, "epsTrend": {"current": 0.0, "7daysAgo": 0.0, "30daysAgo": 0.0, "60daysAgo": 0.0, "90daysAgo": 0.0}, "epsRevisions": {"upLast7days": 0, "upLast30days": 0, "downLast30days": 0, "downLast90days": {}}}, {"maxAge": 1, "period": "+1q", "endDate": null, "growth": {}, "earningsEstimate": {"avg": 0.0, "low": 0.0, "high": 0.0, "yearAgoEps": {}, "numberOfAnalysts": 0, "growth": {}}, "revenueEstimate": {"avg": 0, "low": 0, "high": 0, "numberOfAnalysts": 0, "yearAgoRevenue": {}, "growth": {}}, "epsTrend": {"current": 0.0, "7daysAgo": 0.0, "30daysAgo": 0.0, "60daysAgo": 0.0, "90daysAgo": 0.0}, "epsRevisions": {"upLast7days": 0, "upLast30days": 0, "downLast30days": 0, "downLast90days": {}}}, {"maxAge": 1, "period": "0y", "endDate": null, "growth": {}, "earningsEstimate": {"avg": 0.0, "low": 0.0, "high": 0.0, "yearAgoEps": {}, "numberOfAnalysts": 0, "growth": {}}, "revenueEstimate": {"avg": 0, "low": 0, "high": 0, "numberOfAnalysts": 0, "yearAgoRevenue": {}, "growth": {}}, "epsTrend": {"current": 0.0, "7daysAgo": 0.0, "30daysAgo": 0.0, "60daysAgo": 0.0, "90daysAgo": 0.0}, "epsRevisions": {"upLast7days": 0, "upLast30days": 0, "downLast30days": 0, "downLast90days": {}}}, {"maxAge": 1, "period": "+1y", "endDate": null, "growth": {}, "earningsEstimate": {"avg": 0.0, "low": 0.0, "high": 0.0, "yearAgoEps": {}, "numberOfAnalysts": 0, "growth": {}}, "revenueEstimate": {"avg": 0, "low": 0, "high": 0, "numberOfAnalysts": 0, "yearAgoRevenue": {}, "growth": {}}, "epsTrend": {"current": 0.0, "7daysAgo": 0.0, "30daysAgo": 0.0, "60daysAgo": 0.0, "90daysAgo": 0.0}, "epsRevisions": {"upLast7days": 0, "upLast30days": 0, "downLast30days": 0, "downLast90days": {}}}, {"maxAge": 1, "period": "+5y", "endDate": null, "growth": {}, "earningsEstimate": {"avg": {}, "low": {}, "high": {}, "yearAgoEps": {}, "numberOfAnalysts": {}, "growth": {}}, "revenueEstimate": {"avg": {}, "low": {}, "high": {}, "numberOfAnalysts": {}, "yearAgoRevenue": {}, "growth": {}}, "epsTrend": {"current": {}, "7daysAgo": {}, "30daysAgo": {}, "60daysAgo": {}, "90daysAgo": {}}, "epsRevisions": {"upLast7days": {}, "upLast30days": {}, "downLast30days": {}, "downLast90days": {}}}, {"maxAge": 1, "period": "-5y", "endDate": null, "growth": {}, "earningsEstimate": {"avg": {}, "low": {}, "high": {}, "yearAgoEps": {}, "numberOfAnalysts": {}, "growth": {}}, "revenueEstimate": {"avg": {}, "low": {}, "high": {}, "numberOfAnalysts": {}, "yearAgoRevenue": {}, "growth": {}}, "epsTrend": {"current": {}, "7daysAgo": {}, "30daysAgo": {}, "60daysAgo": {}, "90daysAgo": {}}, "epsRevisions": {"upLast7days": {}, "upLast30days": {}, "downLast30days": {}, "downLast90days": {}}}], "maxAge": 1}, "financialData": {"maxAge": 86400, "currentPrice": 19.6, "recommendationKey": "none", "grossProfits": 554045000, "financialCurrency": "INR"}}}