{"MYSORPETRO.BO": {"cashflowStatementHistory": {"cashflowStatements": [{"maxAge": 1, "endDate": "2020-03-31", "netIncome": 48560000, "depreciation": 6344000, "changeToNetincome": -62698000, "changeToAccountReceivables": -3415000, "changeToLiabilities": -1225000, "changeToOperatingActivities": -7757000, "totalCashFromOperatingActivities": -20191000, "investments": -79706000, "otherCashflowsFromInvestingActivities": 56784000, "totalCashflowsFromInvestingActivities": 21147000, "dividendsPaid": -15602000, "totalCashFromFinancingActivities": -15602000, "changeInCash": -14646000}, {"maxAge": 1, "endDate": "2019-03-31", "netIncome": 177593000, "depreciation": 6800000, "changeToNetincome": -208148000, "changeToAccountReceivables": -3865000, "changeToLiabilities": 15351000, "changeToOperatingActivities": -3354000, "totalCashFromOperatingActivities": -15623000, "investments": -139889000, "otherCashflowsFromInvestingActivities": 38770000, "totalCashflowsFromInvestingActivities": 62948000, "dividendsPaid": -15513000, "netBorrowings": -3208000, "totalCashFromFinancingActivities": -18721000, "changeInCash": 28604000}, {"maxAge": 1, "endDate": "2018-03-31", "netIncome": 716483000, "depreciation": 7821000, "changeToNetincome": -931634000, "changeToAccountReceivables": -3865000, "changeToLiabilities": -27359000, "changeToOperatingActivities": -10318000, "totalCashFromOperatingActivities": -245007000, "capitalExpenditures": -3688000, "investments": -55010000, "otherCashflowsFromInvestingActivities": 75941000, "totalCashflowsFromInvestingActivities": 252953000, "dividendsPaid": -7734000, "netBorrowings": -3208000, "otherCashflowsFromFinancingActivities": -684000, "totalCashFromFinancingActivities": -8418000, "changeInCash": -473000}, {"maxAge": 1, "endDate": "2017-03-31", "netIncome": 146827000, "depreciation": 29323000, "changeToNetincome": -119687000, "changeToAccountReceivables": 1977000, "changeToLiabilities": -17576000, "changeToInventory": 3466000, "changeToOperatingActivities": 8155000, "totalCashFromOperatingActivities": 52485000, "capitalExpenditures": -24736000, "investments": -14970000, "otherCashflowsFromInvestingActivities": 8949000, "totalCashflowsFromInvestingActivities": -30757000, "dividendsPaid": -7748000, "netBorrowings": -8900000, "otherCashflowsFromFinancingActivities": -9740000, "totalCashFromFinancingActivities": -26388000, "changeInCash": -4660000}], "maxAge": 86400}, "institutionOwnership": {"maxAge": 1, "ownershipList": []}, "balanceSheetHistoryQuarterly": {"balanceSheetStatements": [{"maxAge": 1, "endDate": "2020-06-30", "totalStockholderEquity": 1667076000, "netTangibleAssets": 1667076000}, {"maxAge": 1, "endDate": "2020-03-31", "cash": 19800000, "shortTermInvestments": 1128000, "netReceivables": 180653000, "otherCurrentAssets": 6185000, "totalCurrentAssets": 207932000, "longTermInvestments": 1154777000, "propertyPlantEquipment": 23959000, "otherAssets": 341448000, "totalAssets": 1728116000, "accountsPayable": 21555000, "otherCurrentLiab": 3505000, "otherLiab": 22040000, "totalCurrentLiabilities": 39000000, "totalLiab": 61040000, "commonStock": 65835000, "retainedEarnings": 1555784000, "treasuryStock": 5568000, "capitalSurplus": 39889000, "otherStockholderEquity": 5568000, "totalStockholderEquity": 1667076000, "netTangibleAssets": 1667076000}, {"maxAge": 1, "endDate": "2019-12-31"}, {"maxAge": 1, "endDate": "2019-09-30"}], "maxAge": 86400}, "indexTrend": {"maxAge": 1, "symbol": "SP5", "peRatio": 19.7411, "pegRatio": 1.34172, "estimates": [{"period": "0q", "growth": 0.549}, {"period": "+1q", "growth": 0.431}, {"period": "0y", "growth": 0.305}, {"period": "+1y", "growth": 0.109}, {"period": "+5y", "growth": 0.120859005}, {"period": "-5y"}]}, "insiderTransactions": {"transactions": [{"maxAge": 1, "shares": 579309, "filerUrl": "", "transactionText": "", "filerName": "Vincent India, Ltd.", "filerRelation": "Promoter", "moneyText": "", "startDate": "2019-03-18", "ownership": "D"}, {"maxAge": 1, "shares": 200000, "filerUrl": "", "transactionText": "", "filerName": "Savita Investments Co Ltd", "filerRelation": "Promoter", "moneyText": "", "startDate": "2019-03-18", "ownership": "D"}], "maxAge": 1}, "quoteType": {"exchange": "BSE", "quoteType": "EQUITY", "symbol": "MYSORPETRO.BO", "underlyingSymbol": "MYSORPETRO.BO", "shortName": "MYSORE PETRO CHEMICALS LTD.", "longName": "Mysore Petro Chemicals Limited", "firstTradeDateEpochUtc": "2000-02-22 09:15:00", "timeZoneFullName": "Asia/Kolkata", "timeZoneShortName": "IST", "uuid": "f264d6d8-8092-32e9-ae47-92274d9e73c9", "messageBoardId": null, "gmtOffSetMilliseconds": 19800000, "maxAge": 1}, "incomeStatementHistory": {"incomeStatementHistory": [{"maxAge": 1, "endDate": "2020-03-31", "totalRevenue": 129774000, "costOfRevenue": 121978000, "grossProfit": 7796000, "researchDevelopment": {}, "sellingGeneralAdministrative": 21282000, "nonRecurring": {}, "otherOperatingExpenses": -942000, "totalOperatingExpenses": 148662000, "operatingIncome": -18888000, "totalOtherIncomeExpenseNet": 72798000, "ebit": -18888000, "interestExpense": -568000, "incomeBeforeTax": 53910000, "incomeTaxExpense": 5350000, "minorityInterest": {}, "netIncomeFromContinuingOps": 48560000, "discontinuedOperations": {}, "extraordinaryItems": {}, "effectOfAccountingCharges": {}, "otherItems": {}, "netIncome": 48560000, "netIncomeApplicableToCommonShares": 48560000}, {"maxAge": 1, "endDate": "2019-03-31", "totalRevenue": 325768000, "costOfRevenue": 319133000, "grossProfit": 6635000, "researchDevelopment": {}, "sellingGeneralAdministrative": 20664000, "nonRecurring": {}, "otherOperatingExpenses": 3953000, "totalOperatingExpenses": 350550000, "operatingIncome": -24782000, "totalOtherIncomeExpenseNet": 209749000, "ebit": -24782000, "interestExpense": -406000, "incomeBeforeTax": 184967000, "incomeTaxExpense": 7374000, "minorityInterest": {}, "netIncomeFromContinuingOps": 177593000, "discontinuedOperations": {}, "extraordinaryItems": {}, "effectOfAccountingCharges": {}, "otherItems": {}, "netIncome": 177593000, "netIncomeApplicableToCommonShares": 177593000}, {"maxAge": 1, "endDate": "2018-03-31", "totalRevenue": 62300000, "costOfRevenue": 56588000, "grossProfit": 5712000, "researchDevelopment": {}, "sellingGeneralAdministrative": 22454000, "nonRecurring": {}, "otherOperatingExpenses": 10292000, "totalOperatingExpenses": 97155000, "operatingIncome": -34855000, "totalOtherIncomeExpenseNet": 921042000, "ebit": -34855000, "interestExpense": -580000, "incomeBeforeTax": 886187000, "incomeTaxExpense": 169704000, "minorityInterest": {}, "netIncomeFromContinuingOps": 716483000, "discontinuedOperations": {}, "extraordinaryItems": {}, "effectOfAccountingCharges": {}, "otherItems": {}, "netIncome": 716483000, "netIncomeApplicableToCommonShares": 716483000}, {"maxAge": 1, "endDate": "2017-03-31", "totalRevenue": 302976000, "costOfRevenue": 72631000, "grossProfit": 230345000, "researchDevelopment": {}, "sellingGeneralAdministrative": 111642000, "nonRecurring": {}, "otherOperatingExpenses": 56585000, "totalOperatingExpenses": 270144000, "operatingIncome": 32832000, "totalOtherIncomeExpenseNet": 122661000, "ebit": 32832000, "interestExpense": -11957000, "incomeBeforeTax": 155493000, "incomeTaxExpense": 8666000, "minorityInterest": {}, "netIncomeFromContinuingOps": 146827000, "discontinuedOperations": {}, "extraordinaryItems": {}, "effectOfAccountingCharges": {}, "otherItems": {}, "netIncome": 146827000, "netIncomeApplicableToCommonShares": 146827000}], "maxAge": 86400}, "fundOwnership": {"maxAge": 1, "ownershipList": []}, "summaryDetail": {"maxAge": 1, "priceHint": 2, "previousClose": 76.1, "open": 72.2, "dayLow": 72.2, "dayHigh": 74.85, "regularMarketPreviousClose": 76.1, "regularMarketOpen": 72.2, "regularMarketDayLow": 72.2, "regularMarketDayHigh": 74.85, "trailingPE": 9.99317, "volume": 2461, "regularMarketVolume": 2461, "averageVolume": 1912, "averageVolume10days": 9911, "averageDailyVolume10Day": 9911, "bid": 73.0, "ask": 74.45, "bidSize": 0, "askSize": 0, "marketCap": 481582304, "fiftyTwoWeekLow": 24.0, "fiftyTwoWeekHigh": 84.9, "fiftyDayAverage": 59.572857, "twoHundredDayAverage": 54.812042, "trailingAnnualDividendRate": 2.0, "trailingAnnualDividendYield": 0.02628121, "currency": "INR", "fromCurrency": null, "toCurrency": null, "lastMarket": null, "algorithm": null, "tradeable": false}, "incomeStatementHistoryQuarterly": {"incomeStatementHistory": [{"maxAge": 1, "endDate": "2020-06-30", "totalRevenue": 1790000, "costOfRevenue": 1561000, "grossProfit": 229000, "researchDevelopment": {}, "sellingGeneralAdministrative": 5166000, "nonRecurring": {}, "otherOperatingExpenses": 1187000, "totalOperatingExpenses": 9416000, "operatingIncome": -7626000, "totalOtherIncomeExpenseNet": 27989000, "ebit": -7626000, "interestExpense": -850000, "incomeBeforeTax": 20363000, "incomeTaxExpense": 4839000, "minorityInterest": {}, "netIncomeFromContinuingOps": 15524000, "discontinuedOperations": {}, "extraordinaryItems": {}, "effectOfAccountingCharges": {}, "otherItems": {}, "netIncome": 15524000, "netIncomeApplicableToCommonShares": 15524000}, {"maxAge": 1, "endDate": "2020-03-31", "totalRevenue": 51526000, "costOfRevenue": 47828000, "grossProfit": 3698000, "researchDevelopment": {}, "sellingGeneralAdministrative": 5579000, "nonRecurring": {}, "otherOperatingExpenses": -8464000, "totalOperatingExpenses": 46521000, "operatingIncome": 5005000, "totalOtherIncomeExpenseNet": 19056000, "ebit": 5005000, "interestExpense": -205000, "incomeBeforeTax": 24061000, "incomeTaxExpense": 2206000, "minorityInterest": {}, "netIncomeFromContinuingOps": 21855000, "discontinuedOperations": {}, "extraordinaryItems": {}, "effectOfAccountingCharges": {}, "otherItems": {}, "netIncome": 21875000, "netIncomeApplicableToCommonShares": 21875000}, {"maxAge": 1, "endDate": "2019-12-31", "totalRevenue": 50320000, "costOfRevenue": 48050000, "grossProfit": 2270000, "researchDevelopment": {}, "sellingGeneralAdministrative": 5440000, "nonRecurring": {}, "otherOperatingExpenses": 3690000, "totalOperatingExpenses": 58770000, "operatingIncome": -8450000, "totalOtherIncomeExpenseNet": 14350000, "ebit": -8450000, "interestExpense": -100000, "incomeBeforeTax": 5900000, "incomeTaxExpense": 830000, "minorityInterest": {}, "netIncomeFromContinuingOps": 5070000, "discontinuedOperations": {}, "extraordinaryItems": {}, "effectOfAccountingCharges": {}, "otherItems": {}, "netIncome": 5070000, "netIncomeApplicableToCommonShares": 5070000}, {"maxAge": 1, "endDate": "2019-09-30", "totalRevenue": 16440000, "costOfRevenue": 15740000, "grossProfit": 700000, "researchDevelopment": {}, "sellingGeneralAdministrative": 5150000, "nonRecurring": {}, "otherOperatingExpenses": 1520000, "totalOperatingExpenses": 24000000, "operatingIncome": -7560000, "totalOtherIncomeExpenseNet": 15320000, "ebit": -7560000, "interestExpense": -140000, "incomeBeforeTax": 7760000, "incomeTaxExpense": 2040000, "minorityInterest": {}, "netIncomeFromContinuingOps": 5720000, "discontinuedOperations": {}, "extraordinaryItems": {}, "effectOfAccountingCharges": {}, "otherItems": {}, "netIncome": 5700000, "netIncomeApplicableToCommonShares": 5700000}], "maxAge": 86400}, "cashflowStatementHistoryQuarterly": {"cashflowStatements": [{"maxAge": 1, "endDate": "2020-06-30", "netIncome": 15524000, "changeToLiabilities": 0}, {"maxAge": 1, "endDate": "2020-03-31", "netIncome": 21875000, "changeToLiabilities": 0}, {"maxAge": 1, "endDate": "2019-12-31", "netIncome": 5070000, "changeToLiabilities": 0}, {"maxAge": 1, "endDate": "2019-09-30", "netIncome": 5700000, "changeToLiabilities": 0}], "maxAge": 86400}, "insiderHolders": {"holders": [{"maxAge": 1, "name": "Savita Investments Co Ltd", "relation": "Promoter", "url": "", "transactionDescription": "Sale", "latestTransDate": "2019-03-18", "positionDirect": 1309503, "positionDirectDate": "2019-03-18"}, {"maxAge": 1, "name": "Vincent India, Ltd.", "relation": "Promoter", "url": "", "transactionDescription": "Acquisition", "latestTransDate": "2019-03-18", "positionDirect": 846365, "positionDirectDate": "2019-03-18"}], "maxAge": 1}, "calendarEvents": {"maxAge": 1, "earnings": {"earningsDate": []}}, "price": {"maxAge": 1, "regularMarketChangePercent": -0.038764745, "regularMarketChange": -2.949997, "regularMarketTime": "2021-04-30 15:29:58", "priceHint": 2, "regularMarketPrice": 73.15, "regularMarketDayHigh": 74.85, "regularMarketDayLow": 72.2, "regularMarketVolume": 2461, "averageDailyVolume10Day": 9911, "averageDailyVolume3Month": 1912, "regularMarketPreviousClose": 76.1, "regularMarketSource": "FREE_REALTIME", "regularMarketOpen": 72.2, "exchange": "BSE", "exchangeName": "BSE", "exchangeDataDelayedBy": 0, "marketState": "CLOSED", "quoteType": "EQUITY", "symbol": "MYSORPETRO.BO", "underlyingSymbol": null, "shortName": "MYSORE PETRO CHEMICALS LTD.", "longName": "Mysore Petro Chemicals Limited", "currency": "INR", "quoteSourceName": "Delayed Quote", "currencySymbol": "\u20b9", "fromCurrency": null, "toCurrency": null, "lastMarket": null, "marketCap": 481582304}, "balanceSheetHistory": {"balanceSheetStatements": [{"maxAge": 1, "endDate": "2020-03-31", "cash": 19800000, "shortTermInvestments": 1128000, "netReceivables": 180653000, "otherCurrentAssets": 6185000, "totalCurrentAssets": 207932000, "longTermInvestments": 1154777000, "propertyPlantEquipment": 23959000, "otherAssets": 341448000, "totalAssets": 1728116000, "accountsPayable": 21555000, "otherCurrentLiab": 3505000, "otherLiab": 22040000, "totalCurrentLiabilities": 39000000, "totalLiab": 61040000, "commonStock": 65835000, "retainedEarnings": 1555784000, "treasuryStock": 5568000, "capitalSurplus": 39889000, "otherStockholderEquity": 5568000, "totalStockholderEquity": 1667076000, "netTangibleAssets": 1667076000}, {"maxAge": 1, "endDate": "2019-03-31", "cash": 34446000, "shortTermInvestments": 4603000, "netReceivables": 164178000, "otherCurrentAssets": 5838000, "totalCurrentAssets": 209287000, "longTermInvestments": 1071845000, "propertyPlantEquipment": 28043000, "otherAssets": 385319000, "totalAssets": 1694494000, "accountsPayable": 30386000, "otherCurrentLiab": 1428000, "otherLiab": 11517000, "totalCurrentLiabilities": 48206000, "totalLiab": 59723000, "commonStock": 65835000, "retainedEarnings": 1523097000, "treasuryStock": 5950000, "capitalSurplus": 39889000, "otherStockholderEquity": 5950000, "totalStockholderEquity": 1634771000, "netTangibleAssets": 1634771000}, {"maxAge": 1, "endDate": "2018-03-31", "cash": 5842000, "shortTermInvestments": 527000, "netReceivables": 135120000, "otherCurrentAssets": 11558000, "totalCurrentAssets": 174395000, "longTermInvestments": 773775000, "propertyPlantEquipment": 51068000, "otherAssets": 523159000, "totalAssets": 1522397000, "accountsPayable": 13493000, "shortLongTermDebt": 3208000, "otherCurrentLiab": 7188000, "otherLiab": 12991000, "totalCurrentLiabilities": 36788000, "totalLiab": 49779000, "commonStock": 65835000, "retainedEarnings": 1361377000, "treasuryStock": 5517000, "capitalSurplus": 39889000, "otherStockholderEquity": 5517000, "totalStockholderEquity": 1472618000, "netTangibleAssets": 1472618000}, {"maxAge": 1, "endDate": "2017-03-31", "cash": 7906000, "shortTermInvestments": 897000, "netReceivables": 18012000, "inventory": 21172000, "otherCurrentAssets": 3854000, "totalCurrentAssets": 53614000, "longTermInvestments": 539481000, "propertyPlantEquipment": 185496000, "otherAssets": 150261000, "totalAssets": 928852000, "accountsPayable": 21597000, "shortLongTermDebt": 4020000, "otherCurrentLiab": 1858000, "longTermDebt": 57666000, "otherLiab": 25300000, "totalCurrentLiabilities": 83553000, "totalLiab": 166519000, "commonStock": 65835000, "retainedEarnings": 652818000, "treasuryStock": 3791000, "capitalSurplus": 39889000, "otherStockholderEquity": 3791000, "totalStockholderEquity": 762333000, "netTangibleAssets": 762333000}], "maxAge": 86400}, "financialData": {"maxAge": 86400, "currentPrice": 73.15, "recommendationKey": "none", "grossProfits": 7796000, "financialCurrency": "INR"}}}