{"NACLIND.BO": {"recommendationTrend": {"trend": [{"period": "0m", "strongBuy": 0, "buy": 0, "hold": 0, "sell": 0, "strongSell": 0}, {"period": "-1m", "strongBuy": 0, "buy": 0, "hold": 0, "sell": 0, "strongSell": 0}, {"period": "-2m", "strongBuy": 0, "buy": 0, "hold": 0, "sell": 0, "strongSell": 0}, {"period": "-3m", "strongBuy": 0, "buy": 0, "hold": 0, "sell": 0, "strongSell": 0}], "maxAge": 86400}, "cashflowStatementHistory": {"cashflowStatements": [{"maxAge": 1, "endDate": "2020-03-31", "netIncome": 167400000, "depreciation": 207400000, "changeToNetincome": 478700000, "changeToAccountReceivables": -1006500000, "changeToLiabilities": 569600000, "changeToInventory": 595100000, "changeToOperatingActivities": -13600000, "totalCashFromOperatingActivities": 1030400000, "capitalExpenditures": -699300000, "otherCashflowsFromInvestingActivities": -266100000, "totalCashflowsFromInvestingActivities": -965300000, "dividendsPaid": -19200000, "netBorrowings": 406000000, "otherCashflowsFromFinancingActivities": -286000000, "totalCashFromFinancingActivities": 702300000, "changeInCash": 767400000, "issuanceOfStock": 601500000}, {"maxAge": 1, "endDate": "2019-03-31", "netIncome": -69500000, "depreciation": 165500000, "changeToNetincome": 327300000, "changeToAccountReceivables": 133400000, "changeToLiabilities": 255400000, "changeToInventory": -219300000, "changeToOperatingActivities": -266700000, "totalCashFromOperatingActivities": 364100000, "capitalExpenditures": -225100000, "investments": -32200000, "otherCashflowsFromInvestingActivities": -14400000, "totalCashflowsFromInvestingActivities": -270400000, "dividendsPaid": -19600000, "netBorrowings": -288200000, "otherCashflowsFromFinancingActivities": -326600000, "totalCashFromFinancingActivities": -92400000, "changeInCash": 1300000, "issuanceOfStock": 542000000}, {"maxAge": 1, "endDate": "2018-03-31", "netIncome": 115700000, "depreciation": 165100000, "changeToNetincome": 315800000, "changeToAccountReceivables": -671200000, "changeToLiabilities": 382000000, "changeToInventory": 96400000, "changeToOperatingActivities": -191600000, "totalCashFromOperatingActivities": 244800000, "capitalExpenditures": -134100000, "investments": -32200000, "otherCashflowsFromInvestingActivities": -9000000, "totalCashflowsFromInvestingActivities": -141700000, "dividendsPaid": -19500000, "netBorrowings": 239700000, "otherCashflowsFromFinancingActivities": -336200000, "totalCashFromFinancingActivities": -113200000, "changeInCash": -10100000, "issuanceOfStock": 2800000}, {"maxAge": 1, "endDate": "2017-03-31", "netIncome": 326600000, "depreciation": 249300000, "changeToNetincome": 446800000, "changeToAccountReceivables": -534700000, "changeToLiabilities": 251300000, "changeToInventory": -285900000, "changeToOperatingActivities": 98200000, "totalCashFromOperatingActivities": 584600000, "capitalExpenditures": -107000000, "investments": -32200000, "otherCashflowsFromInvestingActivities": 8900000, "totalCashflowsFromInvestingActivities": -56900000, "dividendsPaid": -18800000, "netBorrowings": -189300000, "otherCashflowsFromFinancingActivities": -377800000, "totalCashFromFinancingActivities": -582000000, "changeInCash": -54300000, "issuanceOfStock": 3900000}], "maxAge": 86400}, "institutionOwnership": {"ownershipList": [], "maxAge": 1}, "balanceSheetHistoryQuarterly": {"balanceSheetStatements": [{"maxAge": 1, "endDate": "2020-06-30", "totalStockholderEquity": 3569600000, "netTangibleAssets": 3477100000}, {"maxAge": 1, "endDate": "2020-03-31", "cash": 835800000, "shortTermInvestments": 1300000, "netReceivables": 3727700000, "inventory": 1645000000, "otherCurrentAssets": 672400000, "totalCurrentAssets": 6910100000, "longTermInvestments": 150300000, "propertyPlantEquipment": 2237000000, "intangibleAssets": 92500000, "otherAssets": 155200000, "totalAssets": 9545100000, "accountsPayable": 2682600000, "shortLongTermDebt": 117500000, "otherCurrentLiab": 353000000, "longTermDebt": 217500000, "otherLiab": 192800000, "totalCurrentLiabilities": 5533600000, "totalLiab": 5975500000, "commonStock": 192600000, "retainedEarnings": 2285800000, "treasuryStock": -43900000, "capitalSurplus": 1135100000, "otherStockholderEquity": -43900000, "totalStockholderEquity": 3569600000, "netTangibleAssets": 3477100000}, {"maxAge": 1, "endDate": "2019-12-31", "totalStockholderEquity": 2900700000, "netTangibleAssets": 2803800000}, {"maxAge": 1, "endDate": "2019-09-30", "cash": 315600000, "shortTermInvestments": 84600000, "netReceivables": 3530800000, "inventory": 1876400000, "otherCurrentAssets": 318400000, "totalCurrentAssets": 6125800000, "longTermInvestments": 144400000, "propertyPlantEquipment": 1826400000, "intangibleAssets": 96900000, "otherAssets": 222500000, "totalAssets": 8416000000, "accountsPayable": 2266600000, "shortLongTermDebt": 176000000, "otherCurrentLiab": 190700000, "longTermDebt": 343600000, "otherLiab": 179800000, "totalCurrentLiabilities": 4940700000, "totalLiab": 5515300000, "commonStock": 167400000, "treasuryStock": 2733300000, "otherStockholderEquity": 2733300000, "totalStockholderEquity": 2900700000, "netTangibleAssets": 2803800000}], "maxAge": 86400}, "earningsHistory": {"history": [{"maxAge": 1, "epsActual": {}, "epsEstimate": {}, "epsDifference": {}, "surprisePercent": {}, "quarter": {}, "period": "-4q"}, {"maxAge": 1, "epsActual": {}, "epsEstimate": {}, "epsDifference": {}, "surprisePercent": {}, "quarter": {}, "period": "-3q"}, {"maxAge": 1, "epsActual": {}, "epsEstimate": {}, "epsDifference": {}, "surprisePercent": {}, "quarter": {}, "period": "-2q"}, {"maxAge": 1, "epsActual": 0.02, "epsEstimate": 0.1, "epsDifference": -0.08, "surprisePercent": -0.8, "quarter": "2018-03-31", "period": "-1q"}], "maxAge": 86400}, "indexTrend": {"maxAge": 1, "symbol": "SP5", "peRatio": 19.7411, "pegRatio": 1.34172, "estimates": [{"period": "0q", "growth": 0.549}, {"period": "+1q", "growth": 0.431}, {"period": "0y", "growth": 0.305}, {"period": "+1y", "growth": 0.109}, {"period": "+5y", "growth": 0.120865}, {"period": "-5y"}]}, "industryTrend": {"maxAge": 1, "symbol": null, "estimates": []}, "insiderTransactions": {"transactions": [{"maxAge": 1, "shares": 5000000, "value": 662500, "filerUrl": "", "transactionText": "Other at price 0.13 per share.", "filerName": "Raju (Lakshmi K)", "filerRelation": "Director (Executive)", "moneyText": "", "startDate": "2020-09-30", "ownership": "D"}, {"maxAge": 1, "shares": 586499, "filerUrl": "", "transactionText": "", "filerName": "Bright Town Investment Advisor. Pvt. Ltd", "filerRelation": "UNREPORTED", "moneyText": "", "startDate": "2019-09-27", "ownership": "D"}, {"maxAge": 1, "shares": 7404024, "filerUrl": "", "transactionText": "", "filerName": "Raju (Lakshmi K)", "filerRelation": "Director (Non-Executive)", "moneyText": "", "startDate": "2019-03-27", "ownership": "D"}, {"maxAge": 1, "shares": 910, "filerUrl": "", "transactionText": "", "filerName": "Shanakar (Vijay V)", "filerRelation": "Managing Director", "moneyText": "", "startDate": "2015-03-24", "ownership": "D"}, {"maxAge": 1, "shares": 294, "filerUrl": "", "transactionText": "", "filerName": "Shankar (Radhika Meenakshi)", "filerRelation": "UNREPORTED", "moneyText": "", "startDate": "2014-12-16", "ownership": "D"}, {"maxAge": 1, "shares": 6071, "filerUrl": "", "transactionText": "", "filerName": "Shanakar (Vijay V)", "filerRelation": "Managing Director", "moneyText": "", "startDate": "2014-12-16", "ownership": "D"}, {"maxAge": 1, "shares": 2718, "filerUrl": "", "transactionText": "", "filerName": "Shankar (Radhika Meenakshi)", "filerRelation": "UNREPORTED", "moneyText": "", "startDate": "2014-12-09", "ownership": "D"}, {"maxAge": 1, "shares": 541, "filerUrl": "", "transactionText": "", "filerName": "Shankar (Radhika Meenakshi)", "filerRelation": "UNREPORTED", "moneyText": "", "startDate": "2014-12-05", "ownership": "D"}, {"maxAge": 1, "shares": 6909, "filerUrl": "", "transactionText": "", "filerName": "Subudhi (Satish Kumar)", "filerRelation": "Company Secretary", "moneyText": "", "startDate": "2014-03-07", "ownership": "D"}, {"maxAge": 1, "shares": 80599, "filerUrl": "", "transactionText": "", "filerName": "Subudhi (Satish Kumar)", "filerRelation": "Company Secretary", "moneyText": "", "startDate": "2014-03-06", "ownership": "D"}, {"maxAge": 1, "shares": 41603, "filerUrl": "", "transactionText": "", "filerName": "Subudhi (Satish Kumar)", "filerRelation": "Company Secretary", "moneyText": "", "startDate": "2013-12-26", "ownership": "D"}, {"maxAge": 1, "shares": 54794, "filerUrl": "", "transactionText": "", "filerName": "Subudhi (Satish Kumar)", "filerRelation": "Company Secretary", "moneyText": "", "startDate": "2013-12-24", "ownership": "D"}, {"maxAge": 1, "shares": 3603, "filerUrl": "", "transactionText": "", "filerName": "Subudhi (Satish Kumar)", "filerRelation": "Company Secretary", "moneyText": "", "startDate": "2013-12-23", "ownership": "D"}, {"maxAge": 1, "shares": 150800, "filerUrl": "", "transactionText": "", "filerName": "Raju (Lakshmi K)", "filerRelation": "Director (Non-Executive)", "moneyText": "", "startDate": "2012-05-23", "ownership": "D"}, {"maxAge": 1, "shares": 150800, "filerUrl": "", "transactionText": "", "filerName": "Kanumuru (Rahul Raju)", "filerRelation": "Director (Non-Executive)", "moneyText": "", "startDate": "2012-05-23", "ownership": "D"}], "maxAge": 1}, "quoteType": {"exchange": "BSE", "quoteType": "EQUITY", "symbol": "NACLIND.BO", "underlyingSymbol": "NACLIND.BO", "shortName": "NACL Industries Limited", "longName": "NACL Industries Limited", "firstTradeDateEpochUtc": "2002-01-09 09:15:00", "timeZoneFullName": "Asia/Kolkata", "timeZoneShortName": "IST", "uuid": "8cc94caf-a0f4-38a3-8fc0-a89ec9736afd", "gmtOffSetMilliseconds": 19800000, "maxAge": 1}, "incomeStatementHistory": {"incomeStatementHistory": [{"maxAge": 1, "endDate": "2020-03-31", "totalRevenue": 10179500000, "costOfRevenue": 7169700000, "grossProfit": 3009800000, "researchDevelopment": {}, "sellingGeneralAdministrative": 1107300000, "nonRecurring": {}, "otherOperatingExpenses": 1057600000, "totalOperatingExpenses": 9687200000, "operatingIncome": 492300000, "totalOtherIncomeExpenseNet": -253200000, "ebit": 492300000, "interestExpense": -253000000, "incomeBeforeTax": 239100000, "incomeTaxExpense": 71700000, "minorityInterest": {}, "netIncomeFromContinuingOps": 167400000, "discontinuedOperations": {}, "extraordinaryItems": {}, "effectOfAccountingCharges": {}, "otherItems": {}, "netIncome": 167400000, "netIncomeApplicableToCommonShares": 167400000}, {"maxAge": 1, "endDate": "2019-03-31", "totalRevenue": 8696700000, "costOfRevenue": 6134500000, "grossProfit": 2562200000, "researchDevelopment": {}, "sellingGeneralAdministrative": 1135400000, "nonRecurring": {}, "otherOperatingExpenses": 1076000000, "totalOperatingExpenses": 8656400000, "operatingIncome": 40300000, "totalOtherIncomeExpenseNet": -175200000, "ebit": 40300000, "interestExpense": -286500000, "incomeBeforeTax": -134900000, "incomeTaxExpense": -65400000, "minorityInterest": {}, "netIncomeFromContinuingOps": -69500000, "discontinuedOperations": {}, "extraordinaryItems": {}, "effectOfAccountingCharges": {}, "otherItems": {}, "netIncome": -69500000, "netIncomeApplicableToCommonShares": -69500000}, {"maxAge": 1, "endDate": "2018-03-31", "totalRevenue": 8467000000, "costOfRevenue": 5645300000, "grossProfit": 2821700000, "researchDevelopment": {}, "sellingGeneralAdministrative": 1229300000, "nonRecurring": {}, "otherOperatingExpenses": 1069900000, "totalOperatingExpenses": 8152300000, "operatingIncome": 314700000, "totalOtherIncomeExpenseNet": -160400000, "ebit": 314700000, "interestExpense": -277500000, "incomeBeforeTax": 154300000, "incomeTaxExpense": 38600000, "minorityInterest": {}, "netIncomeFromContinuingOps": 115700000, "discontinuedOperations": {}, "extraordinaryItems": {}, "effectOfAccountingCharges": {}, "otherItems": {}, "netIncome": 115700000, "netIncomeApplicableToCommonShares": 115700000}, {"maxAge": 1, "endDate": "2017-03-31", "totalRevenue": 7347200000, "costOfRevenue": 4556200000, "grossProfit": 2791000000, "researchDevelopment": {}, "sellingGeneralAdministrative": 1075800000, "nonRecurring": {}, "otherOperatingExpenses": 1069500000, "totalOperatingExpenses": 7049200000, "operatingIncome": 298000000, "totalOtherIncomeExpenseNet": 17400000, "ebit": 298000000, "interestExpense": -314900000, "incomeBeforeTax": 315400000, "incomeTaxExpense": -11200000, "minorityInterest": {}, "netIncomeFromContinuingOps": 326600000, "discontinuedOperations": {}, "extraordinaryItems": {}, "effectOfAccountingCharges": {}, "otherItems": {}, "netIncome": 326600000, "netIncomeApplicableToCommonShares": 326600000}], "maxAge": 86400}, "fundOwnership": {"ownershipList": [], "maxAge": 1}, "summaryDetail": {"maxAge": 1, "priceHint": 2, "previousClose": 37.7, "open": 38.3, "dayLow": 37.45, "dayHigh": 38.3, "regularMarketPreviousClose": 37.7, "regularMarketOpen": 38.3, "regularMarketDayLow": 37.45, "regularMarketDayHigh": 38.3, "trailingPE": 30.79443, "forwardPE": 40.430107, "volume": 2277, "regularMarketVolume": 2277, "averageVolume": 18602, "averageVolume10days": 9028, "averageDailyVolume10Day": 9028, "bid": 37.5, "ask": 38.2, "bidSize": 0, "askSize": 0, "marketCap": 6294991872, "fiftyTwoWeekLow": 17.05, "fiftyTwoWeekHigh": 51.1, "fiftyDayAverage": 42.621212, "twoHundredDayAverage": 40.68272, "trailingAnnualDividendRate": 0.125, "trailingAnnualDividendYield": 0.0033156497, "currency": "INR", "fromCurrency": null, "lastMarket": null, "algorithm": null, "tradeable": false}, "sectorTrend": {"maxAge": 1, "symbol": null, "estimates": []}, "incomeStatementHistoryQuarterly": {"incomeStatementHistory": [{"maxAge": 1, "endDate": "2020-06-30", "totalRevenue": 2520200000, "costOfRevenue": 1771500000, "grossProfit": 748700000, "researchDevelopment": {}, "sellingGeneralAdministrative": 217800000, "nonRecurring": {}, "otherOperatingExpenses": 349300000, "totalOperatingExpenses": 2404100000, "operatingIncome": 116100000, "totalOtherIncomeExpenseNet": -33400000, "ebit": 116100000, "interestExpense": -67900000, "incomeBeforeTax": 82700000, "incomeTaxExpense": 26800000, "minorityInterest": {}, "netIncomeFromContinuingOps": 55900000, "discontinuedOperations": {}, "extraordinaryItems": {}, "effectOfAccountingCharges": {}, "otherItems": {}, "netIncome": 55900000, "netIncomeApplicableToCommonShares": 55900000}, {"maxAge": 1, "endDate": "2020-03-31", "totalRevenue": 2796900000, "costOfRevenue": 1971000000, "grossProfit": 825900000, "researchDevelopment": {}, "sellingGeneralAdministrative": 482400000, "nonRecurring": {}, "otherOperatingExpenses": -7100000, "totalOperatingExpenses": 2617800000, "operatingIncome": 179100000, "totalOtherIncomeExpenseNet": -110100000, "ebit": 179100000, "interestExpense": -37000000, "incomeBeforeTax": 69000000, "incomeTaxExpense": 20200000, "minorityInterest": {}, "netIncomeFromContinuingOps": 48800000, "discontinuedOperations": {}, "extraordinaryItems": {}, "effectOfAccountingCharges": {}, "otherItems": {}, "netIncome": 48800000, "netIncomeApplicableToCommonShares": 48800000}, {"maxAge": 1, "endDate": "2019-12-31", "totalRevenue": 2386800000, "costOfRevenue": 1693800000, "grossProfit": 693000000, "researchDevelopment": {}, "sellingGeneralAdministrative": 206100000, "nonRecurring": {}, "otherOperatingExpenses": 326300000, "totalOperatingExpenses": 2286300000, "operatingIncome": 100500000, "totalOtherIncomeExpenseNet": -51300000, "ebit": 100500000, "interestExpense": -76700000, "incomeBeforeTax": 49200000, "incomeTaxExpense": 11500000, "minorityInterest": {}, "netIncomeFromContinuingOps": 37700000, "discontinuedOperations": {}, "extraordinaryItems": {}, "effectOfAccountingCharges": {}, "otherItems": {}, "netIncome": 37700000, "netIncomeApplicableToCommonShares": 37700000}, {"maxAge": 1, "endDate": "2019-09-30", "totalRevenue": 3017200000, "costOfRevenue": 2224000000, "grossProfit": 793200000, "researchDevelopment": {}, "sellingGeneralAdministrative": 228600000, "nonRecurring": {}, "otherOperatingExpenses": 365400000, "totalOperatingExpenses": 2879900000, "operatingIncome": 137300000, "totalOtherIncomeExpenseNet": -32500000, "ebit": 137300000, "interestExpense": -73900000, "incomeBeforeTax": 104800000, "incomeTaxExpense": 38100000, "minorityInterest": {}, "netIncomeFromContinuingOps": 66700000, "discontinuedOperations": {}, "extraordinaryItems": {}, "effectOfAccountingCharges": {}, "otherItems": {}, "netIncome": 66700000, "netIncomeApplicableToCommonShares": 66700000}], "maxAge": 86400}, "cashflowStatementHistoryQuarterly": {"cashflowStatements": [{"maxAge": 1, "endDate": "2020-06-30", "netIncome": 55900000, "changeToLiabilities": 0}, {"maxAge": 1, "endDate": "2020-03-31", "netIncome": 48800000, "changeToLiabilities": 0}, {"maxAge": 1, "endDate": "2019-12-31", "netIncome": 37700000, "changeToLiabilities": 0}, {"maxAge": 1, "endDate": "2019-09-30", "netIncome": 66700000, "changeToLiabilities": 0}], "maxAge": 86400}, "insiderHolders": {"holders": [{"maxAge": 1, "name": "Bright Town Investment Advisor. Pvt. Ltd", "relation": "UNREPORTED", "url": "", "transactionDescription": "Other", "latestTransDate": "2019-09-27", "positionDirect": 586499, "positionDirectDate": "2019-09-27"}, {"maxAge": 1, "name": "Kanumuru (Rahul Raju)", "relation": "Director (Non-Executive)", "url": "", "transactionDescription": "Sale", "latestTransDate": "2012-05-23", "positionDirect": 0, "positionDirectDate": "2012-05-23"}, {"maxAge": 1, "name": "Raju (Lakshmi K)", "relation": "Director (Executive)", "url": "", "transactionDescription": "Other", "latestTransDate": "2020-09-30", "positionDirect": 12705860, "positionDirectDate": "2020-09-30"}, {"maxAge": 1, "name": "Shanakar (Vijay V)", "relation": "Managing Director", "url": "", "transactionDescription": "Acquisition", "latestTransDate": "2015-03-24", "positionDirect": 6981, "positionDirectDate": "2015-03-24"}, {"maxAge": 1, "name": "Shankar (Radhika Meenakshi)", "relation": "UNREPORTED", "url": "", "transactionDescription": "Acquisition", "latestTransDate": "2014-12-16", "positionDirect": 15015, "positionDirectDate": "2014-12-16"}, {"maxAge": 1, "name": "Subudhi (Satish Kumar)", "relation": "Company Secretary", "url": "", "transactionDescription": "Acquisition", "latestTransDate": "2014-03-07", "positionDirect": 187508, "positionDirectDate": "2014-03-07"}], "maxAge": 1}, "earnings": {"maxAge": 86400, "earningsChart": {"quarterly": [{"date": "1Q2018", "actual": 0.02, "estimate": 0.1}], "currentQuarterEstimateDate": "2Q", "currentQuarterEstimateYear": 2018, "earningsDate": ["2020-08-26 05:30:S"]}, "financialsChart": {"yearly": [{"date": 2017, "revenue": 7347200000, "earnings": 326600000}, {"date": 2018, "revenue": 8467000000, "earnings": 115700000}, {"date": 2019, "revenue": 8696700000, "earnings": -69500000}, {"date": 2020, "revenue": 10179500000, "earnings": 167400000}], "quarterly": [{"date": "3Q2019", "revenue": 3017200000, "earnings": 66700000}, {"date": "4Q2019", "revenue": 2386800000, "earnings": 37700000}, {"date": "1Q2020", "revenue": 2796900000, "earnings": 48800000}, {"date": "2Q2020", "revenue": 2520200000, "earnings": 55900000}]}, "financialCurrency": "INR"}, "calendarEvents": {"maxAge": 1, "earnings": {"earningsDate": ["2020-08-26 05:30:S"], "revenueAverage": 2224600000}}, "upgradeDowngradeHistory": {"history": [], "maxAge": 86400}, "price": {"maxAge": 1, "regularMarketChangePercent": -0.0026525808, "regularMarketChange": -0.10000229, "regularMarketTime": "2021-04-30 15:28:08", "priceHint": 2, "regularMarketPrice": 37.6, "regularMarketDayHigh": 38.3, "regularMarketDayLow": 37.45, "regularMarketVolume": 2277, "averageDailyVolume10Day": 9028, "averageDailyVolume3Month": 18602, "regularMarketPreviousClose": 37.7, "regularMarketSource": "FREE_REALTIME", "regularMarketOpen": 38.3, "exchange": "BSE", "exchangeName": "BSE", "exchangeDataDelayedBy": 0, "marketState": "CLOSED", "quoteType": "EQUITY", "symbol": "NACLIND.BO", "underlyingSymbol": null, "shortName": "NACL Industries Limited", "longName": "NACL Industries Limited", "currency": "INR", "quoteSourceName": "Delayed Quote", "currencySymbol": "\u20b9", "fromCurrency": null, "lastMarket": null, "marketCap": 6294991872}, "balanceSheetHistory": {"balanceSheetStatements": [{"maxAge": 1, "endDate": "2020-03-31", "cash": 835800000, "shortTermInvestments": 1300000, "netReceivables": 3727700000, "inventory": 1645000000, "otherCurrentAssets": 672400000, "totalCurrentAssets": 6910100000, "longTermInvestments": 150300000, "propertyPlantEquipment": 2237000000, "intangibleAssets": 92500000, "otherAssets": 155200000, "totalAssets": 9545100000, "accountsPayable": 2682600000, "shortLongTermDebt": 117500000, "otherCurrentLiab": 353000000, "longTermDebt": 217500000, "otherLiab": 192800000, "totalCurrentLiabilities": 5533600000, "totalLiab": 5975500000, "commonStock": 192600000, "retainedEarnings": 2285800000, "treasuryStock": -43900000, "capitalSurplus": 1135100000, "otherStockholderEquity": -43900000, "totalStockholderEquity": 3569600000, "netTangibleAssets": 3477100000}, {"maxAge": 1, "endDate": "2019-03-31", "cash": 68400000, "shortTermInvestments": 1500000, "netReceivables": 2791000000, "inventory": 2240100000, "otherCurrentAssets": 419300000, "totalCurrentAssets": 5547200000, "longTermInvestments": 140500000, "propertyPlantEquipment": 1519000000, "intangibleAssets": 102400000, "otherAssets": 115700000, "deferredLongTermAssetCharges": 10300000, "totalAssets": 7424800000, "accountsPayable": 2091000000, "shortLongTermDebt": 129700000, "otherCurrentLiab": 160400000, "longTermDebt": 117700000, "otherLiab": 152400000, "totalCurrentLiabilities": 4313400000, "totalLiab": 4583500000, "commonStock": 167400000, "retainedEarnings": 2163400000, "treasuryStock": 153800000, "capitalSurplus": 356700000, "otherStockholderEquity": 153800000, "totalStockholderEquity": 2841300000, "netTangibleAssets": 2738900000}, {"maxAge": 1, "endDate": "2018-03-31", "cash": 67100000, "shortTermInvestments": 1500000, "netReceivables": 2882300000, "inventory": 2020800000, "otherCurrentAssets": 297900000, "totalCurrentAssets": 5298000000, "longTermInvestments": 101000000, "propertyPlantEquipment": 1511300000, "intangibleAssets": 114200000, "otherAssets": 105700000, "totalAssets": 7130200000, "accountsPayable": 1828300000, "shortLongTermDebt": 179300000, "otherCurrentLiab": 205600000, "longTermDebt": 202400000, "otherLiab": 220100000, "totalCurrentLiabilities": 4317000000, "totalLiab": 4739500000, "commonStock": 156300000, "retainedEarnings": 2256400000, "treasuryStock": -46200000, "capitalSurplus": 24200000, "otherStockholderEquity": -46200000, "totalStockholderEquity": 2390700000, "netTangibleAssets": 2276500000}, {"maxAge": 1, "endDate": "2017-03-31", "cash": 77200000, "shortTermInvestments": 1500000, "netReceivables": 2223600000, "inventory": 2226400000, "otherCurrentAssets": 71800000, "totalCurrentAssets": 4617900000, "longTermInvestments": 87000000, "propertyPlantEquipment": 1591600000, "intangibleAssets": 105700000, "otherAssets": 107300000, "totalAssets": 6509500000, "accountsPayable": 1423800000, "shortLongTermDebt": 149000000, "otherCurrentLiab": 308100000, "longTermDebt": 297800000, "otherLiab": 236000000, "totalCurrentLiabilities": 3684700000, "totalLiab": 4218500000, "commonStock": 156100000, "retainedEarnings": 2164300000, "treasuryStock": -51000000, "capitalSurplus": 21600000, "otherStockholderEquity": -51000000, "totalStockholderEquity": 2291000000, "netTangibleAssets": 2185300000}], "maxAge": 86400}, "earningsTrend": {"trend": [{"maxAge": 1, "period": "0q", "endDate": "2018-06-30", "growth": {}, "earningsEstimate": {"avg": 0.0, "low": 0.0, "high": 0.0, "yearAgoEps": {}, "numberOfAnalysts": 0, "growth": {}}, "revenueEstimate": {"avg": 2224600000, "low": 0, "high": 0, "numberOfAnalysts": 0, "yearAgoRevenue": 1862000000, "growth": 0.195}, "epsTrend": {"current": 0.0, "7daysAgo": 0.0, "30daysAgo": 0.0, "60daysAgo": 0.0, "90daysAgo": 0.0}, "epsRevisions": {"upLast7days": 0, "upLast30days": 0, "downLast30days": 0, "downLast90days": {}}}, {"maxAge": 1, "period": "+1q", "endDate": "2018-09-30", "growth": {}, "earningsEstimate": {"avg": 0.0, "low": 0.0, "high": 0.0, "yearAgoEps": {}, "numberOfAnalysts": 0, "growth": {}}, "revenueEstimate": {"avg": 2909200000, "low": 0, "high": 0, "numberOfAnalysts": 0, "yearAgoRevenue": 3072600000, "growth": -0.053000003}, "epsTrend": {"current": 0.0, "7daysAgo": 0.0, "30daysAgo": 0.0, "60daysAgo": 0.0, "90daysAgo": 0.0}, "epsRevisions": {"upLast7days": 0, "upLast30days": 0, "downLast30days": 0, "downLast90days": {}}}, {"maxAge": 1, "period": "0y", "endDate": "2019-03-31", "growth": {}, "earningsEstimate": {"avg": 0.0, "low": 0.0, "high": 0.0, "yearAgoEps": {}, "numberOfAnalysts": 0, "growth": {}}, "revenueEstimate": {"avg": 9343840000, "low": 9343840000, "high": 9343840000, "numberOfAnalysts": 1, "yearAgoRevenue": 8460600000, "growth": 0.103999995}, "epsTrend": {"current": 0.0, "7daysAgo": 0.81, "30daysAgo": 0.81, "60daysAgo": 0.81, "90daysAgo": 0.81}, "epsRevisions": {"upLast7days": 0, "upLast30days": 0, "downLast30days": 0, "downLast90days": {}}}, {"maxAge": 1, "period": "+1y", "endDate": "2020-03-31", "growth": {}, "earningsEstimate": {"avg": 0.0, "low": 0.0, "high": 0.0, "yearAgoEps": {}, "numberOfAnalysts": 0, "growth": {}}, "revenueEstimate": {"avg": 10037200000, "low": 10037200000, "high": 10037200000, "numberOfAnalysts": 1, "yearAgoRevenue": 9343840000, "growth": 0.074}, "epsTrend": {"current": 0.0, "7daysAgo": 0.93, "30daysAgo": 0.93, "60daysAgo": 0.93, "90daysAgo": 0.93}, "epsRevisions": {"upLast7days": 0, "upLast30days": 0, "downLast30days": 0, "downLast90days": {}}}, {"maxAge": 1, "period": "+5y", "endDate": null, "growth": {}, "earningsEstimate": {"avg": {}, "low": {}, "high": {}, "yearAgoEps": {}, "numberOfAnalysts": {}, "growth": {}}, "revenueEstimate": {"avg": {}, "low": {}, "high": {}, "numberOfAnalysts": {}, "yearAgoRevenue": {}, "growth": {}}, "epsTrend": {"current": {}, "7daysAgo": {}, "30daysAgo": {}, "60daysAgo": {}, "90daysAgo": {}}, "epsRevisions": {"upLast7days": {}, "upLast30days": {}, "downLast30days": {}, "downLast90days": {}}}, {"maxAge": 1, "period": "-5y", "endDate": null, "growth": {}, "earningsEstimate": {"avg": {}, "low": {}, "high": {}, "yearAgoEps": {}, "numberOfAnalysts": {}, "growth": {}}, "revenueEstimate": {"avg": {}, "low": {}, "high": {}, "numberOfAnalysts": {}, "yearAgoRevenue": {}, "growth": {}}, "epsTrend": {"current": {}, "7daysAgo": {}, "30daysAgo": {}, "60daysAgo": {}, "90daysAgo": {}}, "epsRevisions": {"upLast7days": {}, "upLast30days": {}, "downLast30days": {}, "downLast90days": {}}}], "maxAge": 1}, "financialData": {"maxAge": 86400, "currentPrice": 37.6, "targetHighPrice": 90.0, "targetLowPrice": 90.0, "targetMeanPrice": 90.0, "targetMedianPrice": 90.0, "recommendationKey": "none", "numberOfAnalystOpinions": 1, "grossProfits": 3009800000, "financialCurrency": "INR"}}}