{"NAGAFERT.NS": {"assetProfile": {"address1": "Nagarjuna Hills", "city": "Hyderabad", "zip": "500082", "country": "India", "phone": "91 40 2335 7200", "fax": "91 40 2335 4788", "website": "http://www.nagarjunafertilizers.com", "industry": "Agricultural Inputs", "sector": "Basic Materials", "longBusinessSummary": "Nagarjuna Fertilizers and Chemicals Limited manufactures and markets fertilizers and micro irrigation equipment in India and internationally. It manufactures urea and anhydrous ammonia; and markets diammonium phosphate, muriate of potash, zinc sulphate heptahydrate, zinc sulphate mono-hydrate, chelated zinc, di-sodium octa borate tetra hydrate, and specialty fertilizers. The company also provides micro irrigation products and services, including head control units, water carrier system components, and water distribution system components that ensure slow, regular, and precise delivery of water and agricultural inputs to the crop; and operation, maintenance, project management, and other specialist services for the management of chemical process plants. In addition, it offers services to facilitate farm yield and profitability enhancement through agricultural technology transfer and critical information dissemination online and offline. Nagarjuna Fertilizers and Chemicals Limited was founded in 1985 and is based in Hyderabad, India.", "fullTimeEmployees": 1060, "companyOfficers": [{"maxAge": 1, "name": "Mr. Kanumuru Rahul Raju", "age": 44, "title": "CFO, MD & Exec. Director", "yearBorn": 1976, "fiscalYear": 2020, "totalPay": 6944691, "exercisedValue": 0, "unexercisedValue": 0}, {"maxAge": 1, "name": "Mr. R. M. Deshpande", "age": 73, "title": "Exec. Director & Head of Operation", "yearBorn": 1947, "exercisedValue": 0, "unexercisedValue": 0}, {"maxAge": 1, "name": "Mr. Gollapudi Sai Srinivasa Rao", "age": 52, "title": "VP of Legal", "yearBorn": 1968, "exercisedValue": 0, "unexercisedValue": 0}, {"maxAge": 1, "name": "Mr. M. Vijaya Bhasker", "title": "Company Sec. & Compliance Officer", "fiscalYear": 2020, "totalPay": 1864893, "exercisedValue": 0, "unexercisedValue": 0}, {"maxAge": 1, "name": "Mr. Sudhir  Bhansali", "age": 62, "title": "Exec. Director", "yearBorn": 1958, "exercisedValue": 0, "unexercisedValue": 0}, {"maxAge": 1, "name": "Mr. R.  Raghavan", "age": 61, "title": "Sr. VP of Urea Manufacturing", "yearBorn": 1959, "exercisedValue": 0, "unexercisedValue": 0}, {"maxAge": 1, "name": "Mr. A. Nasara Reddy", "age": 60, "title": "Sr. VP", "yearBorn": 1960, "exercisedValue": 0, "unexercisedValue": 0}, {"maxAge": 1, "name": "K. Radha Krishna", "age": 55, "title": "VP of Operations and Marketing", "yearBorn": 1965, "fiscalYear": 2017, "exercisedValue": 0, "unexercisedValue": 0}, {"maxAge": 1, "name": "M. S. N. Murthy", "age": 53, "title": "Chief Risk Officer", "yearBorn": 1967, "fiscalYear": 2017, "exercisedValue": 0, "unexercisedValue": 0}, {"maxAge": 1, "name": "Mr. Ranvir Sain Nanda", "age": 76, "title": "Sr. Advisor to Chairman & MD", "yearBorn": 1944, "fiscalYear": 2014, "exercisedValue": 0, "unexercisedValue": 0}], "compensationAsOfEpochDate": "2020-12-31 05:30:00", "maxAge": 86400}, "cashflowStatementHistory": {"cashflowStatements": [{"maxAge": 1, "endDate": "2020-03-31", "netIncome": -4588924000, "depreciation": 821349000, "changeToNetincome": 3093705000, "changeToAccountReceivables": -4110486000, "changeToLiabilities": 5607401000, "changeToInventory": -24807000, "changeToOperatingActivities": -120101000, "totalCashFromOperatingActivities": 678137000, "capitalExpenditures": -11165000, "investments": 468000, "totalCashflowsFromInvestingActivities": -6039000, "dividendsPaid": -27855000, "netBorrowings": -63224000, "otherCashflowsFromFinancingActivities": -944427000, "totalCashFromFinancingActivities": -1035506000, "changeInCash": -363408000}, {"maxAge": 1, "endDate": "2019-03-31", "netIncome": -4862355000, "depreciation": 888302000, "changeToNetincome": 3076398000, "changeToAccountReceivables": 8612135000, "changeToLiabilities": -6597556000, "changeToInventory": 425039000, "changeToOperatingActivities": 461875000, "totalCashFromOperatingActivities": 2003838000, "capitalExpenditures": -132809000, "investments": -310392000, "totalCashflowsFromInvestingActivities": -440755000, "dividendsPaid": -23485000, "netBorrowings": -492959000, "otherCashflowsFromFinancingActivities": -2014413000, "totalCashFromFinancingActivities": -2530857000, "changeInCash": -967774000}, {"maxAge": 1, "endDate": "2018-03-31", "netIncome": -215374000, "depreciation": 892810000, "changeToNetincome": 3100694000, "changeToAccountReceivables": -5130222000, "changeToLiabilities": 5301400000, "changeToInventory": 672184000, "changeToOperatingActivities": -390135000, "totalCashFromOperatingActivities": 4231357000, "capitalExpenditures": -304379000, "investments": -13275000, "otherCashflowsFromInvestingActivities": -13275000, "totalCashflowsFromInvestingActivities": -316788000, "dividendsPaid": -14037000, "netBorrowings": -2182381000, "otherCashflowsFromFinancingActivities": -3070626000, "totalCashFromFinancingActivities": -5267044000, "changeInCash": -1352475000}, {"maxAge": 1, "endDate": "2017-03-31", "netIncome": -1217936000, "depreciation": 892056000, "changeToNetincome": 3007577000, "changeToAccountReceivables": 7887609000, "changeToLiabilities": -7087682000, "changeToInventory": 156697000, "changeToOperatingActivities": -42097000, "totalCashFromOperatingActivities": 3596224000, "capitalExpenditures": -82758000, "investments": 84390000, "otherCashflowsFromInvestingActivities": 84390000, "totalCashflowsFromInvestingActivities": 488804000, "dividendsPaid": -307000, "netBorrowings": -713555000, "otherCashflowsFromFinancingActivities": -3204314000, "totalCashFromFinancingActivities": -3918176000, "changeInCash": 166852000}], "maxAge": 86400}, "institutionOwnership": {"maxAge": 1, "ownershipList": []}, "majorHoldersBreakdown": {"maxAge": 1, "insidersPercentHeld": 0.6253, "institutionsPercentHeld": 0.0, "institutionsFloatPercentHeld": 0.0, "institutionsCount": 0}, "balanceSheetHistoryQuarterly": {"balanceSheetStatements": [{"maxAge": 1, "endDate": "2020-12-31", "totalStockholderEquity": -1786846000, "netTangibleAssets": -1786846000}, {"maxAge": 1, "endDate": "2020-09-30", "cash": 1480068000, "shortTermInvestments": 109250000, "netReceivables": 9358491000, "inventory": 672775000, "otherCurrentAssets": 645138000, "totalCurrentAssets": 12265722000, "longTermInvestments": 1341000, "propertyPlantEquipment": 22334561000, "otherAssets": 285872000, "totalAssets": 34887496000, "accountsPayable": 9895943000, "shortLongTermDebt": 7020407000, "otherCurrentLiab": 34790000, "longTermDebt": 317410000, "otherLiab": 3496225000, "minorityInterest": 282000, "totalCurrentLiabilities": 32860425000, "totalLiab": 36674060000, "commonStock": 598065000, "treasuryStock": -2384911000, "otherStockholderEquity": -2384911000, "totalStockholderEquity": -1786846000, "netTangibleAssets": -1786846000}, {"maxAge": 1, "endDate": "2020-06-30", "totalStockholderEquity": 1315936000, "netTangibleAssets": 1315936000}, {"maxAge": 1, "endDate": "2020-03-31", "cash": 489592000, "netReceivables": 12687605000, "inventory": 1052459000, "otherCurrentAssets": 1514877000, "totalCurrentAssets": 15805093000, "longTermInvestments": 1346000, "propertyPlantEquipment": 24266108000, "otherAssets": 297614000, "totalAssets": 40370161000, "accountsPayable": 13110202000, "shortLongTermDebt": 2339406000, "otherCurrentLiab": 565176000, "longTermDebt": 304242000, "otherLiab": 4000824000, "minorityInterest": 282000, "totalCurrentLiabilities": 34748877000, "totalLiab": 39053943000, "commonStock": 598065000, "retainedEarnings": -15429450000, "treasuryStock": 5185385000, "capitalSurplus": 10961936000, "otherStockholderEquity": 5185385000, "totalStockholderEquity": 1315936000, "netTangibleAssets": 1315936000}], "maxAge": 86400}, "indexTrend": {"maxAge": 1, "symbol": "SP5", "peRatio": 19.7411, "pegRatio": 1.34172, "estimates": [{"period": "0q", "growth": 0.549}, {"period": "+1q", "growth": 0.431}, {"period": "0y", "growth": 0.305}, {"period": "+1y", "growth": 0.109}, {"period": "+5y", "growth": 0.120865}, {"period": "-5y"}]}, "defaultKeyStatistics": {"maxAge": 1, "priceHint": 2, "enterpriseValue": 24898609152, "profitMargins": -0.33102, "floatShares": 219232245, "sharesOutstanding": 598065024, "heldPercentInsiders": 0.6253, "heldPercentInstitutions": 0.0, "beta": 1.033702, "category": null, "bookValue": -2.987, "fundFamily": null, "legalType": null, "lastFiscalYearEnd": "2020-03-31 05:30:00", "nextFiscalYearEnd": "2022-03-31 05:30:00", "mostRecentQuarter": "2020-12-31 05:30:00", "netIncomeToCommon": -5304948224, "trailingEps": -8.873, "lastSplitFactor": null, "enterpriseToRevenue": 1.554, "enterpriseToEbitda": -50.744, "52WeekChange": 0.52, "SandP52WeekChange": 0.48148263, "lastDividendValue": 1.0, "lastDividendDate": 1310601600}, "summaryProfile": {"address1": "Nagarjuna Hills", "city": "Hyderabad", "zip": "500082", "country": "India", "phone": "91 40 2335 7200", "fax": "91 40 2335 4788", "website": "http://www.nagarjunafertilizers.com", "industry": "Agricultural Inputs", "sector": "Basic Materials", "longBusinessSummary": "Nagarjuna Fertilizers and Chemicals Limited manufactures and markets fertilizers and micro irrigation equipment in India and internationally. It manufactures urea and anhydrous ammonia; and markets diammonium phosphate, muriate of potash, zinc sulphate heptahydrate, zinc sulphate mono-hydrate, chelated zinc, di-sodium octa borate tetra hydrate, and specialty fertilizers. The company also provides micro irrigation products and services, including head control units, water carrier system components, and water distribution system components that ensure slow, regular, and precise delivery of water and agricultural inputs to the crop; and operation, maintenance, project management, and other specialist services for the management of chemical process plants. In addition, it offers services to facilitate farm yield and profitability enhancement through agricultural technology transfer and critical information dissemination online and offline. Nagarjuna Fertilizers and Chemicals Limited was founded in 1985 and is based in Hyderabad, India.", "fullTimeEmployees": 1060, "companyOfficers": [], "maxAge": 86400}, "netSharePurchaseActivity": {"maxAge": 1, "period": "6m", "buyInfoCount": 0, "buyInfoShares": 0, "sellInfoCount": 0, "netInfoCount": 0, "netInfoShares": 0, "netPercentInsiderShares": 0.0, "totalInsiderShares": 373694048}, "insiderTransactions": {"transactions": [{"maxAge": 1, "shares": 375151, "filerUrl": "", "transactionText": "", "filerName": "Nagarjuna Holdings Pvt. Ltd", "filerRelation": "UNREPORTED", "moneyText": "", "startDate": "2009-10-05", "ownership": "D"}], "maxAge": 1}, "quoteType": {"exchange": "NSI", "quoteType": "EQUITY", "symbol": "NAGAFERT.NS", "underlyingSymbol": "NAGAFERT.NS", "shortName": "NAGARJUNA FERTILIZ", "longName": "Nagarjuna Fertilizers and Chemicals Limited", "firstTradeDateEpochUtc": "2002-08-12 09:15:00", "timeZoneFullName": "Asia/Kolkata", "timeZoneShortName": "IST", "uuid": "f3847a49-2a59-35ce-b685-4c7faee22622", "messageBoardId": "finmb_878784", "gmtOffSetMilliseconds": 19800000, "maxAge": 1}, "incomeStatementHistory": {"incomeStatementHistory": [{"maxAge": 1, "endDate": "2020-03-31", "totalRevenue": 17079934000, "costOfRevenue": 15034682000, "grossProfit": 2045252000, "researchDevelopment": {}, "sellingGeneralAdministrative": 1150444000, "nonRecurring": {}, "otherOperatingExpenses": 1937324000, "totalOperatingExpenses": 18943799000, "operatingIncome": -1863865000, "totalOtherIncomeExpenseNet": -3059663000, "ebit": -1863865000, "interestExpense": -2904266000, "incomeBeforeTax": -4923528000, "incomeTaxExpense": -334604000, "minorityInterest": 282000, "netIncomeFromContinuingOps": -4588924000, "discontinuedOperations": {}, "extraordinaryItems": {}, "effectOfAccountingCharges": {}, "otherItems": {}, "netIncome": -4588924000, "netIncomeApplicableToCommonShares": -4588924000}, {"maxAge": 1, "endDate": "2019-03-31", "totalRevenue": 19438267000, "costOfRevenue": 16174835000, "grossProfit": 3263432000, "researchDevelopment": {}, "sellingGeneralAdministrative": 1806811000, "nonRecurring": {}, "otherOperatingExpenses": 2557744000, "totalOperatingExpenses": 21427692000, "operatingIncome": -1989425000, "totalOtherIncomeExpenseNet": -3234574000, "ebit": -1989425000, "interestExpense": -2746568000, "incomeBeforeTax": -5223999000, "incomeTaxExpense": -361644000, "minorityInterest": 282000, "netIncomeFromContinuingOps": -4862355000, "discontinuedOperations": {}, "extraordinaryItems": {}, "effectOfAccountingCharges": {}, "otherItems": {}, "netIncome": -4862355000, "netIncomeApplicableToCommonShares": -4862355000}, {"maxAge": 1, "endDate": "2018-03-31", "totalRevenue": 39248735000, "costOfRevenue": 29220703000, "grossProfit": 10028032000, "researchDevelopment": {}, "sellingGeneralAdministrative": 1953133000, "nonRecurring": {}, "otherOperatingExpenses": 4736256000, "totalOperatingExpenses": 36802902000, "operatingIncome": 2445833000, "totalOtherIncomeExpenseNet": -2711425000, "ebit": 2445833000, "interestExpense": -2581142000, "incomeBeforeTax": -265592000, "incomeTaxExpense": -50218000, "minorityInterest": 282000, "netIncomeFromContinuingOps": -215374000, "discontinuedOperations": {}, "extraordinaryItems": {}, "effectOfAccountingCharges": {}, "otherItems": {}, "netIncome": -215374000, "netIncomeApplicableToCommonShares": -215374000}, {"maxAge": 1, "endDate": "2017-03-31", "totalRevenue": 33799265000, "costOfRevenue": 24973808000, "grossProfit": 8825457000, "researchDevelopment": {}, "sellingGeneralAdministrative": 1780096000, "nonRecurring": {}, "otherOperatingExpenses": 4742045000, "totalOperatingExpenses": 32388005000, "operatingIncome": 1411260000, "totalOtherIncomeExpenseNet": -2992251000, "ebit": 1411260000, "interestExpense": -2685707000, "incomeBeforeTax": -1580991000, "incomeTaxExpense": -363055000, "minorityInterest": 283000, "netIncomeFromContinuingOps": -1217936000, "discontinuedOperations": {}, "extraordinaryItems": {}, "effectOfAccountingCharges": {}, "otherItems": {}, "netIncome": -1217936000, "netIncomeApplicableToCommonShares": -1217936000}], "maxAge": 86400}, "fundOwnership": {"maxAge": 1, "ownershipList": []}, "summaryDetail": {"maxAge": 1, "priceHint": 2, "previousClose": 5.65, "open": 5.65, "dayLow": 5.55, "dayHigh": 5.8, "regularMarketPreviousClose": 5.65, "regularMarketOpen": 5.65, "regularMarketDayLow": 5.55, "regularMarketDayHigh": 5.8, "exDividendDate": "2011-07-14 05:30:00", "payoutRatio": 0.0, "beta": 1.033702, "volume": 262991, "regularMarketVolume": 262991, "averageVolume": 393082, "averageVolume10days": 181074, "averageDailyVolume10Day": 181074, "bid": 0.0, "ask": 0.0, "bidSize": 0, "askSize": 0, "marketCap": 3396903680, "fiftyTwoWeekLow": 3.6, "fiftyTwoWeekHigh": 7.9, "priceToSalesTrailing12Months": 0.21196268, "fiftyDayAverage": 5.977941, "twoHundredDayAverage": 5.2552447, "currency": "INR", "fromCurrency": null, "toCurrency": null, "lastMarket": null, "algorithm": null, "tradeable": false}, "incomeStatementHistoryQuarterly": {"incomeStatementHistory": [{"maxAge": 1, "endDate": "2020-12-31", "totalRevenue": 4296689000, "costOfRevenue": 3463386000, "grossProfit": 833303000, "researchDevelopment": {}, "sellingGeneralAdministrative": 214720000, "nonRecurring": {}, "otherOperatingExpenses": 499892000, "totalOperatingExpenses": 4386076000, "operatingIncome": -89387000, "totalOtherIncomeExpenseNet": -845590000, "ebit": -89387000, "interestExpense": -888141000, "incomeBeforeTax": -934977000, "incomeTaxExpense": -74399000, "minorityInterest": {}, "netIncomeFromContinuingOps": -860578000, "discontinuedOperations": {}, "extraordinaryItems": {}, "effectOfAccountingCharges": {}, "otherItems": {}, "netIncome": -860578000, "netIncomeApplicableToCommonShares": -860578000}, {"maxAge": 1, "endDate": "2020-09-30", "totalRevenue": 2796762000, "costOfRevenue": 2318169000, "grossProfit": 478593000, "researchDevelopment": {}, "sellingGeneralAdministrative": 220983000, "nonRecurring": {}, "otherOperatingExpenses": 499823000, "totalOperatingExpenses": 3246537000, "operatingIncome": -449775000, "totalOtherIncomeExpenseNet": -2221017000, "ebit": -449775000, "interestExpense": -888354000, "incomeBeforeTax": -2670792000, "incomeTaxExpense": -421348000, "minorityInterest": 282000, "netIncomeFromContinuingOps": -2249444000, "discontinuedOperations": {}, "extraordinaryItems": {}, "effectOfAccountingCharges": {}, "otherItems": {}, "netIncome": -2249444000, "netIncomeApplicableToCommonShares": -2249444000}, {"maxAge": 1, "endDate": "2020-06-30", "totalRevenue": 4644932000, "costOfRevenue": 3881344000, "grossProfit": 763588000, "researchDevelopment": {}, "sellingGeneralAdministrative": 234829000, "nonRecurring": {}, "otherOperatingExpenses": 421113000, "totalOperatingExpenses": 4740851000, "operatingIncome": -95919000, "totalOtherIncomeExpenseNet": -834186000, "ebit": -95919000, "interestExpense": -861735000, "incomeBeforeTax": -930105000, "incomeTaxExpense": -76765000, "minorityInterest": 282000, "netIncomeFromContinuingOps": -853340000, "discontinuedOperations": {}, "extraordinaryItems": {}, "effectOfAccountingCharges": {}, "otherItems": {}, "netIncome": -853340000, "netIncomeApplicableToCommonShares": -853340000}, {"maxAge": 1, "endDate": "2020-03-31", "totalRevenue": 4287568000, "costOfRevenue": 3989856000, "grossProfit": 297712000, "researchDevelopment": {}, "sellingGeneralAdministrative": 318274000, "nonRecurring": {}, "otherOperatingExpenses": 402731000, "totalOperatingExpenses": 4914294000, "operatingIncome": -626726000, "totalOtherIncomeExpenseNet": -826759000, "ebit": -626726000, "interestExpense": -461266000, "incomeBeforeTax": -1453485000, "incomeTaxExpense": -111898000, "minorityInterest": 282000, "netIncomeFromContinuingOps": -1341587000, "discontinuedOperations": {}, "extraordinaryItems": {}, "effectOfAccountingCharges": {}, "otherItems": {}, "netIncome": -1341587000, "netIncomeApplicableToCommonShares": -1341587000}], "maxAge": 86400}, "cashflowStatementHistoryQuarterly": {"cashflowStatements": [{"maxAge": 1, "endDate": "2020-12-31", "netIncome": -860578000, "changeToLiabilities": 0}, {"maxAge": 1, "endDate": "2020-09-30", "netIncome": -2249444000, "changeToLiabilities": 0}, {"maxAge": 1, "endDate": "2020-06-30", "netIncome": -853340000, "changeToLiabilities": 0}, {"maxAge": 1, "endDate": "2020-03-31", "netIncome": -1341587000, "changeToLiabilities": 0}], "maxAge": 86400}, "insiderHolders": {"holders": [{"maxAge": 1, "name": "Nagarjuna Holdings Pvt. Ltd", "relation": "UNREPORTED", "url": "", "transactionDescription": "Acquisition", "latestTransDate": "2009-10-05", "positionDirect": 34226625, "positionDirectDate": "2009-10-05"}], "maxAge": 1}, "calendarEvents": {"maxAge": 1, "earnings": {"earningsDate": []}, "exDividendDate": "2011-07-14 05:30:00"}, "price": {"maxAge": 1, "regularMarketChangePercent": 0.008849507, "regularMarketChange": 0.049999714, "regularMarketTime": "2021-04-30 15:29:50", "priceHint": 2, "regularMarketPrice": 5.7, "regularMarketDayHigh": 5.8, "regularMarketDayLow": 5.55, "regularMarketVolume": 262991, "averageDailyVolume10Day": 181074, "averageDailyVolume3Month": 393082, "regularMarketPreviousClose": 5.65, "regularMarketSource": "FREE_REALTIME", "regularMarketOpen": 5.65, "exchange": "NSI", "exchangeName": "NSE", "exchangeDataDelayedBy": 15, "marketState": "CLOSED", "quoteType": "EQUITY", "symbol": "NAGAFERT.NS", "underlyingSymbol": null, "shortName": "NAGARJUNA FERTILIZ", "longName": "Nagarjuna Fertilizers and Chemicals Limited", "currency": "INR", "quoteSourceName": "Delayed Quote", "currencySymbol": "\u20b9", "fromCurrency": null, "toCurrency": null, "lastMarket": null, "marketCap": 3396903680}, "balanceSheetHistory": {"balanceSheetStatements": [{"maxAge": 1, "endDate": "2020-03-31", "cash": 489592000, "netReceivables": 12687605000, "inventory": 1052459000, "otherCurrentAssets": 1514877000, "totalCurrentAssets": 15805093000, "longTermInvestments": 1346000, "propertyPlantEquipment": 24266108000, "otherAssets": 297614000, "totalAssets": 40370161000, "accountsPayable": 13110202000, "shortLongTermDebt": 2339406000, "otherCurrentLiab": 565176000, "longTermDebt": 304242000, "otherLiab": 4000824000, "minorityInterest": 282000, "totalCurrentLiabilities": 34748877000, "totalLiab": 39053943000, "commonStock": 598065000, "retainedEarnings": -15429450000, "treasuryStock": 5185385000, "capitalSurplus": 10961936000, "otherStockholderEquity": 5185385000, "totalStockholderEquity": 1315936000, "netTangibleAssets": 1315936000}, {"maxAge": 1, "endDate": "2019-03-31", "cash": 562166000, "netReceivables": 8763099000, "inventory": 1027652000, "otherCurrentAssets": 1578228000, "totalCurrentAssets": 11953135000, "longTermInvestments": 1263000, "propertyPlantEquipment": 25084049000, "otherAssets": 246511000, "totalAssets": 37284958000, "accountsPayable": 7488044000, "shortLongTermDebt": 3791327000, "otherCurrentLiab": 718297000, "longTermDebt": 326602000, "otherLiab": 4381614000, "minorityInterest": 282000, "totalCurrentLiabilities": 26705767000, "totalLiab": 31413983000, "commonStock": 598065000, "retainedEarnings": -10874691000, "treasuryStock": 5185385000, "capitalSurplus": 10961934000, "otherStockholderEquity": 5185385000, "totalStockholderEquity": 5870693000, "netTangibleAssets": 5870693000}, {"maxAge": 1, "endDate": "2018-03-31", "cash": 132493000, "netReceivables": 17386361000, "inventory": 1452691000, "otherCurrentAssets": 1305549000, "totalCurrentAssets": 20427070000, "longTermInvestments": 1287000, "propertyPlantEquipment": 25858384000, "intangibleAssets": 147420000, "otherAssets": 485142000, "totalAssets": 46919303000, "accountsPayable": 14627462000, "shortLongTermDebt": 1548016000, "otherCurrentLiab": 409535000, "longTermDebt": 4082474000, "otherLiab": 4783237000, "minorityInterest": 282000, "totalCurrentLiabilities": 27321107000, "totalLiab": 36186818000, "commonStock": 598065000, "retainedEarnings": -6013181000, "treasuryStock": 5185385000, "capitalSurplus": 10961934000, "otherStockholderEquity": 5185385000, "totalStockholderEquity": 10732203000, "netTangibleAssets": 10584783000}, {"maxAge": 1, "endDate": "2017-03-31", "cash": 568903000, "netReceivables": 12327514000, "inventory": 2124875000, "otherCurrentAssets": 736595000, "totalCurrentAssets": 15854915000, "longTermInvestments": 1587000, "propertyPlantEquipment": 26460187000, "intangibleAssets": 196560000, "otherAssets": 433150000, "totalAssets": 42946399000, "accountsPayable": 9474408000, "shortLongTermDebt": 1474958000, "otherCurrentLiab": 298612000, "longTermDebt": 5588097000, "otherLiab": 4850639000, "minorityInterest": 283000, "totalCurrentLiabilities": 21583934000, "totalLiab": 32022670000, "commonStock": 598065000, "retainedEarnings": -6030737000, "treasuryStock": 5394184000, "capitalSurplus": 10961934000, "otherStockholderEquity": 5394184000, "totalStockholderEquity": 10923446000, "netTangibleAssets": 10726886000}], "maxAge": 86400}, "financialData": {"maxAge": 86400, "currentPrice": 5.7, "recommendationKey": "none", "totalCash": 1589318016, "totalCashPerShare": 2.659, "ebitda": -490672736, "totalDebt": 23081191424, "totalRevenue": 16025951232, "revenuePerShare": 26.805, "grossProfits": 2045252000, "revenueGrowth": -0.045, "grossMargins": 0.14807999, "ebitdaMargins": -0.030620001, "operatingMargins": -0.07874, "profitMargins": -0.33102, "financialCurrency": "INR"}}}