{"NAGPI.BO": {"cashflowStatementHistory": {"cashflowStatements": [{"maxAge": 1, "endDate": "2020-03-31", "netIncome": -38486128, "depreciation": 7289903, "changeToNetincome": -34705284, "changeToAccountReceivables": 20682158, "changeToLiabilities": -12665561, "changeToInventory": 102509, "changeToOperatingActivities": 3259120, "totalCashFromOperatingActivities": -38532268, "capitalExpenditures": -29800178, "investments": 60946502, "otherCashflowsFromInvestingActivities": 8185789, "totalCashflowsFromInvestingActivities": 38447002, "netBorrowings": 46220678, "otherCashflowsFromFinancingActivities": -22370542, "totalCashFromFinancingActivities": 23850136, "changeInCash": 23764871}, {"maxAge": 1, "endDate": "2019-03-31", "netIncome": -1888631, "depreciation": 6955827, "changeToNetincome": 415595, "changeToAccountReceivables": -15874818, "changeToLiabilities": -8146679, "changeToInventory": 2575053, "changeToOperatingActivities": 21389679, "totalCashFromOperatingActivities": 19179290, "capitalExpenditures": -26413566, "investments": 2590957, "otherCashflowsFromInvestingActivities": 8057470, "totalCashflowsFromInvestingActivities": -19688323, "netBorrowings": -3865455, "otherCashflowsFromFinancingActivities": -922156, "totalCashFromFinancingActivities": -4787611, "changeInCash": -5296643}, {"maxAge": 1, "endDate": "2018-03-31", "netIncome": -3344450, "depreciation": 6312960, "changeToNetincome": -1273611, "changeToAccountReceivables": -3097435, "changeToLiabilities": 28862231, "changeToInventory": -37784109, "changeToOperatingActivities": -20500519, "totalCashFromOperatingActivities": -18703391, "capitalExpenditures": -18589348, "investments": 34714685, "otherCashflowsFromInvestingActivities": 4054381, "totalCashflowsFromInvestingActivities": 22554954, "netBorrowings": 9244273, "otherCashflowsFromFinancingActivities": -9651217, "totalCashFromFinancingActivities": -406944, "changeInCash": 3444619}, {"maxAge": 1, "endDate": "2017-03-31", "netIncome": 2925131, "depreciation": 7899848, "changeToNetincome": -21188261, "changeToAccountReceivables": -11217748, "changeToLiabilities": 7378279, "changeToInventory": 2615318, "changeToOperatingActivities": 3782811, "totalCashFromOperatingActivities": 3663006, "capitalExpenditures": -12984794, "investments": 15488493, "otherCashflowsFromInvestingActivities": 2078876, "totalCashflowsFromInvestingActivities": 9724144, "netBorrowings": 2202067, "otherCashflowsFromFinancingActivities": -9467989, "totalCashFromFinancingActivities": -7265922, "changeInCash": 6121230}], "maxAge": 86400}, "institutionOwnership": {"maxAge": 1, "ownershipList": []}, "balanceSheetHistoryQuarterly": {"balanceSheetStatements": [{"maxAge": 1, "endDate": "2020-06-30", "totalStockholderEquity": 735276724, "netTangibleAssets": 566632522}, {"maxAge": 1, "endDate": "2020-03-31", "cash": 5165763, "shortTermInvestments": 32904561, "netReceivables": 81994190, "inventory": 109810420, "otherCurrentAssets": 13984981, "totalCurrentAssets": 483085027, "longTermInvestments": 22845008, "propertyPlantEquipment": 218458770, "goodWill": 166652797, "intangibleAssets": 1991405, "otherAssets": 57292209, "deferredLongTermAssetCharges": 187246, "totalAssets": 950325216, "accountsPayable": 48077553, "otherCurrentLiab": 4434532, "longTermDebt": 12868750, "otherLiab": 5725750, "deferredLongTermLiab": 36184107, "minorityInterest": 6883826, "totalCurrentLiabilities": 189570166, "totalLiab": 208164666, "commonStock": 130955070, "retainedEarnings": 452535568, "treasuryStock": 14223354, "capitalSurplus": 137562732, "otherStockholderEquity": 14223354, "totalStockholderEquity": 735276724, "netTangibleAssets": 566632522}, {"maxAge": 1, "endDate": "2019-12-31", "totalStockholderEquity": 773543000, "netTangibleAssets": 572382000}, {"maxAge": 1, "endDate": "2019-09-30", "cash": 14702000, "shortTermInvestments": 217201000, "netReceivables": 70425000, "inventory": 118972000, "otherCurrentAssets": 25432000, "totalCurrentAssets": 446732000, "longTermInvestments": 68407000, "propertyPlantEquipment": 218488000, "intangibleAssets": 201161000, "otherAssets": 21623000, "deferredLongTermAssetCharges": 187000, "totalAssets": 956411000, "accountsPayable": 44554000, "otherCurrentLiab": 39249000, "otherLiab": 5811000, "minorityInterest": 9598000, "totalCurrentLiabilities": 167459000, "totalLiab": 173270000, "commonStock": 130955000, "treasuryStock": 642588000, "otherStockholderEquity": 642588000, "totalStockholderEquity": 773543000, "netTangibleAssets": 572382000}], "maxAge": 86400}, "indexTrend": {"maxAge": 1, "symbol": "SP5", "peRatio": 19.7411, "pegRatio": 1.34172, "estimates": [{"period": "0q", "growth": 0.549}, {"period": "+1q", "growth": 0.431}, {"period": "0y", "growth": 0.305}, {"period": "+1y", "growth": 0.109}, {"period": "+5y", "growth": 0.120859005}, {"period": "-5y"}]}, "insiderTransactions": {"transactions": [{"maxAge": 1, "shares": 84200, "filerUrl": "", "transactionText": "", "filerName": "Khandelwal (Gautam P)", "filerRelation": "Executive Chairman", "moneyText": "", "startDate": "2018-08-24", "ownership": "D"}, {"maxAge": 1, "shares": 84200, "filerUrl": "", "transactionText": "", "filerName": "Zeppelin Investments Pvt.Ltd", "filerRelation": "Promoter", "moneyText": "", "startDate": "2018-08-24", "ownership": "D"}, {"maxAge": 1, "shares": 50, "filerUrl": "", "transactionText": "", "filerName": "Salampuria (Nidhi)", "filerRelation": "Compliance Officer", "moneyText": "", "startDate": "2015-04-01", "ownership": "D"}, {"maxAge": 1, "shares": 274848, "filerUrl": "", "transactionText": "", "filerName": "Life Insurance Corporation of India", "filerRelation": "Institution- Corporation", "moneyText": "", "startDate": "2011-04-19", "ownership": "D"}], "maxAge": 1}, "quoteType": {"exchange": "BSE", "quoteType": "EQUITY", "symbol": "NAGPI.BO", "underlyingSymbol": "NAGPI.BO", "shortName": "NAGPUR POWER & INDUSTRIES LTD.", "longName": "Nagpur Power and Industries Limited", "firstTradeDateEpochUtc": "2002-03-22 09:15:00", "timeZoneFullName": "Asia/Kolkata", "timeZoneShortName": "IST", "uuid": "20757c83-ce06-3814-b710-4d72cc32bd57", "messageBoardId": null, "gmtOffSetMilliseconds": 19800000, "maxAge": 1}, "incomeStatementHistory": {"incomeStatementHistory": [{"maxAge": 1, "endDate": "2020-03-31", "totalRevenue": 308293523, "costOfRevenue": 150859815, "grossProfit": 157433708, "researchDevelopment": {}, "sellingGeneralAdministrative": 138165270, "nonRecurring": {}, "otherOperatingExpenses": 63670246, "totalOperatingExpenses": 375976249, "operatingIncome": -67682726, "totalOtherIncomeExpenseNet": 16026055, "ebit": -67682726, "interestExpense": -9514055, "incomeBeforeTax": -51656671, "incomeTaxExpense": 766136, "minorityInterest": 6883826, "netIncomeFromContinuingOps": -52422807, "discontinuedOperations": {}, "extraordinaryItems": {}, "effectOfAccountingCharges": {}, "otherItems": {}, "netIncome": -38486128, "netIncomeApplicableToCommonShares": -38486128}, {"maxAge": 1, "endDate": "2019-03-31", "totalRevenue": 409990041, "costOfRevenue": 219031865, "grossProfit": 190958176, "researchDevelopment": {}, "sellingGeneralAdministrative": 114297809, "nonRecurring": {}, "otherOperatingExpenses": 60110231, "totalOperatingExpenses": 414148996, "operatingIncome": -4158955, "totalOtherIncomeExpenseNet": 4568294, "ebit": -4158955, "interestExpense": -7950625, "incomeBeforeTax": 409339, "incomeTaxExpense": 0, "minorityInterest": 16312080, "netIncomeFromContinuingOps": 409339, "discontinuedOperations": {}, "extraordinaryItems": {}, "effectOfAccountingCharges": {}, "otherItems": {}, "netIncome": -1888631, "netIncomeApplicableToCommonShares": -1888631}, {"maxAge": 1, "endDate": "2018-03-31", "totalRevenue": 296202742, "costOfRevenue": 156752796, "grossProfit": 139449946, "researchDevelopment": {}, "sellingGeneralAdministrative": 81909276, "nonRecurring": {}, "otherOperatingExpenses": 54105632, "totalOperatingExpenses": 311202206, "operatingIncome": -14999464, "totalOtherIncomeExpenseNet": 12650685, "ebit": -14999464, "interestExpense": -7203252, "incomeBeforeTax": -2348779, "incomeTaxExpense": 800000, "minorityInterest": 6713991, "netIncomeFromContinuingOps": -3148779, "discontinuedOperations": {}, "extraordinaryItems": {}, "effectOfAccountingCharges": {}, "otherItems": {}, "netIncome": -3344450, "netIncomeApplicableToCommonShares": -3344450}, {"maxAge": 1, "endDate": "2017-03-31", "totalRevenue": 205504196, "costOfRevenue": 88604688, "grossProfit": 116899508, "researchDevelopment": {}, "sellingGeneralAdministrative": 77432552, "nonRecurring": {}, "otherOperatingExpenses": 39499538, "totalOperatingExpenses": 224904254, "operatingIncome": -19400058, "totalOtherIncomeExpenseNet": 23222598, "ebit": -19400058, "interestExpense": -8766648, "incomeBeforeTax": 3822540, "incomeTaxExpense": 1598750, "minorityInterest": 6366810, "netIncomeFromContinuingOps": 2223790, "discontinuedOperations": {}, "extraordinaryItems": {}, "effectOfAccountingCharges": {}, "otherItems": {}, "netIncome": 2925131, "netIncomeApplicableToCommonShares": 2925131}], "maxAge": 86400}, "fundOwnership": {"maxAge": 1, "ownershipList": []}, "summaryDetail": {"maxAge": 1, "priceHint": 2, "previousClose": 29.0, "open": 30.35, "dayLow": 30.35, "dayHigh": 30.45, "regularMarketPreviousClose": 29.0, "regularMarketOpen": 30.35, "regularMarketDayLow": 30.35, "regularMarketDayHigh": 30.45, "volume": 2634, "regularMarketVolume": 2634, "averageVolume": 982, "averageVolume10days": 1180, "averageDailyVolume10Day": 1180, "bid": 29.05, "ask": 30.0, "bidSize": 0, "askSize": 0, "marketCap": 398757984, "fiftyTwoWeekLow": 21.1, "fiftyTwoWeekHigh": 41.75, "fiftyDayAverage": 26.72, "twoHundredDayAverage": 25.863869, "currency": "INR", "fromCurrency": null, "toCurrency": null, "lastMarket": null, "algorithm": null, "tradeable": false}, "incomeStatementHistoryQuarterly": {"incomeStatementHistory": [{"maxAge": 1, "endDate": "2020-06-30", "totalRevenue": 57892000, "costOfRevenue": 32533000, "grossProfit": 25359000, "researchDevelopment": {}, "sellingGeneralAdministrative": 19641000, "nonRecurring": {}, "otherOperatingExpenses": 10430000, "totalOperatingExpenses": 68493000, "operatingIncome": -10601000, "totalOtherIncomeExpenseNet": 14312000, "ebit": -10601000, "interestExpense": -3113000, "incomeBeforeTax": 3711000, "incomeTaxExpense": 0, "minorityInterest": {}, "netIncomeFromContinuingOps": 3711000, "discontinuedOperations": {}, "extraordinaryItems": {}, "effectOfAccountingCharges": {}, "otherItems": {}, "netIncome": 3711000, "netIncomeApplicableToCommonShares": 3711000}, {"maxAge": 1, "endDate": "2020-03-31", "totalRevenue": 77311523, "costOfRevenue": 46007815, "grossProfit": 31303708, "researchDevelopment": {}, "sellingGeneralAdministrative": 39139270, "nonRecurring": {}, "otherOperatingExpenses": 3362246, "totalOperatingExpenses": 94647249, "operatingIncome": -17335726, "totalOtherIncomeExpenseNet": 10451055, "ebit": -17335726, "interestExpense": -837055, "incomeBeforeTax": -6884671, "incomeTaxExpense": 766136, "minorityInterest": 6883826, "netIncomeFromContinuingOps": -7650807, "discontinuedOperations": {}, "extraordinaryItems": {}, "effectOfAccountingCharges": {}, "otherItems": {}, "netIncome": 6285872, "netIncomeApplicableToCommonShares": 6285872}, {"maxAge": 1, "endDate": "2019-12-31", "totalRevenue": 73786000, "costOfRevenue": 27541000, "grossProfit": 46245000, "researchDevelopment": {}, "sellingGeneralAdministrative": 37892000, "nonRecurring": {}, "otherOperatingExpenses": 19235000, "totalOperatingExpenses": 90518000, "operatingIncome": -16732000, "totalOtherIncomeExpenseNet": 673999, "ebit": -16732000, "interestExpense": -2812000, "incomeBeforeTax": -16058000, "incomeTaxExpense": 0, "minorityInterest": 6883826, "netIncomeFromContinuingOps": -16058000, "discontinuedOperations": {}, "extraordinaryItems": {}, "effectOfAccountingCharges": {}, "otherItems": {}, "netIncome": -16058000, "netIncomeApplicableToCommonShares": -16058000}, {"maxAge": 1, "endDate": "2019-09-30", "totalRevenue": 70289000, "costOfRevenue": 29638000, "grossProfit": 40651000, "researchDevelopment": {}, "sellingGeneralAdministrative": 32910000, "nonRecurring": {}, "otherOperatingExpenses": 20972000, "totalOperatingExpenses": 89345000, "operatingIncome": -19056000, "totalOtherIncomeExpenseNet": 5473000, "ebit": -19056000, "interestExpense": -2160000, "incomeBeforeTax": -13583000, "incomeTaxExpense": 0, "minorityInterest": 9598000, "netIncomeFromContinuingOps": -13583000, "discontinuedOperations": {}, "extraordinaryItems": {}, "effectOfAccountingCharges": {}, "otherItems": {}, "netIncome": -13583000, "netIncomeApplicableToCommonShares": -13583000}], "maxAge": 86400}, "cashflowStatementHistoryQuarterly": {"cashflowStatements": [{"maxAge": 1, "endDate": "2020-06-30", "netIncome": 3711000, "changeToLiabilities": 0}, {"maxAge": 1, "endDate": "2020-03-31", "netIncome": 6285872, "changeToLiabilities": 0}, {"maxAge": 1, "endDate": "2019-12-31", "netIncome": -16058000, "changeToLiabilities": 0}, {"maxAge": 1, "endDate": "2019-09-30", "netIncome": -13583000, "changeToLiabilities": 0}], "maxAge": 86400}, "insiderHolders": {"holders": [{"maxAge": 1, "name": "Khandelwal (Gautam P)", "relation": "Executive Chairman", "url": "", "transactionDescription": "Purchase", "latestTransDate": "2018-08-24", "positionDirect": 575300, "positionDirectDate": "2018-08-24"}, {"maxAge": 1, "name": "Life Insurance Corporation of India", "relation": "Institution- Corporation", "url": "", "transactionDescription": "Sale", "latestTransDate": "2011-04-19", "positionDirect": 1649402, "positionDirectDate": "2011-04-19"}, {"maxAge": 1, "name": "Salampuria (Nidhi)", "relation": "Compliance Officer", "url": "", "transactionDescription": "Other", "latestTransDate": "2015-04-01", "positionDirect": 50, "positionDirectDate": "2015-04-01"}, {"maxAge": 1, "name": "Zeppelin Investments Pvt.Ltd", "relation": "Promoter", "url": "", "transactionDescription": "Sale", "latestTransDate": "2018-08-24", "positionDirect": 0, "positionDirectDate": "2018-08-24"}], "maxAge": 1}, "calendarEvents": {"maxAge": 1, "earnings": {"earningsDate": ["2020-09-15 05:30:S"]}}, "price": {"maxAge": 1, "regularMarketChangePercent": 0.050000027, "regularMarketChange": 1.4500008, "regularMarketTime": "2021-04-30 15:21:52", "priceHint": 2, "regularMarketPrice": 30.45, "regularMarketDayHigh": 30.45, "regularMarketDayLow": 30.35, "regularMarketVolume": 2634, "averageDailyVolume10Day": 1180, "averageDailyVolume3Month": 982, "regularMarketPreviousClose": 29.0, "regularMarketSource": "FREE_REALTIME", "regularMarketOpen": 30.35, "exchange": "BSE", "exchangeName": "BSE", "exchangeDataDelayedBy": 0, "marketState": "CLOSED", "quoteType": "EQUITY", "symbol": "NAGPI.BO", "underlyingSymbol": null, "shortName": "NAGPUR POWER & INDUSTRIES LTD.", "longName": "Nagpur Power and Industries Limited", "currency": "INR", "quoteSourceName": "Delayed Quote", "currencySymbol": "\u20b9", "fromCurrency": null, "toCurrency": null, "lastMarket": null, "marketCap": 398757984}, "balanceSheetHistory": {"balanceSheetStatements": [{"maxAge": 1, "endDate": "2020-03-31", "cash": 5165763, "shortTermInvestments": 32904561, "netReceivables": 81994190, "inventory": 109810420, "otherCurrentAssets": 13984981, "totalCurrentAssets": 483085027, "longTermInvestments": 22845008, "propertyPlantEquipment": 218458770, "goodWill": 166652797, "intangibleAssets": 1991405, "otherAssets": 57292209, "deferredLongTermAssetCharges": 187246, "totalAssets": 950325216, "accountsPayable": 48077553, "otherCurrentLiab": 4434532, "longTermDebt": 12868750, "otherLiab": 5725750, "deferredLongTermLiab": 36184107, "minorityInterest": 6883826, "totalCurrentLiabilities": 189570166, "totalLiab": 208164666, "commonStock": 130955070, "retainedEarnings": 452535568, "treasuryStock": 14223354, "capitalSurplus": 137562732, "otherStockholderEquity": 14223354, "totalStockholderEquity": 735276724, "netTangibleAssets": 566632522}, {"maxAge": 1, "endDate": "2019-03-31", "cash": 9336453, "shortTermInvestments": 4969000, "netReceivables": 102287878, "inventory": 109912929, "otherCurrentAssets": 7938436, "totalCurrentAssets": 471176437, "longTermInvestments": 69619036, "propertyPlantEquipment": 217712921, "goodWill": 166652797, "intangibleAssets": 2377067, "otherAssets": 51011563, "deferredLongTermAssetCharges": 187246, "totalAssets": 978549821, "accountsPayable": 60743113, "otherCurrentLiab": 6211772, "otherLiab": 5851308, "deferredLongTermLiab": 30028499, "minorityInterest": 16312080, "totalCurrentLiabilities": 159606051, "totalLiab": 165457359, "commonStock": 130955070, "retainedEarnings": 491021696, "treasuryStock": 37240884, "capitalSurplus": 137562732, "otherStockholderEquity": 37240884, "totalStockholderEquity": 796780382, "netTangibleAssets": 627750518}, {"maxAge": 1, "endDate": "2018-03-31", "cash": 10592097, "shortTermInvestments": 9010000, "netReceivables": 86488366, "inventory": 112487982, "otherCurrentAssets": 11577272, "totalCurrentAssets": 464605024, "longTermInvestments": 65113548, "propertyPlantEquipment": 217886236, "goodWill": 166652797, "intangibleAssets": 1935379, "otherAssets": 44312554, "deferredLongTermAssetCharges": 187246, "totalAssets": 960505538, "accountsPayable": 68889729, "otherCurrentLiab": 3233718, "longTermDebt": 1112000, "otherLiab": 4269789, "deferredLongTermLiab": 24967502, "minorityInterest": 6713991, "totalCurrentLiabilities": 153960066, "totalLiab": 159341855, "commonStock": 130955070, "retainedEarnings": 492910327, "treasuryStock": 33021563, "capitalSurplus": 137562732, "otherStockholderEquity": 33021563, "totalStockholderEquity": 794449692, "netTangibleAssets": 625861516}, {"maxAge": 1, "endDate": "2017-03-31", "cash": 4317479, "shortTermInvestments": 11840000, "netReceivables": 83818630, "inventory": 74703872, "otherCurrentAssets": 4602224, "totalCurrentAssets": 441856560, "longTermInvestments": 54247479, "propertyPlantEquipment": 219760566, "goodWill": 129498796, "intangibleAssets": 2317714, "otherAssets": 44280357, "deferredLongTermAssetCharges": 187246, "totalAssets": 891961472, "accountsPayable": 40027498, "otherCurrentLiab": 14143613, "longTermDebt": 1112000, "otherLiab": 5680314, "deferredLongTermLiab": 22819758, "minorityInterest": 6366810, "totalCurrentLiabilities": 128835359, "totalLiab": 135627673, "commonStock": 130955070, "retainedEarnings": 495873728, "treasuryStock": 22729459, "capitalSurplus": 100408732, "otherStockholderEquity": 22729459, "totalStockholderEquity": 749966989, "netTangibleAssets": 618150479}], "maxAge": 86400}, "financialData": {"maxAge": 86400, "currentPrice": 30.45, "recommendationKey": "none", "grossProfits": 157433708, "financialCurrency": "INR"}}}