{"NAGREEKCAP.BO": {"cashflowStatementHistory": {"cashflowStatements": [{"maxAge": 1, "endDate": "2020-03-31", "netIncome": -647322863, "depreciation": 364174, "changeToNetincome": 4265879, "changeToAccountReceivables": 18242909, "changeToLiabilities": -212967000, "changeToInventory": 832190086, "changeToOperatingActivities": 832043090, "totalCashFromOperatingActivities": 826816275, "capitalExpenditures": -40463, "investments": -7037678, "totalCashflowsFromInvestingActivities": -7078141, "netBorrowings": -703338513, "otherCashflowsFromFinancingActivities": -116004512, "totalCashFromFinancingActivities": -819343025, "changeInCash": 395109}, {"maxAge": 1, "endDate": "2019-03-31", "netIncome": -485540139, "depreciation": 238259, "changeToNetincome": 387917561, "changeToAccountReceivables": -25106390, "changeToLiabilities": 74056630, "changeToInventory": 1318971556, "changeToOperatingActivities": -50281344, "totalCashFromOperatingActivities": 1220256133, "capitalExpenditures": -1793246, "investments": -5689368, "totalCashflowsFromInvestingActivities": -7482614, "netBorrowings": -953203721, "otherCashflowsFromFinancingActivities": -261720799, "totalCashFromFinancingActivities": -1214924520, "changeInCash": -2151001}, {"maxAge": 1, "endDate": "2018-03-31", "netIncome": -171551499, "depreciation": 229874, "changeToNetincome": 339788271, "changeToAccountReceivables": -120355536, "changeToLiabilities": 149826126, "changeToInventory": -1322737868, "changeToOperatingActivities": -50281344, "totalCashFromOperatingActivities": -1124800632, "capitalExpenditures": -26954, "investments": 43799854, "totalCashflowsFromInvestingActivities": 43772900, "netBorrowings": 782708349, "otherCashflowsFromFinancingActivities": -179279151, "totalCashFromFinancingActivities": 1083429198, "changeInCash": 2401466}, {"maxAge": 1, "endDate": "2017-03-31", "netIncome": -13299649, "depreciation": 231002, "changeToNetincome": 88968327, "changeToAccountReceivables": 243327842, "changeToLiabilities": 421686, "changeToInventory": -314213979, "changeToOperatingActivities": -50281344, "totalCashFromOperatingActivities": 5435229, "capitalExpenditures": -26954, "investments": 92177735, "totalCashflowsFromInvestingActivities": 92177735, "netBorrowings": 39136892, "otherCashflowsFromFinancingActivities": -136014245, "totalCashFromFinancingActivities": -96877353, "changeInCash": 735611}], "maxAge": 86400}, "institutionOwnership": {"ownershipList": [], "maxAge": 1}, "balanceSheetHistoryQuarterly": {"balanceSheetStatements": [{"maxAge": 1, "endDate": "2020-06-30", "totalStockholderEquity": 218791812, "netTangibleAssets": 218791812}, {"maxAge": 1, "endDate": "2020-03-31", "cash": 1794185, "netReceivables": 35848773, "inventory": 19009357, "otherCurrentAssets": 25672599, "totalCurrentAssets": 328920527, "propertyPlantEquipment": 13309044, "otherAssets": 867994365, "deferredLongTermAssetCharges": 859079596, "totalAssets": 1210223936, "accountsPayable": 11649568, "longTermDebt": 519105449, "otherLiab": 4565908, "totalCurrentLiabilities": 422538849, "totalLiab": 946210206, "commonStock": 63076500, "retainedEarnings": -758214519, "treasuryStock": 553929831, "capitalSurplus": 360000000, "otherStockholderEquity": 553929831, "totalStockholderEquity": 218791812, "netTangibleAssets": 218791812}, {"maxAge": 1, "endDate": "2019-12-31", "totalStockholderEquity": 300409000, "netTangibleAssets": 300409000}, {"maxAge": 1, "endDate": "2019-09-30", "cash": 3578000, "netReceivables": 43123000, "inventory": 338292000, "totalCurrentAssets": 384993000, "longTermInvestments": 72616000, "propertyPlantEquipment": 13557000, "otherAssets": 1686905000, "deferredLongTermAssetCharges": 804802000, "totalAssets": 2158071000, "accountsPayable": 13869000, "longTermDebt": 1800353000, "otherLiab": 43440000, "totalCurrentLiabilities": 13869000, "totalLiab": 1857662000, "commonStock": 63076000, "treasuryStock": 237333000, "otherStockholderEquity": 237333000, "totalStockholderEquity": 300409000, "netTangibleAssets": 300409000}], "maxAge": 86400}, "indexTrend": {"maxAge": 1, "symbol": "SP5", "peRatio": 19.7411, "pegRatio": 1.34172, "estimates": [{"period": "0q", "growth": 0.549}, {"period": "+1q", "growth": 0.431}, {"period": "0y", "growth": 0.305}, {"period": "+1y", "growth": 0.109}, {"period": "+5y", "growth": 0.120865}, {"period": "-5y"}]}, "insiderTransactions": {"transactions": [{"maxAge": 1, "shares": 500000, "filerUrl": "", "transactionText": "", "filerName": "Agarwal Galvanising Pvt Ltd", "filerRelation": "UNREPORTED", "moneyText": "", "startDate": "2009-08-17", "ownership": "D"}], "maxAge": 1}, "quoteType": {"exchange": "BSE", "quoteType": "EQUITY", "symbol": "NAGREEKCAP.BO", "underlyingSymbol": "NAGREEKCAP.BO", "shortName": "NAGREEKA CAPITAL & INFRASTRUCT", "longName": "Nagreeka Capital &amp; Infrastructure Ltd.", "firstTradeDateEpochUtc": "2000-08-02 09:15:00", "timeZoneFullName": "Asia/Kolkata", "timeZoneShortName": "IST", "uuid": "aa06858e-c0e8-3679-927a-84e4828a8835", "gmtOffSetMilliseconds": 19800000, "maxAge": 1}, "incomeStatementHistory": {"incomeStatementHistory": [{"maxAge": 1, "endDate": "2020-03-31", "totalRevenue": 884120802, "costOfRevenue": 1003017671, "grossProfit": -118896869, "researchDevelopment": {}, "sellingGeneralAdministrative": 1632142, "nonRecurring": {}, "otherOperatingExpenses": 521440279, "totalOperatingExpenses": 1526454266, "operatingIncome": -642333464, "totalOtherIncomeExpenseNet": -116004511, "ebit": -642333464, "interestExpense": -116004511, "incomeBeforeTax": -758337975, "incomeTaxExpense": -111015112, "minorityInterest": {}, "netIncomeFromContinuingOps": -647322863, "discontinuedOperations": {}, "extraordinaryItems": {}, "effectOfAccountingCharges": {}, "otherItems": {}, "netIncome": -647322863, "netIncomeApplicableToCommonShares": -647322863}, {"maxAge": 1, "endDate": "2019-03-31", "totalRevenue": 1593014326, "costOfRevenue": 1742516117, "grossProfit": -149501791, "researchDevelopment": {}, "sellingGeneralAdministrative": 2018126, "nonRecurring": {}, "otherOperatingExpenses": 8307123, "totalOperatingExpenses": 1753079625, "operatingIncome": -160065299, "totalOtherIncomeExpenseNet": -261720798, "ebit": -160065299, "interestExpense": -261720798, "incomeBeforeTax": -421786097, "incomeTaxExpense": 63754042, "minorityInterest": {}, "netIncomeFromContinuingOps": -485540139, "discontinuedOperations": {}, "extraordinaryItems": {}, "effectOfAccountingCharges": {}, "otherItems": {}, "netIncome": -485540139, "netIncomeApplicableToCommonShares": -485540139}, {"maxAge": 1, "endDate": "2018-03-31", "totalRevenue": 1102105353, "costOfRevenue": 870848877, "grossProfit": 231256476, "researchDevelopment": {}, "sellingGeneralAdministrative": 1537074, "nonRecurring": {}, "otherOperatingExpenses": 7651684, "totalOperatingExpenses": 880267509, "operatingIncome": 221837844, "totalOtherIncomeExpenseNet": -179547763, "ebit": 221837844, "interestExpense": -179279151, "incomeBeforeTax": 42290081, "incomeTaxExpense": 213841580, "minorityInterest": {}, "netIncomeFromContinuingOps": -171551499, "discontinuedOperations": {}, "extraordinaryItems": {}, "effectOfAccountingCharges": {}, "otherItems": {}, "netIncome": -171551499, "netIncomeApplicableToCommonShares": -171551499}, {"maxAge": 1, "endDate": "2017-03-31", "totalRevenue": 263593882, "costOfRevenue": 107764525, "grossProfit": 155829357, "researchDevelopment": {}, "sellingGeneralAdministrative": 1498983, "nonRecurring": {}, "otherOperatingExpenses": 3537401, "totalOperatingExpenses": 113031911, "operatingIncome": 150561971, "totalOtherIncomeExpenseNet": -135601371, "ebit": 150561971, "interestExpense": -136014245, "incomeBeforeTax": 14960600, "incomeTaxExpense": 28260249, "minorityInterest": {}, "netIncomeFromContinuingOps": -13299649, "discontinuedOperations": {}, "extraordinaryItems": {}, "effectOfAccountingCharges": {}, "otherItems": {}, "netIncome": -13299649, "netIncomeApplicableToCommonShares": -13299649}], "maxAge": 86400}, "fundOwnership": {"ownershipList": [], "maxAge": 1}, "summaryDetail": {"maxAge": 1, "priceHint": 2, "previousClose": 6.07, "open": 6.0, "dayLow": 5.77, "dayHigh": 6.34, "regularMarketPreviousClose": 6.07, "regularMarketOpen": 6.0, "regularMarketDayLow": 5.77, "regularMarketDayHigh": 6.34, "volume": 189, "regularMarketVolume": 189, "averageVolume": 741, "averageVolume10days": 679, "averageDailyVolume10Day": 679, "bid": 5.77, "ask": 6.32, "bidSize": 0, "askSize": 0, "marketCap": 79728696, "fiftyTwoWeekLow": 4.61, "fiftyTwoWeekHigh": 9.06, "fiftyDayAverage": 6.1863637, "twoHundredDayAverage": 6.0614705, "currency": "INR", "fromCurrency": null, "lastMarket": null, "algorithm": null, "tradeable": false}, "incomeStatementHistoryQuarterly": {"incomeStatementHistory": [{"maxAge": 1, "endDate": "2020-06-30", "totalRevenue": 61851000, "costOfRevenue": 30811000, "grossProfit": 31040000, "researchDevelopment": {}, "sellingGeneralAdministrative": 140000, "nonRecurring": {}, "otherOperatingExpenses": 14456000, "totalOperatingExpenses": 45512000, "operatingIncome": 16339000, "totalOtherIncomeExpenseNet": -14953000, "ebit": 16339000, "interestExpense": -14952000, "incomeBeforeTax": 1386000, "incomeTaxExpense": 218000, "minorityInterest": {}, "netIncomeFromContinuingOps": 1168000, "discontinuedOperations": {}, "extraordinaryItems": {}, "effectOfAccountingCharges": {}, "otherItems": {}, "netIncome": 1168000, "netIncomeApplicableToCommonShares": 1168000}, {"maxAge": 1, "endDate": "2020-03-31", "totalRevenue": 170673802, "costOfRevenue": 186188671, "grossProfit": -15514869, "researchDevelopment": {}, "sellingGeneralAdministrative": 434142, "nonRecurring": {}, "otherOperatingExpenses": 392804279, "totalOperatingExpenses": 579611266, "operatingIncome": -408937464, "totalOtherIncomeExpenseNet": -15871511, "ebit": -408937464, "interestExpense": -15870511, "incomeBeforeTax": -424808975, "incomeTaxExpense": -54278112, "minorityInterest": {}, "netIncomeFromContinuingOps": -370530863, "discontinuedOperations": {}, "extraordinaryItems": {}, "effectOfAccountingCharges": {}, "otherItems": {}, "netIncome": -370530863, "netIncomeApplicableToCommonShares": -370530863}, {"maxAge": 1, "endDate": "2019-12-31", "totalRevenue": 52513000, "costOfRevenue": 25450000, "grossProfit": 27063000, "researchDevelopment": {}, "sellingGeneralAdministrative": 469000, "nonRecurring": {}, "otherOperatingExpenses": 108725000, "totalOperatingExpenses": 134707000, "operatingIncome": -82194000, "totalOtherIncomeExpenseNet": -25886000, "ebit": -82194000, "interestExpense": -25887000, "incomeBeforeTax": -108080000, "incomeTaxExpense": 0, "minorityInterest": {}, "netIncomeFromContinuingOps": -108080000, "discontinuedOperations": {}, "extraordinaryItems": {}, "effectOfAccountingCharges": {}, "otherItems": {}, "netIncome": -108080000, "netIncomeApplicableToCommonShares": -108080000}, {"maxAge": 1, "endDate": "2019-09-30", "totalRevenue": 201079000, "costOfRevenue": 271110000, "grossProfit": -70031000, "researchDevelopment": {}, "sellingGeneralAdministrative": 399000, "nonRecurring": {}, "otherOperatingExpenses": 17917000, "totalOperatingExpenses": 289484000, "operatingIncome": -88405000, "totalOtherIncomeExpenseNet": -32934000, "ebit": -88405000, "interestExpense": -32934000, "incomeBeforeTax": -121339000, "incomeTaxExpense": -56737000, "minorityInterest": {}, "netIncomeFromContinuingOps": -64602000, "discontinuedOperations": {}, "extraordinaryItems": {}, "effectOfAccountingCharges": {}, "otherItems": {}, "netIncome": -64602000, "netIncomeApplicableToCommonShares": -64602000}], "maxAge": 86400}, "cashflowStatementHistoryQuarterly": {"cashflowStatements": [{"maxAge": 1, "endDate": "2020-06-30", "netIncome": 1168000, "changeToLiabilities": 0}, {"maxAge": 1, "endDate": "2020-03-31", "netIncome": -370530863, "changeToLiabilities": 0}, {"maxAge": 1, "endDate": "2019-12-31", "netIncome": -108080000, "changeToLiabilities": 0}, {"maxAge": 1, "endDate": "2019-09-30", "netIncome": -64602000, "changeToLiabilities": 0}], "maxAge": 86400}, "insiderHolders": {"holders": [{"maxAge": 1, "name": "Agarwal Galvanising Pvt Ltd", "relation": "UNREPORTED", "url": "", "transactionDescription": "Acquisition", "latestTransDate": "2009-08-17", "positionDirect": 800600, "positionDirectDate": "2009-08-17"}], "maxAge": 1}, "calendarEvents": {"maxAge": 1, "earnings": {"earningsDate": []}}, "upgradeDowngradeHistory": {"history": [], "maxAge": 86400}, "price": {"maxAge": 1, "regularMarketChangePercent": 0.04118616, "regularMarketChange": 0.25, "regularMarketTime": "2021-04-30 15:15:00", "priceHint": 2, "regularMarketPrice": 6.32, "regularMarketDayHigh": 6.34, "regularMarketDayLow": 5.77, "regularMarketVolume": 189, "averageDailyVolume10Day": 679, "averageDailyVolume3Month": 741, "regularMarketPreviousClose": 6.07, "regularMarketSource": "FREE_REALTIME", "regularMarketOpen": 6.0, "exchange": "BSE", "exchangeName": "BSE", "exchangeDataDelayedBy": 0, "marketState": "CLOSED", "quoteType": "EQUITY", "symbol": "NAGREEKCAP.BO", "underlyingSymbol": null, "shortName": "NAGREEKA CAPITAL & INFRASTRUCT", "longName": "Nagreeka Capital &amp; Infrastructure Ltd.", "currency": "INR", "quoteSourceName": "Delayed Quote", "currencySymbol": "\u20b9", "fromCurrency": null, "lastMarket": null, "marketCap": 79728696}, "balanceSheetHistory": {"balanceSheetStatements": [{"maxAge": 1, "endDate": "2020-03-31", "cash": 1794185, "netReceivables": 35848773, "inventory": 19009357, "otherCurrentAssets": 25672599, "totalCurrentAssets": 328920527, "propertyPlantEquipment": 13309044, "otherAssets": 867994365, "deferredLongTermAssetCharges": 859079596, "totalAssets": 1210223936, "accountsPayable": 11649568, "longTermDebt": 519105449, "otherLiab": 4565908, "totalCurrentLiabilities": 422538849, "totalLiab": 946210206, "commonStock": 63076500, "retainedEarnings": -758214519, "treasuryStock": 553929831, "capitalSurplus": 360000000, "otherStockholderEquity": 553929831, "totalStockholderEquity": 218791812, "netTangibleAssets": 218791812}, {"maxAge": 1, "endDate": "2019-03-31", "cash": 1399076, "netReceivables": 59421182, "inventory": 1022815526, "otherCurrentAssets": 865952284, "totalCurrentAssets": 2017675799, "propertyPlantEquipment": 13632755, "otherAssets": 761981696, "deferredLongTermAssetCharges": 748064484, "totalAssets": 2793290250, "accountsPayable": 224616568, "longTermDebt": 723068313, "otherLiab": 4617299, "totalCurrentLiabilities": 1569261925, "totalLiab": 2296947537, "commonStock": 63076500, "retainedEarnings": -110886116, "treasuryStock": 156930411, "capitalSurplus": 360000000, "otherStockholderEquity": 156930411, "totalStockholderEquity": 469120795, "netTangibleAssets": 469120795}, {"maxAge": 1, "endDate": "2018-03-31", "cash": 3550077, "netReceivables": 48388320, "inventory": 19009357, "otherCurrentAssets": 767295291, "totalCurrentAssets": 3164270769, "longTermInvestments": 58983170, "propertyPlantEquipment": 12077768, "otherAssets": 811818526, "deferredLongTermAssetCharges": 809497596, "totalAssets": 4047150233, "accountsPayable": 150559938, "otherCurrentLiab": 11352249, "otherLiab": -1, "totalCurrentLiabilities": 3037818179, "totalLiab": 3037818178, "commonStock": 63076500, "retainedEarnings": 309325144, "treasuryStock": 156930411, "capitalSurplus": 360000000, "otherStockholderEquity": 156930411, "totalStockholderEquity": 889332055, "netTangibleAssets": 889332055}, {"maxAge": 1, "endDate": "2017-03-31", "cash": 1148611, "netReceivables": 28132362, "inventory": 22812932, "otherCurrentAssets": 667291635, "totalCurrentAssets": 1718871821, "longTermInvestments": 49336112, "propertyPlantEquipment": 12184765, "otherAssets": 1025549499, "deferredLongTermAssetCharges": 1023228568, "totalAssets": 2805942197, "accountsPayable": 6331889, "otherCurrentLiab": 2611409, "totalCurrentLiabilities": 2095836725, "totalLiab": 2095836725, "commonStock": 63076500, "retainedEarnings": 490098561, "treasuryStock": 156930411, "otherStockholderEquity": 156930411, "totalStockholderEquity": 710105472, "netTangibleAssets": 710105472}], "maxAge": 86400}, "financialData": {"maxAge": 86400, "currentPrice": 6.32, "recommendationKey": "none", "grossProfits": -118896869, "financialCurrency": "INR"}}}