{"NAGREEKEXP.NS": {"assetProfile": {"address1": "18,R.N.Mukherjee Road", "address2": "3rd Floor", "city": "Kolkata", "zip": "700001", "country": "India", "phone": "91 33 2210 8828", "fax": "91 33 2248 1693", "website": "http://www.nagreeka.com/nagreeka-exports/", "industry": "Textile Manufacturing", "sector": "Consumer Cyclical", "longBusinessSummary": "Nagreeka Exports Limited engages in manufacturing and selling cotton yarns and other various merchandise in India and internationally. The company also trades in cotton yarns and various commodities. In addition, it offers specialty yarns, such as organic, slub, normal and reverse twists, core spun, chenille, dyed/gassed/mercerized, high twist, viscose, and polyester spun yarns, as well as poly viscose, polyester cotton, and viscose cotton blends; and raw, printed, and finished fabrics. The company exports its products. Nagreeka Exports Limited was incorporated in 1989 and is headquartered in Mumbai, India.", "fullTimeEmployees": 851, "companyOfficers": [{"maxAge": 1, "name": "Mr. Sushil  Patwari", "age": 66, "title": "Exec. Chairman", "yearBorn": 1954, "fiscalYear": 2020, "totalPay": 3600000, "exercisedValue": 0, "unexercisedValue": 0}, {"maxAge": 1, "name": "Mr. Sunil Ishwarlal Patwari", "age": 60, "title": "MD & Director", "yearBorn": 1960, "fiscalYear": 2020, "totalPay": 3600000, "exercisedValue": 0, "unexercisedValue": 0}, {"maxAge": 1, "name": "Mr. Kedar Nath Bansal", "title": "Chief Financial Officer", "exercisedValue": 0, "unexercisedValue": 0}, {"maxAge": 1, "name": "Mr. Mahendra Ishwarlal Patwari", "age": 57, "title": "Whole-Time Director", "yearBorn": 1963, "fiscalYear": 2020, "totalPay": 3600000, "exercisedValue": 0, "unexercisedValue": 0}, {"maxAge": 1, "name": "Mr. Debabrata Das Choudhary", "age": 67, "title": "Whole-Time Director", "yearBorn": 1953, "fiscalYear": 2020, "totalPay": 1665000, "exercisedValue": 0, "unexercisedValue": 0}, {"maxAge": 1, "name": "Vivek  Khanna", "title": "Pres", "exercisedValue": 0, "unexercisedValue": 0}, {"maxAge": 1, "name": "Ms. Akansha  Agarwal", "title": "Company Sec. & Compliance Officer", "exercisedValue": 0, "unexercisedValue": 0}], "compensationAsOfEpochDate": "2020-12-31 05:30:00", "maxAge": 86400}, "cashflowStatementHistory": {"cashflowStatements": [{"maxAge": 1, "endDate": "2020-03-31", "netIncome": 6846925, "depreciation": 71666337, "changeToNetincome": 136519535, "changeToAccountReceivables": 42011942, "changeToLiabilities": 72468770, "changeToInventory": -70296614, "changeToOperatingActivities": -159602265, "totalCashFromOperatingActivities": 99614630, "capitalExpenditures": -38735358, "otherCashflowsFromInvestingActivities": -706437, "totalCashflowsFromInvestingActivities": -35542275, "netBorrowings": 47151165, "otherCashflowsFromFinancingActivities": -140679815, "totalCashFromFinancingActivities": -93528650, "changeInCash": -29456295}, {"maxAge": 1, "endDate": "2019-03-31", "netIncome": 31316323, "depreciation": 70212046, "changeToNetincome": 94898398, "changeToAccountReceivables": 3288635, "changeToLiabilities": 79758849, "changeToInventory": 68979350, "changeToOperatingActivities": -220977248, "totalCashFromOperatingActivities": 127476353, "capitalExpenditures": -29418523, "investments": 30677704, "otherCashflowsFromInvestingActivities": 8972779, "totalCashflowsFromInvestingActivities": 14028826, "netBorrowings": 21723452, "otherCashflowsFromFinancingActivities": -123065889, "totalCashFromFinancingActivities": -101342437, "changeInCash": 40162743}, {"maxAge": 1, "endDate": "2018-03-31", "netIncome": 23945148, "depreciation": 67683594, "changeToNetincome": 127349373, "changeToAccountReceivables": 211014484, "changeToLiabilities": -176727981, "changeToInventory": 32373450, "changeToOperatingActivities": -71392393, "totalCashFromOperatingActivities": 214245675, "capitalExpenditures": -72637021, "investments": 6443948, "otherCashflowsFromInvestingActivities": 16435033, "totalCashflowsFromInvestingActivities": -48287190, "netBorrowings": -134666968, "otherCashflowsFromFinancingActivities": -141339100, "totalCashFromFinancingActivities": -176006068, "changeInCash": -10047582}, {"maxAge": 1, "endDate": "2017-03-31", "netIncome": 9953166, "depreciation": 67085434, "changeToNetincome": 145471228, "changeToAccountReceivables": -80540452, "changeToLiabilities": 142732722, "changeToInventory": -21900671, "changeToOperatingActivities": -71392393, "totalCashFromOperatingActivities": 262801427, "capitalExpenditures": -69799243, "investments": 6443948, "otherCashflowsFromInvestingActivities": -20245638, "totalCashflowsFromInvestingActivities": -89267201, "netBorrowings": -46616684, "otherCashflowsFromFinancingActivities": -128894028, "totalCashFromFinancingActivities": -175510712, "changeInCash": -1976486}], "maxAge": 86400}, "institutionOwnership": {"maxAge": 1, "ownershipList": []}, "majorHoldersBreakdown": {"maxAge": 1, "insidersPercentHeld": 0.71704, "institutionsPercentHeld": 0.0, "institutionsFloatPercentHeld": 0.0, "institutionsCount": 0}, "balanceSheetHistoryQuarterly": {"balanceSheetStatements": [{"maxAge": 1, "endDate": "2020-12-31", "totalStockholderEquity": 982353000, "netTangibleAssets": 982353000}, {"maxAge": 1, "endDate": "2020-09-30", "cash": 102273000, "netReceivables": 310444000, "inventory": 793977000, "otherCurrentAssets": 1191927000, "totalCurrentAssets": 2398621000, "longTermInvestments": 112457000, "propertyPlantEquipment": 1233533000, "otherAssets": 56292000, "totalAssets": 3800903000, "accountsPayable": 339269000, "otherCurrentLiab": 145080000, "longTermDebt": 222748000, "otherLiab": 214217000, "totalCurrentLiabilities": 2381585000, "totalLiab": 2818550000, "commonStock": 62550000, "treasuryStock": 919803000, "otherStockholderEquity": 919803000, "totalStockholderEquity": 982353000, "netTangibleAssets": 982353000}, {"maxAge": 1, "endDate": "2020-06-30", "totalStockholderEquity": 1064742892, "netTangibleAssets": 1064742892}, {"maxAge": 1, "endDate": "2020-03-31", "cash": 14388933, "shortTermInvestments": 2567217, "netReceivables": 310520063, "inventory": 1517276599, "otherCurrentAssets": 390085650, "totalCurrentAssets": 2244742475, "longTermInvestments": 76817413, "propertyPlantEquipment": 1262463921, "otherAssets": 55778953, "totalAssets": 3639802762, "accountsPayable": 258509777, "shortLongTermDebt": 75579019, "otherCurrentLiab": 93583886, "longTermDebt": 143412093, "otherLiab": 211611561, "totalCurrentLiabilities": 2220036216, "totalLiab": 2575059870, "commonStock": 62498500, "retainedEarnings": 882948905, "treasuryStock": -99068102, "capitalSurplus": 218363589, "otherStockholderEquity": -99068102, "totalStockholderEquity": 1064742892, "netTangibleAssets": 1064742892}], "maxAge": 86400}, "indexTrend": {"maxAge": 1, "symbol": "SP5", "peRatio": 19.7411, "pegRatio": 1.34172, "estimates": [{"period": "0q", "growth": 0.549}, {"period": "+1q", "growth": 0.431}, {"period": "0y", "growth": 0.305}, {"period": "+1y", "growth": 0.109}, {"period": "+5y", "growth": 0.120865}, {"period": "-5y"}]}, "defaultKeyStatistics": {"maxAge": 1, "priceHint": 2, "enterpriseValue": 2114967296, "profitMargins": -0.03487, "floatShares": 3452925, "sharesOutstanding": 12499700, "heldPercentInsiders": 0.71704, "heldPercentInstitutions": 0.0, "beta": 1.10507, "category": null, "bookValue": 78.514, "priceToBook": 0.22289018, "fundFamily": null, "legalType": null, "lastFiscalYearEnd": "2020-03-31 05:30:00", "nextFiscalYearEnd": "2022-03-31 05:30:00", "mostRecentQuarter": "2020-12-31 05:30:00", "netIncomeToCommon": -134365072, "trailingEps": -10.801, "lastSplitFactor": "2:1", "lastSplitDate": "2007-03-22 05:30:00", "enterpriseToRevenue": 0.549, "enterpriseToEbitda": 88.882, "52WeekChange": 0.7676767, "SandP52WeekChange": 0.48148263, "lastDividendValue": 0.5, "lastDividendDate": 1409616000}, "summaryProfile": {"address1": "18,R.N.Mukherjee Road", "address2": "3rd Floor", "city": "Kolkata", "zip": "700001", "country": "India", "phone": "91 33 2210 8828", "fax": "91 33 2248 1693", "website": "http://www.nagreeka.com/nagreeka-exports/", "industry": "Textile Manufacturing", "sector": "Consumer Cyclical", "longBusinessSummary": "Nagreeka Exports Limited engages in manufacturing and selling cotton yarns and other various merchandise in India and internationally. The company also trades in cotton yarns and various commodities. In addition, it offers specialty yarns, such as organic, slub, normal and reverse twists, core spun, chenille, dyed/gassed/mercerized, high twist, viscose, and polyester spun yarns, as well as poly viscose, polyester cotton, and viscose cotton blends; and raw, printed, and finished fabrics. The company exports its products. Nagreeka Exports Limited was incorporated in 1989 and is headquartered in Mumbai, India.", "fullTimeEmployees": 851, "companyOfficers": [], "maxAge": 86400}, "netSharePurchaseActivity": {"maxAge": 1, "period": "6m", "buyInfoCount": 0, "buyInfoShares": 0, "sellInfoCount": 0, "netInfoCount": 0, "netInfoShares": 0, "netPercentInsiderShares": 0.0, "totalInsiderShares": 8984922}, "insiderTransactions": {"transactions": [{"maxAge": 1, "shares": 584916, "filerUrl": "", "transactionText": "", "filerName": "Nagreeka Synthetics Pvt Ltd", "filerRelation": "Promoter", "moneyText": "", "startDate": "2017-03-21", "ownership": "D"}, {"maxAge": 1, "shares": 500000, "filerUrl": "", "transactionText": "", "filerName": "Agarwal Galvanising Pvt Ltd", "filerRelation": "UNREPORTED", "moneyText": "", "startDate": "2009-08-17", "ownership": "D"}], "maxAge": 1}, "quoteType": {"exchange": "NSI", "quoteType": "EQUITY", "symbol": "NAGREEKEXP.NS", "underlyingSymbol": "NAGREEKEXP.NS", "shortName": "NAGREEKA EXPORTS", "longName": "Nagreeka Exports Limited", "firstTradeDateEpochUtc": "2005-12-22 09:15:00", "timeZoneFullName": "Asia/Kolkata", "timeZoneShortName": "IST", "uuid": "116423fa-558d-39b1-89da-f99c55462fe0", "messageBoardId": "finmb_20357068", "gmtOffSetMilliseconds": 19800000, "maxAge": 1}, "incomeStatementHistory": {"incomeStatementHistory": [{"maxAge": 1, "endDate": "2020-03-31", "totalRevenue": 4723162467, "costOfRevenue": 3692870275, "grossProfit": 1030292192, "researchDevelopment": {}, "sellingGeneralAdministrative": 264257029, "nonRecurring": {}, "otherOperatingExpenses": 589199697, "totalOperatingExpenses": 4617418319, "operatingIncome": 105744148, "totalOtherIncomeExpenseNet": -95014094, "ebit": 105744148, "interestExpense": -95132459, "incomeBeforeTax": 10730054, "incomeTaxExpense": 3883129, "minorityInterest": {}, "netIncomeFromContinuingOps": 6846925, "discontinuedOperations": {}, "extraordinaryItems": {}, "effectOfAccountingCharges": {}, "otherItems": {}, "netIncome": 6846925, "netIncomeApplicableToCommonShares": 6846925}, {"maxAge": 1, "endDate": "2019-03-31", "totalRevenue": 6064884768, "costOfRevenue": 4971843359, "grossProfit": 1093041409, "researchDevelopment": {}, "sellingGeneralAdministrative": 253620251, "nonRecurring": {}, "otherOperatingExpenses": 640589355, "totalOperatingExpenses": 5936265011, "operatingIncome": 128619757, "totalOtherIncomeExpenseNet": -110058874, "ebit": 128619757, "interestExpense": -91046409, "incomeBeforeTax": 18560883, "incomeTaxExpense": -12755440, "minorityInterest": {}, "netIncomeFromContinuingOps": 31316323, "discontinuedOperations": {}, "extraordinaryItems": {}, "effectOfAccountingCharges": {}, "otherItems": {}, "netIncome": 31316323, "netIncomeApplicableToCommonShares": 31316323}, {"maxAge": 1, "endDate": "2018-03-31", "totalRevenue": 5474443981, "costOfRevenue": 4381730382, "grossProfit": 1092713599, "researchDevelopment": {}, "sellingGeneralAdministrative": 242596378, "nonRecurring": {}, "otherOperatingExpenses": 628204491, "totalOperatingExpenses": 5320214845, "operatingIncome": 154229136, "totalOtherIncomeExpenseNet": -121108065, "ebit": 154229136, "interestExpense": -118774988, "incomeBeforeTax": 33121071, "incomeTaxExpense": 9175923, "minorityInterest": {}, "netIncomeFromContinuingOps": 23945148, "discontinuedOperations": {}, "extraordinaryItems": {}, "effectOfAccountingCharges": {}, "otherItems": {}, "netIncome": 23945148, "netIncomeApplicableToCommonShares": 23945148}, {"maxAge": 1, "endDate": "2017-03-31", "totalRevenue": 6138895432, "costOfRevenue": 4981829392, "grossProfit": 1157066040, "researchDevelopment": {}, "sellingGeneralAdministrative": 243119601, "nonRecurring": {}, "otherOperatingExpenses": 689509647, "totalOperatingExpenses": 5980969068, "operatingIncome": 157926364, "totalOtherIncomeExpenseNet": -124392114, "ebit": 157926364, "interestExpense": -104908932, "incomeBeforeTax": 33534250, "incomeTaxExpense": 23581084, "minorityInterest": {}, "netIncomeFromContinuingOps": 9953166, "discontinuedOperations": {}, "extraordinaryItems": {}, "effectOfAccountingCharges": {}, "otherItems": {}, "netIncome": 9953166, "netIncomeApplicableToCommonShares": 9953166}], "maxAge": 86400}, "fundOwnership": {"maxAge": 1, "ownershipList": []}, "summaryDetail": {"maxAge": 1, "priceHint": 2, "previousClose": 17.05, "open": 17.0, "dayLow": 17.0, "dayHigh": 17.85, "regularMarketPreviousClose": 17.05, "regularMarketOpen": 17.0, "regularMarketDayLow": 17.0, "regularMarketDayHigh": 17.85, "exDividendDate": "2014-09-02 05:30:00", "payoutRatio": 0.0, "beta": 1.10507, "volume": 3333, "regularMarketVolume": 3333, "averageVolume": 7654, "averageVolume10days": 4296, "averageDailyVolume10Day": 4296, "bid": 0.0, "ask": 0.0, "bidSize": 0, "askSize": 0, "marketCap": 225800752, "fiftyTwoWeekLow": 9.0, "fiftyTwoWeekHigh": 24.9, "priceToSalesTrailing12Months": 0.058605425, "fiftyDayAverage": 16.689394, "twoHundredDayAverage": 17.16773, "currency": "INR", "fromCurrency": null, "toCurrency": null, "lastMarket": null, "algorithm": null, "tradeable": false}, "incomeStatementHistoryQuarterly": {"incomeStatementHistory": [{"maxAge": 1, "endDate": "2020-12-31", "totalRevenue": 1113159000, "costOfRevenue": 896629000, "grossProfit": 216530000, "researchDevelopment": {}, "sellingGeneralAdministrative": 65927000, "nonRecurring": {}, "otherOperatingExpenses": 129010000, "totalOperatingExpenses": 1109719000, "operatingIncome": 3440000, "totalOtherIncomeExpenseNet": -33421000, "ebit": 3440000, "interestExpense": -34084000, "incomeBeforeTax": -29981000, "incomeTaxExpense": -10308000, "minorityInterest": {}, "netIncomeFromContinuingOps": -19673000, "discontinuedOperations": {}, "extraordinaryItems": {}, "effectOfAccountingCharges": {}, "otherItems": {}, "netIncome": -19673000, "netIncomeApplicableToCommonShares": -19673000}, {"maxAge": 1, "endDate": "2020-09-30", "totalRevenue": 842596000, "costOfRevenue": 648345000, "grossProfit": 194251000, "researchDevelopment": {}, "sellingGeneralAdministrative": 57512000, "nonRecurring": {}, "otherOperatingExpenses": 120184000, "totalOperatingExpenses": 844471000, "operatingIncome": -1875000, "totalOtherIncomeExpenseNet": -28422000, "ebit": -1875000, "interestExpense": -30849000, "incomeBeforeTax": -30297000, "incomeTaxExpense": 2359000, "minorityInterest": {}, "netIncomeFromContinuingOps": -32656000, "discontinuedOperations": {}, "extraordinaryItems": {}, "effectOfAccountingCharges": {}, "otherItems": {}, "netIncome": -32656000, "netIncomeApplicableToCommonShares": -32656000}, {"maxAge": 1, "endDate": "2020-06-30", "totalRevenue": 761717000, "costOfRevenue": 620248000, "grossProfit": 141469000, "researchDevelopment": {}, "sellingGeneralAdministrative": 46160000, "nonRecurring": {}, "otherOperatingExpenses": 121894000, "totalOperatingExpenses": 806151000, "operatingIncome": -44434000, "totalOtherIncomeExpenseNet": -38934000, "ebit": -44434000, "interestExpense": -39547000, "incomeBeforeTax": -83368000, "incomeTaxExpense": -490000, "minorityInterest": {}, "netIncomeFromContinuingOps": -82878000, "discontinuedOperations": {}, "extraordinaryItems": {}, "effectOfAccountingCharges": {}, "otherItems": {}, "netIncome": -82878000, "netIncomeApplicableToCommonShares": -82878000}, {"maxAge": 1, "endDate": "2020-03-31", "totalRevenue": 1135426467, "costOfRevenue": 924767275, "grossProfit": 210659192, "researchDevelopment": {}, "sellingGeneralAdministrative": 71130029, "nonRecurring": {}, "otherOperatingExpenses": 128434697, "totalOperatingExpenses": 1141519319, "operatingIncome": -6092852, "totalOtherIncomeExpenseNet": 6415906, "ebit": -6092852, "interestExpense": -39547000, "incomeBeforeTax": 323054, "incomeTaxExpense": -357871, "minorityInterest": {}, "netIncomeFromContinuingOps": 680925, "discontinuedOperations": {}, "extraordinaryItems": {}, "effectOfAccountingCharges": {}, "otherItems": {}, "netIncome": 680925, "netIncomeApplicableToCommonShares": 680925}], "maxAge": 86400}, "cashflowStatementHistoryQuarterly": {"cashflowStatements": [{"maxAge": 1, "endDate": "2020-12-31", "netIncome": -19673000, "changeToLiabilities": 0}, {"maxAge": 1, "endDate": "2020-09-30", "netIncome": -32656000, "changeToLiabilities": 0}, {"maxAge": 1, "endDate": "2020-06-30", "netIncome": -82878000, "changeToLiabilities": 0}, {"maxAge": 1, "endDate": "2020-03-31", "netIncome": 680925, "changeToLiabilities": 0}], "maxAge": 86400}, "insiderHolders": {"holders": [{"maxAge": 1, "name": "Agarwal Galvanising Pvt Ltd", "relation": "UNREPORTED", "url": "", "transactionDescription": "Acquisition", "latestTransDate": "2009-08-17", "positionDirect": 800600, "positionDirectDate": "2009-08-17"}, {"maxAge": 1, "name": "Nagreeka Synthetics Pvt Ltd", "relation": "Promoter", "url": "", "transactionDescription": "Purchase", "latestTransDate": "2017-03-21", "positionDirect": 2105186, "positionDirectDate": "2017-03-21"}], "maxAge": 1}, "calendarEvents": {"maxAge": 1, "earnings": {"earningsDate": []}, "exDividendDate": "2014-09-02 05:30:00"}, "price": {"maxAge": 1, "regularMarketChangePercent": 0.026393007, "regularMarketChange": 0.45000076, "regularMarketTime": "2021-04-30 15:27:45", "priceHint": 2, "regularMarketPrice": 17.5, "regularMarketDayHigh": 17.85, "regularMarketDayLow": 17.0, "regularMarketVolume": 3333, "averageDailyVolume10Day": 4296, "averageDailyVolume3Month": 7654, "regularMarketPreviousClose": 17.05, "regularMarketSource": "FREE_REALTIME", "regularMarketOpen": 17.0, "exchange": "NSI", "exchangeName": "NSE", "exchangeDataDelayedBy": 15, "marketState": "CLOSED", "quoteType": "EQUITY", "symbol": "NAGREEKEXP.NS", "underlyingSymbol": null, "shortName": "NAGREEKA EXPORTS", "longName": "Nagreeka Exports Limited", "currency": "INR", "quoteSourceName": "Delayed Quote", "currencySymbol": "\u20b9", "fromCurrency": null, "toCurrency": null, "lastMarket": null, "marketCap": 225800752}, "balanceSheetHistory": {"balanceSheetStatements": [{"maxAge": 1, "endDate": "2020-03-31", "cash": 14388933, "shortTermInvestments": 2567217, "netReceivables": 310520063, "inventory": 1517276599, "otherCurrentAssets": 390085650, "totalCurrentAssets": 2244742475, "longTermInvestments": 76817413, "propertyPlantEquipment": 1262463921, "otherAssets": 55778953, "totalAssets": 3639802762, "accountsPayable": 258509777, "shortLongTermDebt": 75579019, "otherCurrentLiab": 93583886, "longTermDebt": 143412093, "otherLiab": 211611561, "totalCurrentLiabilities": 2220036216, "totalLiab": 2575059870, "commonStock": 62498500, "retainedEarnings": 882948905, "treasuryStock": -99068102, "capitalSurplus": 218363589, "otherStockholderEquity": -99068102, "totalStockholderEquity": 1064742892, "netTangibleAssets": 1064742892}, {"maxAge": 1, "endDate": "2019-03-31", "cash": 43845228, "shortTermInvestments": 3490334, "netReceivables": 350151781, "inventory": 1378573033, "otherCurrentAssets": 301279606, "totalCurrentAssets": 2092197220, "longTermInvestments": 136040349, "propertyPlantEquipment": 1299077931, "otherAssets": 52979677, "totalAssets": 3580295177, "accountsPayable": 186041007, "shortLongTermDebt": 78711918, "otherCurrentLiab": 29658489, "longTermDebt": 189462969, "otherLiab": 211682338, "totalCurrentLiabilities": 2057042576, "totalLiab": 2458187883, "commonStock": 62498500, "retainedEarnings": 881090371, "treasuryStock": -39845166, "capitalSurplus": 218363589, "otherStockholderEquity": -39845166, "totalStockholderEquity": 1122107294, "netTangibleAssets": 1122107294}, {"maxAge": 1, "endDate": "2018-03-31", "cash": 3682485, "shortTermInvestments": 12099098, "netReceivables": 348249662, "inventory": 1303267041, "otherCurrentAssets": 219888242, "totalCurrentAssets": 1899114818, "longTermInvestments": 195862120, "propertyPlantEquipment": 1342043838, "otherAssets": 68332486, "totalAssets": 3505353262, "accountsPayable": 106282158, "shortLongTermDebt": 84578253, "otherCurrentLiab": 23406004, "longTermDebt": 256887915, "otherLiab": 224437778, "totalCurrentLiabilities": 1888540374, "totalLiab": 2369866067, "commonStock": 62498500, "retainedEarnings": 834736501, "treasuryStock": 19888605, "capitalSurplus": 218363589, "otherStockholderEquity": 19888605, "totalStockholderEquity": 1135487195, "netTangibleAssets": 1135487195}, {"maxAge": 1, "endDate": "2017-03-31", "cash": 13730067, "shortTermInvestments": 14315900, "netReceivables": 541149680, "inventory": 1431266806, "otherCurrentAssets": 147253063, "totalCurrentAssets": 2157615330, "longTermInvestments": 185485984, "propertyPlantEquipment": 1339600417, "otherAssets": 72539105, "totalAssets": 3755240836, "accountsPayable": 283010139, "shortLongTermDebt": 134969843, "otherCurrentLiab": 42695239, "longTermDebt": 261871006, "otherLiab": 213340622, "totalCurrentLiabilities": 2251942064, "totalLiab": 2727153692, "commonStock": 62498500, "retainedEarnings": 812712586, "treasuryStock": 9512469, "capitalSurplus": 143363589, "otherStockholderEquity": 9512469, "totalStockholderEquity": 1028087144, "netTangibleAssets": 1028087144}], "maxAge": 86400}, "financialData": {"maxAge": 86400, "currentPrice": 17.5, "recommendationKey": "none", "totalCash": 102273000, "totalCashPerShare": 8.162, "ebitda": 23795204, "totalDebt": 2003593984, "totalRevenue": 3852898560, "debtToEquity": 203.959, "revenuePerShare": 309.715, "grossProfits": 1030292192, "revenueGrowth": -0.136, "grossMargins": 0.19801001, "ebitdaMargins": 0.0061799996, "operatingMargins": -0.01271, "profitMargins": -0.03487, "financialCurrency": "INR"}}}