{"NAHARSPING.BO": {"recommendationTrend": {"trend": [{"period": "0m", "strongBuy": 0, "buy": 0, "hold": 0, "sell": 0, "strongSell": 0}, {"period": "-1m", "strongBuy": 0, "buy": 0, "hold": 0, "sell": 0, "strongSell": 0}, {"period": "-2m", "strongBuy": 0, "buy": 0, "hold": 0, "sell": 0, "strongSell": 0}, {"period": "-3m", "strongBuy": 0, "buy": 0, "hold": 0, "sell": 0, "strongSell": 0}], "maxAge": 86400}, "cashflowStatementHistory": {"cashflowStatements": [{"maxAge": 1, "endDate": "2020-03-31", "netIncome": -530596000, "depreciation": 815108000, "changeToNetincome": -162225000, "changeToAccountReceivables": 357658000, "changeToLiabilities": -5484000, "changeToInventory": -247005000, "changeToOperatingActivities": 383001000, "totalCashFromOperatingActivities": 611744000, "capitalExpenditures": -909501000, "investments": -62271000, "otherCashflowsFromInvestingActivities": 174569000, "totalCashflowsFromInvestingActivities": -780573000, "dividendsPaid": -36065000, "netBorrowings": 1019085000, "otherCashflowsFromFinancingActivities": -787985000, "totalCashFromFinancingActivities": 195035000, "changeInCash": 26206000}, {"maxAge": 1, "endDate": "2019-03-31", "netIncome": 651207000, "depreciation": 836124000, "changeToNetincome": 112596000, "changeToAccountReceivables": 379848000, "changeToLiabilities": -384166000, "changeToInventory": 1093833000, "changeToOperatingActivities": -185437000, "totalCashFromOperatingActivities": 2504005000, "capitalExpenditures": -1305485000, "investments": 1903000, "otherCashflowsFromInvestingActivities": -5538000, "totalCashflowsFromInvestingActivities": -1283869000, "dividendsPaid": -18033000, "netBorrowings": -569267000, "otherCashflowsFromFinancingActivities": -640216000, "totalCashFromFinancingActivities": -1227516000, "changeInCash": -7380000}, {"maxAge": 1, "endDate": "2018-03-31", "netIncome": -321835000, "depreciation": 940692000, "changeToNetincome": -15517000, "changeToAccountReceivables": -417449000, "changeToLiabilities": 186117000, "changeToInventory": -2458518000, "changeToOperatingActivities": -312378000, "totalCashFromOperatingActivities": -2398888000, "capitalExpenditures": -377090000, "investments": 29454000, "otherCashflowsFromInvestingActivities": 125075000, "totalCashflowsFromInvestingActivities": -192319000, "dividendsPaid": -54098000, "netBorrowings": -992311000, "otherCashflowsFromFinancingActivities": -178500000, "totalCashFromFinancingActivities": -1224909000, "changeInCash": -3816116000}, {"maxAge": 1, "endDate": "2017-03-31", "netIncome": 459725000, "depreciation": 958262000, "changeToNetincome": 156263000, "changeToAccountReceivables": 592516000, "changeToLiabilities": 129964000, "changeToInventory": 1464007000, "changeToOperatingActivities": 64141000, "totalCashFromOperatingActivities": 3824884000, "capitalExpenditures": -467068000, "investments": -29277000, "otherCashflowsFromInvestingActivities": -143401000, "totalCashflowsFromInvestingActivities": -612526000, "dividendsPaid": -54098000, "netBorrowings": -897523000, "otherCashflowsFromFinancingActivities": -248810000, "totalCashFromFinancingActivities": -1200431000, "changeInCash": 2011927000}], "maxAge": 86400}, "institutionOwnership": {"ownershipList": [], "maxAge": 1}, "balanceSheetHistoryQuarterly": {"balanceSheetStatements": [{"maxAge": 1, "endDate": "2020-06-30", "totalStockholderEquity": 8191359000, "netTangibleAssets": 8189302000}, {"maxAge": 1, "endDate": "2020-03-31", "cash": 37171000, "shortTermInvestments": 150000, "netReceivables": 2862418000, "inventory": 6501976000, "otherCurrentAssets": 1276257000, "totalCurrentAssets": 10757137000, "longTermInvestments": 221837000, "propertyPlantEquipment": 7546022000, "intangibleAssets": 2057000, "otherAssets": 527960000, "totalAssets": 19055013000, "accountsPayable": 278204000, "shortLongTermDebt": 266245000, "otherCurrentLiab": 1230560000, "longTermDebt": 1685808000, "otherLiab": 62446000, "totalCurrentLiabilities": 9115400000, "totalLiab": 10863654000, "commonStock": 180327000, "retainedEarnings": 5778457000, "treasuryStock": 136590000, "capitalSurplus": 2095985000, "otherStockholderEquity": 136590000, "totalStockholderEquity": 8191359000, "netTangibleAssets": 8189302000}, {"maxAge": 1, "endDate": "2019-12-31", "totalStockholderEquity": 8418497000, "netTangibleAssets": 8416619000}, {"maxAge": 1, "endDate": "2019-09-30", "cash": 22032000, "netReceivables": 2394400000, "inventory": 3666163000, "otherCurrentAssets": 1282015000, "totalCurrentAssets": 7364610000, "longTermInvestments": 272860000, "propertyPlantEquipment": 7732764000, "intangibleAssets": 1878000, "otherAssets": 531033000, "totalAssets": 15903145000, "accountsPayable": 500054000, "shortLongTermDebt": 360949000, "otherCurrentLiab": 865491000, "longTermDebt": 1100576000, "otherLiab": 138844000, "totalCurrentLiabilities": 6245228000, "totalLiab": 7484648000, "commonStock": 180327000, "treasuryStock": 8238170000, "otherStockholderEquity": 8238170000, "totalStockholderEquity": 8418497000, "netTangibleAssets": 8416619000}], "maxAge": 86400}, "earningsHistory": {"history": [{"maxAge": 1, "epsActual": {}, "epsEstimate": {}, "epsDifference": {}, "surprisePercent": {}, "quarter": {}, "period": "-4q"}, {"maxAge": 1, "epsActual": {}, "epsEstimate": {}, "epsDifference": {}, "surprisePercent": {}, "quarter": {}, "period": "-3q"}, {"maxAge": 1, "epsActual": {}, "epsEstimate": {}, "epsDifference": {}, "surprisePercent": {}, "quarter": {}, "period": "-2q"}, {"maxAge": 1, "epsActual": {}, "epsEstimate": {}, "epsDifference": {}, "surprisePercent": {}, "quarter": {}, "period": "-1q"}], "maxAge": 86400}, "indexTrend": {"maxAge": 1, "symbol": "SP5", "peRatio": 19.7411, "pegRatio": 1.34172, "estimates": [{"period": "0q", "growth": 0.549}, {"period": "+1q", "growth": 0.431}, {"period": "0y", "growth": 0.305}, {"period": "+1y", "growth": 0.109}, {"period": "+5y", "growth": 0.120865}, {"period": "-5y"}]}, "industryTrend": {"maxAge": 1, "symbol": null, "estimates": []}, "insiderTransactions": {"transactions": [{"maxAge": 1, "shares": 89374, "filerUrl": "", "transactionText": "", "filerName": "Oswal (Jawahar Lal)", "filerRelation": "Chairman of the Board", "moneyText": "", "startDate": "2020-03-19", "ownership": "D"}, {"maxAge": 1, "shares": 200025, "filerUrl": "", "transactionText": "", "filerName": "Nahar Capital & Financial Service Ltd", "filerRelation": "Promoter", "moneyText": "", "startDate": "2019-11-22", "ownership": "D"}, {"maxAge": 1, "shares": 120170, "filerUrl": "", "transactionText": "", "filerName": "Vardhman Investments Ltd", "filerRelation": "Promoter", "moneyText": "", "startDate": "2019-09-10", "ownership": "D"}, {"maxAge": 1, "shares": 84194, "filerUrl": "", "transactionText": "", "filerName": "Vanaik Spinning Mills Ltd", "filerRelation": "Promoter", "moneyText": "", "startDate": "2019-09-10", "ownership": "D"}, {"maxAge": 1, "shares": 2211338, "filerUrl": "", "transactionText": "", "filerName": "Vanaik Investors Ltd", "filerRelation": "Promoter", "moneyText": "", "startDate": "2019-09-10", "ownership": "D"}, {"maxAge": 1, "shares": 113490, "filerUrl": "", "transactionText": "", "filerName": "Ruchika Growth Fund Pvt Ltd", "filerRelation": "Promoter", "moneyText": "", "startDate": "2019-09-10", "ownership": "D"}, {"maxAge": 1, "shares": 179179, "filerUrl": "", "transactionText": "", "filerName": "Oswal Woolen Mills Ltd", "filerRelation": "Promoter", "moneyText": "", "startDate": "2019-09-10", "ownership": "D"}, {"maxAge": 1, "shares": 51720, "filerUrl": "", "transactionText": "", "filerName": "Neha Credit & Investment Pvt Ltd", "filerRelation": "Promoter", "moneyText": "", "startDate": "2019-09-10", "ownership": "D"}, {"maxAge": 1, "shares": 218930, "filerUrl": "", "transactionText": "", "filerName": "Nahar Growth Fund Pvt Ltd", "filerRelation": "Promoter", "moneyText": "", "startDate": "2019-09-10", "ownership": "D"}, {"maxAge": 1, "shares": 5759165, "filerUrl": "", "transactionText": "", "filerName": "Nahar Capital & Financial Service Ltd", "filerRelation": "Promoter", "moneyText": "", "startDate": "2019-09-10", "ownership": "D"}, {"maxAge": 1, "shares": 1220386, "filerUrl": "", "transactionText": "", "filerName": "Nagdevi Trading & Investment Co Ltd", "filerRelation": "Promoter", "moneyText": "", "startDate": "2019-09-10", "ownership": "D"}, {"maxAge": 1, "shares": 112520, "filerUrl": "", "transactionText": "", "filerName": "Monica Growth Fund Pvt Ltd", "filerRelation": "Promoter", "moneyText": "", "startDate": "2019-09-10", "ownership": "D"}, {"maxAge": 1, "shares": 778057, "filerUrl": "", "transactionText": "", "filerName": "Kovalam Investment & Trading Co Ltd", "filerRelation": "Promoter", "moneyText": "", "startDate": "2019-09-10", "ownership": "D"}, {"maxAge": 1, "shares": 189413, "filerUrl": "", "transactionText": "", "filerName": "Abhilash Growth Fund Pvt Ltd", "filerRelation": "Promoter", "moneyText": "", "startDate": "2019-09-10", "ownership": "D"}, {"maxAge": 1, "shares": 121007, "filerUrl": "", "transactionText": "", "filerName": "Atam Vallabh Financiers Ltd", "filerRelation": "Promoter", "moneyText": "", "startDate": "2019-09-10", "ownership": "D"}, {"maxAge": 1, "shares": 20450, "filerUrl": "", "transactionText": "", "filerName": "Bermuda Insurance Brokers Pvt. Ltd.", "filerRelation": "Promoter", "moneyText": "", "startDate": "2019-09-10", "ownership": "D"}, {"maxAge": 1, "shares": 338311, "filerUrl": "", "transactionText": "", "filerName": "J L Growth Fund Ltd", "filerRelation": "Promoter", "moneyText": "", "startDate": "2019-09-10", "ownership": "D"}, {"maxAge": 1, "shares": 396146, "filerUrl": "", "transactionText": "", "filerName": "Kovalam Investment & Trading Co Ltd", "filerRelation": "Promoter", "moneyText": "", "startDate": "2019-01-30", "ownership": "D"}, {"maxAge": 1, "shares": 1960784, "filerUrl": "", "transactionText": "", "filerName": "Vanaik Investors Ltd", "filerRelation": "Promoter", "moneyText": "", "startDate": "2019-01-30", "ownership": "D"}], "maxAge": 1}, "quoteType": {"exchange": "BSE", "quoteType": "EQUITY", "symbol": "NAHARSPING.BO", "underlyingSymbol": "NAHARSPING.BO", "shortName": "NAHAR SPINNING MILLS LTD.", "longName": "Nahar Spinning Mills Ltd", "firstTradeDateEpochUtc": "2002-07-01 09:15:00", "timeZoneFullName": "Asia/Kolkata", "timeZoneShortName": "IST", "uuid": "c3831fc8-a9cc-360a-9167-f215c64601ac", "gmtOffSetMilliseconds": 19800000, "maxAge": 1}, "incomeStatementHistory": {"incomeStatementHistory": [{"maxAge": 1, "endDate": "2020-03-31", "totalRevenue": 20826088000, "costOfRevenue": 13580367000, "grossProfit": 7245721000, "researchDevelopment": {}, "sellingGeneralAdministrative": 2306836000, "nonRecurring": {}, "otherOperatingExpenses": 4329405000, "totalOperatingExpenses": 21033003000, "operatingIncome": -206915000, "totalOtherIncomeExpenseNet": -573681000, "ebit": -206915000, "interestExpense": -617144000, "incomeBeforeTax": -780596000, "incomeTaxExpense": -250000000, "minorityInterest": {}, "netIncomeFromContinuingOps": -530596000, "discontinuedOperations": {}, "extraordinaryItems": {}, "effectOfAccountingCharges": {}, "otherItems": {}, "netIncome": -530596000, "netIncomeApplicableToCommonShares": -519743000}, {"maxAge": 1, "endDate": "2019-03-31", "totalRevenue": 23051679000, "costOfRevenue": 13936823000, "grossProfit": 9114856000, "researchDevelopment": {}, "sellingGeneralAdministrative": 2211952000, "nonRecurring": {}, "otherOperatingExpenses": 4573530000, "totalOperatingExpenses": 21558429000, "operatingIncome": 1493250000, "totalOtherIncomeExpenseNet": -452243000, "ebit": 1493250000, "interestExpense": -540316000, "incomeBeforeTax": 1041007000, "incomeTaxExpense": 389800000, "minorityInterest": {}, "netIncomeFromContinuingOps": 651207000, "discontinuedOperations": {}, "extraordinaryItems": {}, "effectOfAccountingCharges": {}, "otherItems": {}, "netIncome": 651207000, "netIncomeApplicableToCommonShares": 657247000}, {"maxAge": 1, "endDate": "2018-03-31", "totalRevenue": 21330451000, "costOfRevenue": 13763868000, "grossProfit": 7566583000, "researchDevelopment": {}, "sellingGeneralAdministrative": 2048076000, "nonRecurring": {}, "otherOperatingExpenses": 4601985000, "totalOperatingExpenses": 21354621000, "operatingIncome": -24170000, "totalOtherIncomeExpenseNet": -438890000, "ebit": -24170000, "interestExpense": -490107000, "incomeBeforeTax": -463060000, "incomeTaxExpense": -141225000, "minorityInterest": {}, "netIncomeFromContinuingOps": -321835000, "discontinuedOperations": {}, "extraordinaryItems": {}, "effectOfAccountingCharges": {}, "otherItems": {}, "netIncome": -321835000, "netIncomeApplicableToCommonShares": -321835000}, {"maxAge": 1, "endDate": "2017-03-31", "totalRevenue": 21320147000, "costOfRevenue": 12771783000, "grossProfit": 8548364000, "researchDevelopment": {}, "sellingGeneralAdministrative": 1972209000, "nonRecurring": {}, "otherOperatingExpenses": 4720620000, "totalOperatingExpenses": 20422880000, "operatingIncome": 897267000, "totalOtherIncomeExpenseNet": -220231000, "ebit": 897267000, "interestExpense": -404014000, "incomeBeforeTax": 677036000, "incomeTaxExpense": 217311000, "minorityInterest": {}, "netIncomeFromContinuingOps": 459725000, "discontinuedOperations": {}, "extraordinaryItems": {}, "effectOfAccountingCharges": {}, "otherItems": {}, "netIncome": 459725000, "netIncomeApplicableToCommonShares": 457521000}], "maxAge": 86400}, "fundOwnership": {"ownershipList": [], "maxAge": 1}, "summaryDetail": {"maxAge": 1, "priceHint": 2, "previousClose": 99.8, "open": 99.05, "dayLow": 99.0, "dayHigh": 104.75, "regularMarketPreviousClose": 99.8, "regularMarketOpen": 99.05, "regularMarketDayLow": 99.0, "regularMarketDayHigh": 104.75, "volume": 5884, "regularMarketVolume": 5884, "averageVolume": 9796, "averageVolume10days": 4322, "averageDailyVolume10Day": 4322, "bid": 104.75, "ask": 0.0, "bidSize": 0, "askSize": 0, "marketCap": 3777840128, "fiftyTwoWeekLow": 22.1, "fiftyTwoWeekHigh": 104.75, "fiftyDayAverage": 77.94242, "twoHundredDayAverage": 49.438236, "trailingAnnualDividendRate": 1.0, "trailingAnnualDividendYield": 0.01002004, "currency": "INR", "fromCurrency": null, "lastMarket": null, "algorithm": null, "tradeable": false}, "sectorTrend": {"maxAge": 1, "symbol": null, "estimates": []}, "incomeStatementHistoryQuarterly": {"incomeStatementHistory": [{"maxAge": 1, "endDate": "2020-06-30", "totalRevenue": 2097861000, "costOfRevenue": 1563047000, "grossProfit": 534814000, "researchDevelopment": {}, "sellingGeneralAdministrative": 302724000, "nonRecurring": {}, "otherOperatingExpenses": 246415000, "totalOperatingExpenses": 2317258000, "operatingIncome": -219397000, "totalOtherIncomeExpenseNet": -170775000, "ebit": -219397000, "interestExpense": -182956000, "incomeBeforeTax": -390172000, "incomeTaxExpense": -136000000, "minorityInterest": {}, "netIncomeFromContinuingOps": -254172000, "discontinuedOperations": {}, "extraordinaryItems": {}, "effectOfAccountingCharges": {}, "otherItems": {}, "netIncome": -254172000, "netIncomeApplicableToCommonShares": -254172000}, {"maxAge": 1, "endDate": "2020-03-31", "totalRevenue": 5645596000, "costOfRevenue": 1829884000, "grossProfit": 3815712000, "researchDevelopment": {}, "sellingGeneralAdministrative": 603231000, "nonRecurring": {}, "otherOperatingExpenses": 3023372000, "totalOperatingExpenses": 5665063000, "operatingIncome": -19467000, "totalOtherIncomeExpenseNet": -155411000, "ebit": -19467000, "interestExpense": -174301000, "incomeBeforeTax": -174878000, "incomeTaxExpense": -41000000, "minorityInterest": {}, "netIncomeFromContinuingOps": -133878000, "discontinuedOperations": {}, "extraordinaryItems": {}, "effectOfAccountingCharges": {}, "otherItems": {}, "netIncome": -133878000, "netIncomeApplicableToCommonShares": -123025000}, {"maxAge": 1, "endDate": "2019-12-31", "totalRevenue": 5903486000, "costOfRevenue": 4602565000, "grossProfit": 1300921000, "researchDevelopment": {}, "sellingGeneralAdministrative": 588598000, "nonRecurring": {}, "otherOperatingExpenses": 460729000, "totalOperatingExpenses": 5857357000, "operatingIncome": 46129000, "totalOtherIncomeExpenseNet": -187956000, "ebit": 46129000, "interestExpense": -148428000, "incomeBeforeTax": -141827000, "incomeTaxExpense": -45000000, "minorityInterest": {}, "netIncomeFromContinuingOps": -96827000, "discontinuedOperations": {}, "extraordinaryItems": {}, "effectOfAccountingCharges": {}, "otherItems": {}, "netIncome": -96827000, "netIncomeApplicableToCommonShares": -96827000}, {"maxAge": 1, "endDate": "2019-09-30", "totalRevenue": 3941613000, "costOfRevenue": 3219151000, "grossProfit": 722462000, "researchDevelopment": {}, "sellingGeneralAdministrative": 530966000, "nonRecurring": {}, "otherOperatingExpenses": 385072000, "totalOperatingExpenses": 4342966000, "operatingIncome": -401353000, "totalOtherIncomeExpenseNet": -109804000, "ebit": -401353000, "interestExpense": -133564000, "incomeBeforeTax": -511157000, "incomeTaxExpense": -179500000, "minorityInterest": {}, "netIncomeFromContinuingOps": -331657000, "discontinuedOperations": {}, "extraordinaryItems": {}, "effectOfAccountingCharges": {}, "otherItems": {}, "netIncome": -331657000, "netIncomeApplicableToCommonShares": -331657000}], "maxAge": 86400}, "cashflowStatementHistoryQuarterly": {"cashflowStatements": [{"maxAge": 1, "endDate": "2020-06-30", "netIncome": -254172000, "changeToLiabilities": 0}, {"maxAge": 1, "endDate": "2020-03-31", "netIncome": -133878000, "changeToLiabilities": 0}, {"maxAge": 1, "endDate": "2019-12-31", "netIncome": -96827000, "changeToLiabilities": 0}, {"maxAge": 1, "endDate": "2019-09-30", "netIncome": -331657000, "changeToLiabilities": 0}], "maxAge": 86400}, "insiderHolders": {"holders": [{"maxAge": 1, "name": "Nagdevi Trading & Investment Co Ltd", "relation": "Promoter", "url": "", "transactionDescription": "Sale", "latestTransDate": "2019-09-10", "positionDirect": 0, "positionDirectDate": "2019-09-10"}, {"maxAge": 1, "name": "Nahar Capital & Financial Service Ltd", "relation": "Promoter", "url": "", "transactionDescription": "Acquisition", "latestTransDate": "2019-11-22", "positionDirect": 16216574, "positionDirectDate": "2019-11-22"}, {"maxAge": 1, "name": "Nahar Growth Fund Pvt Ltd", "relation": "Promoter", "url": "", "transactionDescription": "Sale", "latestTransDate": "2019-09-10", "positionDirect": 0, "positionDirectDate": "2019-09-10"}, {"maxAge": 1, "name": "Neha Credit & Investment Pvt Ltd", "relation": "Promoter", "url": "", "transactionDescription": "Sale", "latestTransDate": "2019-09-10", "positionDirect": 0, "positionDirectDate": "2019-09-10"}, {"maxAge": 1, "name": "Oswal (Jawahar Lal)", "relation": "Chairman of the Board", "url": "", "transactionDescription": "Acquisition", "latestTransDate": "2020-03-19", "positionDirect": 90374, "positionDirectDate": "2020-03-19"}, {"maxAge": 1, "name": "Oswal Woolen Mills Ltd", "relation": "Promoter", "url": "", "transactionDescription": "Sale", "latestTransDate": "2019-09-10", "positionDirect": 0, "positionDirectDate": "2019-09-10"}, {"maxAge": 1, "name": "Ruchika Growth Fund Pvt Ltd", "relation": "Promoter", "url": "", "transactionDescription": "Sale", "latestTransDate": "2019-09-10", "positionDirect": 0, "positionDirectDate": "2019-09-10"}, {"maxAge": 1, "name": "Vanaik Investors Ltd", "relation": "Promoter", "url": "", "transactionDescription": "Sale", "latestTransDate": "2019-09-10", "positionDirect": 0, "positionDirectDate": "2019-09-10"}, {"maxAge": 1, "name": "Vanaik Spinning Mills Ltd", "relation": "Promoter", "url": "", "transactionDescription": "Sale", "latestTransDate": "2019-09-10", "positionDirect": 0, "positionDirectDate": "2019-09-10"}, {"maxAge": 1, "name": "Vardhman Investments Ltd", "relation": "Promoter", "url": "", "transactionDescription": "Sale", "latestTransDate": "2019-09-10", "positionDirect": 0, "positionDirectDate": "2019-09-10"}], "maxAge": 1}, "earnings": {"maxAge": 86400, "earningsChart": {"quarterly": [], "earningsDate": []}, "financialsChart": {"yearly": [{"date": 2017, "revenue": 21320147000, "earnings": 459725000}, {"date": 2018, "revenue": 21330451000, "earnings": -321835000}, {"date": 2019, "revenue": 23051679000, "earnings": 651207000}, {"date": 2020, "revenue": 20826088000, "earnings": -530596000}], "quarterly": [{"date": "3Q2019", "revenue": 3941613000, "earnings": -331657000}, {"date": "4Q2019", "revenue": 5903486000, "earnings": -96827000}, {"date": "1Q2020", "revenue": 5645596000, "earnings": -133878000}, {"date": "2Q2020", "revenue": 2097861000, "earnings": -254172000}]}, "financialCurrency": "INR"}, "calendarEvents": {"maxAge": 1, "earnings": {"earningsDate": []}}, "upgradeDowngradeHistory": {"history": [], "maxAge": 86400}, "price": {"maxAge": 1, "regularMarketChangePercent": 0.049599167, "regularMarketChange": 4.949997, "regularMarketTime": "2021-04-30 14:59:43", "priceHint": 2, "regularMarketPrice": 104.75, "regularMarketDayHigh": 104.75, "regularMarketDayLow": 99.0, "regularMarketVolume": 5884, "averageDailyVolume10Day": 4322, "averageDailyVolume3Month": 9796, "regularMarketPreviousClose": 99.8, "regularMarketSource": "FREE_REALTIME", "regularMarketOpen": 99.05, "exchange": "BSE", "exchangeName": "BSE", "exchangeDataDelayedBy": 0, "marketState": "CLOSED", "quoteType": "EQUITY", "symbol": "NAHARSPING.BO", "underlyingSymbol": null, "shortName": "NAHAR SPINNING MILLS LTD.", "longName": "Nahar Spinning Mills Ltd", "currency": "INR", "quoteSourceName": "Delayed Quote", "currencySymbol": "\u20b9", "fromCurrency": null, "lastMarket": null, "marketCap": 3777840128}, "balanceSheetHistory": {"balanceSheetStatements": [{"maxAge": 1, "endDate": "2020-03-31", "cash": 37171000, "shortTermInvestments": 150000, "netReceivables": 2862418000, "inventory": 6501976000, "otherCurrentAssets": 1276257000, "totalCurrentAssets": 10757137000, "longTermInvestments": 221837000, "propertyPlantEquipment": 7546022000, "intangibleAssets": 2057000, "otherAssets": 527960000, "totalAssets": 19055013000, "accountsPayable": 278204000, "shortLongTermDebt": 266245000, "otherCurrentLiab": 1230560000, "longTermDebt": 1685808000, "otherLiab": 62446000, "totalCurrentLiabilities": 9115400000, "totalLiab": 10863654000, "commonStock": 180327000, "retainedEarnings": 5778457000, "treasuryStock": 136590000, "capitalSurplus": 2095985000, "otherStockholderEquity": 136590000, "totalStockholderEquity": 8191359000, "netTangibleAssets": 8189302000}, {"maxAge": 1, "endDate": "2019-03-31", "cash": 11915000, "shortTermInvestments": 5159000, "netReceivables": 3210335000, "inventory": 6254971000, "otherCurrentAssets": 1221760000, "totalCurrentAssets": 10732411000, "longTermInvestments": 218885000, "propertyPlantEquipment": 7517092000, "intangibleAssets": 3095000, "otherAssets": 613009000, "totalAssets": 19084492000, "accountsPayable": 283688000, "shortLongTermDebt": 659650000, "otherCurrentLiab": 766224000, "longTermDebt": 603317000, "otherLiab": 304546000, "totalCurrentLiabilities": 9407011000, "totalLiab": 10314874000, "commonStock": 180327000, "retainedEarnings": 6356716000, "treasuryStock": 136590000, "capitalSurplus": 2095985000, "otherStockholderEquity": 136590000, "totalStockholderEquity": 8769618000, "netTangibleAssets": 8766523000}, {"maxAge": 1, "endDate": "2018-03-31", "cash": 18086000, "netReceivables": 3596173000, "inventory": 7348804000, "otherCurrentAssets": 968340000, "totalCurrentAssets": 11963067000, "longTermInvestments": 252691000, "propertyPlantEquipment": 7052841000, "intangibleAssets": 5099000, "otherAssets": 576562000, "totalAssets": 19850260000, "accountsPayable": 667854000, "shortLongTermDebt": 1102849000, "otherCurrentLiab": 702036000, "longTermDebt": 729384000, "otherLiab": 247074000, "totalCurrentLiabilities": 10688279000, "totalLiab": 11664737000, "commonStock": 180327000, "retainedEarnings": 5772621000, "treasuryStock": 136590000, "capitalSurplus": 2095985000, "otherStockholderEquity": 136590000, "totalStockholderEquity": 8185523000, "netTangibleAssets": 8180424000}, {"maxAge": 1, "endDate": "2017-03-31", "cash": 261443000, "netReceivables": 3190025000, "inventory": 4890286000, "otherCurrentAssets": 585001000, "totalCurrentAssets": 8989338000, "longTermInvestments": 247737000, "propertyPlantEquipment": 7639988000, "intangibleAssets": 193000, "otherAssets": 679205000, "totalAssets": 17556461000, "accountsPayable": 481737000, "shortLongTermDebt": 1131007000, "otherCurrentLiab": 669119000, "longTermDebt": 1693537000, "otherLiab": 384768000, "totalCurrentLiabilities": 6915475000, "totalLiab": 8993780000, "commonStock": 180327000, "retainedEarnings": 6149779000, "treasuryStock": 136590000, "capitalSurplus": 2095985000, "otherStockholderEquity": 136590000, "totalStockholderEquity": 8562681000, "netTangibleAssets": 8562488000}], "maxAge": 86400}, "earningsTrend": {"trend": [{"maxAge": 1, "period": "0q", "endDate": null, "growth": {}, "earningsEstimate": {"avg": 0.0, "low": 0.0, "high": 0.0, "yearAgoEps": {}, "numberOfAnalysts": 0, "growth": {}}, "revenueEstimate": {"avg": 0, "low": 0, "high": 0, "numberOfAnalysts": 0, "yearAgoRevenue": {}, "growth": {}}, "epsTrend": {"current": 0.0, "7daysAgo": 0.0, "30daysAgo": 0.0, "60daysAgo": 0.0, "90daysAgo": 0.0}, "epsRevisions": {"upLast7days": 0, "upLast30days": 0, "downLast30days": 0, "downLast90days": {}}}, {"maxAge": 1, "period": "+1q", "endDate": null, "growth": {}, "earningsEstimate": {"avg": 0.0, "low": 0.0, "high": 0.0, "yearAgoEps": {}, "numberOfAnalysts": 0, "growth": {}}, "revenueEstimate": {"avg": 0, "low": 0, "high": 0, "numberOfAnalysts": 0, "yearAgoRevenue": {}, "growth": {}}, "epsTrend": {"current": 0.0, "7daysAgo": 0.0, "30daysAgo": 0.0, "60daysAgo": 0.0, "90daysAgo": 0.0}, "epsRevisions": {"upLast7days": 0, "upLast30days": 0, "downLast30days": 0, "downLast90days": {}}}, {"maxAge": 1, "period": "0y", "endDate": null, "growth": {}, "earningsEstimate": {"avg": 0.0, "low": 0.0, "high": 0.0, "yearAgoEps": {}, "numberOfAnalysts": 0, "growth": {}}, "revenueEstimate": {"avg": 0, "low": 0, "high": 0, "numberOfAnalysts": 0, "yearAgoRevenue": {}, "growth": {}}, "epsTrend": {"current": 0.0, "7daysAgo": 0.0, "30daysAgo": 0.0, "60daysAgo": 0.0, "90daysAgo": 0.0}, "epsRevisions": {"upLast7days": 0, "upLast30days": 0, "downLast30days": 0, "downLast90days": {}}}, {"maxAge": 1, "period": "+1y", "endDate": null, "growth": {}, "earningsEstimate": {"avg": 0.0, "low": 0.0, "high": 0.0, "yearAgoEps": {}, "numberOfAnalysts": 0, "growth": {}}, "revenueEstimate": {"avg": 0, "low": 0, "high": 0, "numberOfAnalysts": 0, "yearAgoRevenue": {}, "growth": {}}, "epsTrend": {"current": 0.0, "7daysAgo": 0.0, "30daysAgo": 0.0, "60daysAgo": 0.0, "90daysAgo": 0.0}, "epsRevisions": {"upLast7days": 0, "upLast30days": 0, "downLast30days": 0, "downLast90days": {}}}, {"maxAge": 1, "period": "+5y", "endDate": null, "growth": {}, "earningsEstimate": {"avg": {}, "low": {}, "high": {}, "yearAgoEps": {}, "numberOfAnalysts": {}, "growth": {}}, "revenueEstimate": {"avg": {}, "low": {}, "high": {}, "numberOfAnalysts": {}, "yearAgoRevenue": {}, "growth": {}}, "epsTrend": {"current": {}, "7daysAgo": {}, "30daysAgo": {}, "60daysAgo": {}, "90daysAgo": {}}, "epsRevisions": {"upLast7days": {}, "upLast30days": {}, "downLast30days": {}, "downLast90days": {}}}, {"maxAge": 1, "period": "-5y", "endDate": null, "growth": {}, "earningsEstimate": {"avg": {}, "low": {}, "high": {}, "yearAgoEps": {}, "numberOfAnalysts": {}, "growth": {}}, "revenueEstimate": {"avg": {}, "low": {}, "high": {}, "numberOfAnalysts": {}, "yearAgoRevenue": {}, "growth": {}}, "epsTrend": {"current": {}, "7daysAgo": {}, "30daysAgo": {}, "60daysAgo": {}, "90daysAgo": {}}, "epsRevisions": {"upLast7days": {}, "upLast30days": {}, "downLast30days": {}, "downLast90days": {}}}], "maxAge": 1}, "financialData": {"maxAge": 86400, "currentPrice": 104.75, "targetHighPrice": 100.0, "targetLowPrice": 100.0, "targetMeanPrice": 100.0, "targetMedianPrice": 100.0, "recommendationKey": "none", "numberOfAnalystOpinions": 1, "grossProfits": 7245721000, "financialCurrency": "INR"}}}