{"NARAYANI.BO": {"cashflowStatementHistory": {"cashflowStatements": [{"maxAge": 1, "endDate": "2020-03-31", "netIncome": -307479000, "depreciation": 16664000, "changeToNetincome": 173884000, "changeToAccountReceivables": 249398000, "changeToLiabilities": -722841000, "changeToInventory": 45668000, "totalCashFromOperatingActivities": -544706000, "capitalExpenditures": -8659000, "investments": 61607000, "otherCashflowsFromInvestingActivities": 37635000, "totalCashflowsFromInvestingActivities": 90698000, "netBorrowings": 666456000, "otherCashflowsFromFinancingActivities": -230579000, "totalCashFromFinancingActivities": 435877000, "changeInCash": -18131000}, {"maxAge": 1, "endDate": "2019-03-31", "netIncome": 22849000, "depreciation": 9052000, "changeToNetincome": 142392000, "changeToAccountReceivables": -307303000, "changeToLiabilities": 313757000, "changeToInventory": 17597000, "totalCashFromOperatingActivities": 198428000, "capitalExpenditures": -44224000, "investments": -90677000, "otherCashflowsFromInvestingActivities": 29609000, "totalCashflowsFromInvestingActivities": -105292000, "netBorrowings": 77276000, "otherCashflowsFromFinancingActivities": -174378000, "totalCashFromFinancingActivities": -97102000, "changeInCash": -3966000}, {"maxAge": 1, "endDate": "2018-03-31", "netIncome": 19449000, "depreciation": 8633000, "changeToNetincome": 161140000, "changeToAccountReceivables": -449222000, "changeToLiabilities": -45227000, "changeToInventory": 378430000, "totalCashFromOperatingActivities": 73268000, "capitalExpenditures": -62308000, "investments": 3349000, "otherCashflowsFromInvestingActivities": 23626000, "totalCashflowsFromInvestingActivities": -35333000, "netBorrowings": 129423000, "otherCashflowsFromFinancingActivities": -181229000, "totalCashFromFinancingActivities": -51806000, "changeInCash": -13872000}, {"maxAge": 1, "endDate": "2017-03-31", "netIncome": 22469727, "depreciation": 5404297, "changeToNetincome": 150150426, "changeToAccountReceivables": -357867954, "changeToLiabilities": 420164695, "changeToInventory": -196905117, "changeToOperatingActivities": -148529766, "totalCashFromOperatingActivities": -105113692, "capitalExpenditures": -2084332, "investments": -49704978, "otherCashflowsFromInvestingActivities": 10047266, "totalCashflowsFromInvestingActivities": -41742044, "netBorrowings": 215375827, "otherCashflowsFromFinancingActivities": -158141379, "totalCashFromFinancingActivities": 172434448, "changeInCash": 25578712, "issuanceOfStock": 115200000}], "maxAge": 86400}, "institutionOwnership": {"ownershipList": [], "maxAge": 1}, "balanceSheetHistoryQuarterly": {"balanceSheetStatements": [{"maxAge": 1, "endDate": "2020-06-30", "totalStockholderEquity": 108477000, "netTangibleAssets": 108232000}, {"maxAge": 1, "endDate": "2020-03-31", "cash": 185054000, "shortTermInvestments": 9346000, "netReceivables": 1750014000, "inventory": 133217000, "otherCurrentAssets": 103321000, "totalCurrentAssets": 2180952000, "longTermInvestments": 29000, "propertyPlantEquipment": 220640000, "intangibleAssets": 245000, "otherAssets": 181894000, "deferredLongTermAssetCharges": 156532000, "totalAssets": 2583760000, "accountsPayable": 526698000, "otherCurrentLiab": 52919000, "longTermDebt": 347802000, "otherLiab": 1884000, "totalCurrentLiabilities": 2114057000, "totalLiab": 2475283000, "commonStock": 109090000, "treasuryStock": -613000, "otherStockholderEquity": -613000, "totalStockholderEquity": 108477000, "netTangibleAssets": 108232000}, {"maxAge": 1, "endDate": "2019-12-31"}, {"maxAge": 1, "endDate": "2019-06-30"}], "maxAge": 86400}, "indexTrend": {"maxAge": 1, "symbol": "SP5", "peRatio": 19.7411, "pegRatio": 1.34172, "estimates": [{"period": "0q", "growth": 0.549}, {"period": "+1q", "growth": 0.431}, {"period": "0y", "growth": 0.305}, {"period": "+1y", "growth": 0.109}, {"period": "+5y", "growth": 0.120859005}, {"period": "-5y"}]}, "quoteType": {"exchange": "BSE", "quoteType": "EQUITY", "symbol": "NARAYANI.BO", "underlyingSymbol": "NARAYANI.BO", "shortName": "Narayani Steels Limited", "longName": "Narayani Steels Limited", "firstTradeDateEpochUtc": "2016-09-14 09:15:00", "timeZoneFullName": "Asia/Kolkata", "timeZoneShortName": "IST", "uuid": "3ebba5b2-5266-3022-8728-11a5d0bd8f58", "gmtOffSetMilliseconds": 19800000, "maxAge": 1}, "incomeStatementHistory": {"incomeStatementHistory": [{"maxAge": 1, "endDate": "2020-03-31", "totalRevenue": 3585202000, "costOfRevenue": 3429862000, "grossProfit": 155340000, "researchDevelopment": {}, "sellingGeneralAdministrative": 50290000, "nonRecurring": {}, "otherOperatingExpenses": 371085000, "totalOperatingExpenses": 3867901000, "operatingIncome": -282699000, "totalOtherIncomeExpenseNet": -192154000, "ebit": -282699000, "interestExpense": -230580000, "incomeBeforeTax": -474853000, "incomeTaxExpense": -167374000, "minorityInterest": {}, "netIncomeFromContinuingOps": -307479000, "discontinuedOperations": {}, "extraordinaryItems": {}, "effectOfAccountingCharges": {}, "otherItems": {}, "netIncome": -307479000, "netIncomeApplicableToCommonShares": -307479000}, {"maxAge": 1, "endDate": "2019-03-31", "totalRevenue": 7516843000, "costOfRevenue": 7064741000, "grossProfit": 452102000, "researchDevelopment": {}, "sellingGeneralAdministrative": 45238000, "nonRecurring": {}, "otherOperatingExpenses": 236673000, "totalOperatingExpenses": 7355788000, "operatingIncome": 161055000, "totalOtherIncomeExpenseNet": -125836000, "ebit": 161055000, "interestExpense": -152070000, "incomeBeforeTax": 35219000, "incomeTaxExpense": 12370000, "minorityInterest": {}, "netIncomeFromContinuingOps": 22849000, "discontinuedOperations": {}, "extraordinaryItems": {}, "effectOfAccountingCharges": {}, "otherItems": {}, "netIncome": 22849000, "netIncomeApplicableToCommonShares": 22849000}, {"maxAge": 1, "endDate": "2018-03-31", "totalRevenue": 7774957000, "costOfRevenue": 7343740000, "grossProfit": 431217000, "researchDevelopment": {}, "sellingGeneralAdministrative": 29842000, "nonRecurring": {}, "otherOperatingExpenses": 210674000, "totalOperatingExpenses": 7592954000, "operatingIncome": 182003000, "totalOtherIncomeExpenseNet": -150882000, "ebit": 182003000, "interestExpense": -161526000, "incomeBeforeTax": 31121000, "incomeTaxExpense": 11672000, "minorityInterest": {}, "netIncomeFromContinuingOps": 19449000, "discontinuedOperations": {}, "extraordinaryItems": {}, "effectOfAccountingCharges": {}, "otherItems": {}, "netIncome": 19449000, "netIncomeApplicableToCommonShares": 19449000}, {"maxAge": 1, "endDate": "2017-03-31", "totalRevenue": 7744765866, "costOfRevenue": 7389829663, "grossProfit": 354936203, "researchDevelopment": {}, "sellingGeneralAdministrative": 29498228, "nonRecurring": {}, "otherOperatingExpenses": 142248179, "totalOperatingExpenses": 7566980367, "operatingIncome": 177785499, "totalOtherIncomeExpenseNet": -144615663, "ebit": 177785499, "interestExpense": -147705916, "incomeBeforeTax": 33169836, "incomeTaxExpense": 10700109, "minorityInterest": {}, "netIncomeFromContinuingOps": 22469727, "discontinuedOperations": {}, "extraordinaryItems": {}, "effectOfAccountingCharges": {}, "otherItems": {}, "netIncome": 22469727, "netIncomeApplicableToCommonShares": 22469727}], "maxAge": 86400}, "fundOwnership": {"ownershipList": [], "maxAge": 1}, "summaryDetail": {"maxAge": 1, "priceHint": 2, "previousClose": 25.55, "open": 26.0, "dayLow": 25.0, "dayHigh": 26.7, "regularMarketPreviousClose": 25.55, "regularMarketOpen": 26.0, "regularMarketDayLow": 25.0, "regularMarketDayHigh": 26.7, "volume": 65930, "regularMarketVolume": 65930, "averageVolume": 10704, "averageVolume10days": 910, "averageDailyVolume10Day": 910, "bid": 25.35, "ask": 25.4, "bidSize": 0, "askSize": 0, "marketCap": 277088608, "fiftyTwoWeekLow": 18.5, "fiftyTwoWeekHigh": 39.55, "fiftyDayAverage": 27.29394, "twoHundredDayAverage": 25.834558, "currency": "INR", "fromCurrency": null, "lastMarket": null, "algorithm": null, "tradeable": false}, "incomeStatementHistoryQuarterly": {"incomeStatementHistory": [{"maxAge": 1, "endDate": "2020-06-30", "totalRevenue": 183672000, "costOfRevenue": 149288000, "grossProfit": 34384000, "researchDevelopment": {}, "sellingGeneralAdministrative": 11010000, "nonRecurring": {}, "otherOperatingExpenses": 17973000, "totalOperatingExpenses": 181945000, "operatingIncome": 1727000, "totalOtherIncomeExpenseNet": -75269000, "ebit": 1727000, "interestExpense": -87127000, "incomeBeforeTax": -73542000, "incomeTaxExpense": -24264000, "minorityInterest": {}, "netIncomeFromContinuingOps": -49278000, "discontinuedOperations": {}, "extraordinaryItems": {}, "effectOfAccountingCharges": {}, "otherItems": {}, "netIncome": -49278000, "netIncomeApplicableToCommonShares": -49278000}, {"maxAge": 1, "endDate": "2020-03-31", "totalRevenue": 360081000, "costOfRevenue": 375332000, "grossProfit": -15251000, "researchDevelopment": {}, "sellingGeneralAdministrative": 13123000, "nonRecurring": {}, "otherOperatingExpenses": 195307000, "totalOperatingExpenses": 589140000, "operatingIncome": -229059000, "totalOtherIncomeExpenseNet": -58729000, "ebit": -229059000, "interestExpense": -68513000, "incomeBeforeTax": -287788000, "incomeTaxExpense": -102868000, "minorityInterest": {}, "netIncomeFromContinuingOps": -184920000, "discontinuedOperations": {}, "extraordinaryItems": {}, "effectOfAccountingCharges": {}, "otherItems": {}, "netIncome": -184920000, "netIncomeApplicableToCommonShares": -184920000}, {"maxAge": 1, "endDate": "2019-12-31", "totalRevenue": 786670000, "costOfRevenue": 777400000, "grossProfit": 9270000, "researchDevelopment": {}, "sellingGeneralAdministrative": 12750000, "nonRecurring": {}, "otherOperatingExpenses": 43610000, "totalOperatingExpenses": 837640000, "operatingIncome": -50970000, "totalOtherIncomeExpenseNet": -55400000, "ebit": -50970000, "interestExpense": -63700000, "incomeBeforeTax": -106370000, "incomeTaxExpense": -37700000, "minorityInterest": {}, "netIncomeFromContinuingOps": -68670000, "discontinuedOperations": {}, "extraordinaryItems": {}, "effectOfAccountingCharges": {}, "otherItems": {}, "netIncome": -68670000, "netIncomeApplicableToCommonShares": -68670000}, {"maxAge": 1, "endDate": "2019-06-30", "totalRevenue": 1635232000, "costOfRevenue": 1511845000, "grossProfit": 123387000, "researchDevelopment": {}, "sellingGeneralAdministrative": 11658000, "nonRecurring": {}, "otherOperatingExpenses": 64670000, "totalOperatingExpenses": 1591731000, "operatingIncome": 43501000, "totalOtherIncomeExpenseNet": -34071000, "ebit": 43501000, "interestExpense": -42527000, "incomeBeforeTax": 9430000, "incomeTaxExpense": 3848000, "minorityInterest": {}, "netIncomeFromContinuingOps": 5582000, "discontinuedOperations": {}, "extraordinaryItems": {}, "effectOfAccountingCharges": {}, "otherItems": {}, "netIncome": 5582000, "netIncomeApplicableToCommonShares": 5582000}], "maxAge": 86400}, "cashflowStatementHistoryQuarterly": {"cashflowStatements": [{"maxAge": 1, "endDate": "2020-06-30", "netIncome": -49278000, "changeToLiabilities": 0}, {"maxAge": 1, "endDate": "2020-03-31", "netIncome": -184920000, "changeToLiabilities": 0}, {"maxAge": 1, "endDate": "2019-12-31", "netIncome": -68670000, "changeToLiabilities": 0}, {"maxAge": 1, "endDate": "2019-06-30", "netIncome": 5582000, "changeToLiabilities": 0}], "maxAge": 86400}, "insiderHolders": {"holders": [], "maxAge": 1}, "calendarEvents": {"maxAge": 1, "earnings": {"earningsDate": []}}, "upgradeDowngradeHistory": {"history": [], "maxAge": 86400}, "price": {"maxAge": 1, "regularMarketChangePercent": -0.005870826, "regularMarketChange": -0.14999962, "regularMarketTime": "2021-04-30 15:40:36", "priceHint": 2, "regularMarketPrice": 25.4, "regularMarketDayHigh": 26.7, "regularMarketDayLow": 25.0, "regularMarketVolume": 65930, "averageDailyVolume10Day": 910, "averageDailyVolume3Month": 10704, "regularMarketPreviousClose": 25.55, "regularMarketSource": "FREE_REALTIME", "regularMarketOpen": 26.0, "exchange": "BSE", "exchangeName": "BSE", "exchangeDataDelayedBy": 0, "marketState": "CLOSED", "quoteType": "EQUITY", "symbol": "NARAYANI.BO", "underlyingSymbol": null, "shortName": "Narayani Steels Limited", "longName": "Narayani Steels Limited", "currency": "INR", "quoteSourceName": "Delayed Quote", "currencySymbol": "\u20b9", "fromCurrency": null, "lastMarket": null, "marketCap": 277088608}, "balanceSheetHistory": {"balanceSheetStatements": [{"maxAge": 1, "endDate": "2020-03-31", "cash": 185054000, "shortTermInvestments": 9346000, "netReceivables": 1750014000, "inventory": 133217000, "otherCurrentAssets": 103321000, "totalCurrentAssets": 2180952000, "longTermInvestments": 29000, "propertyPlantEquipment": 220640000, "intangibleAssets": 245000, "otherAssets": 181894000, "deferredLongTermAssetCharges": 156532000, "totalAssets": 2583760000, "accountsPayable": 526698000, "otherCurrentLiab": 52919000, "longTermDebt": 347802000, "otherLiab": 1884000, "totalCurrentLiabilities": 2114057000, "totalLiab": 2475283000, "commonStock": 109090000, "treasuryStock": -613000, "otherStockholderEquity": -613000, "totalStockholderEquity": 108477000, "netTangibleAssets": 108232000}, {"maxAge": 1, "endDate": "2019-03-31", "cash": 19788000, "netReceivables": 2155600000, "inventory": 178885000, "otherCurrentAssets": 363214000, "totalCurrentAssets": 2720709000, "longTermInvestments": 12578000, "propertyPlantEquipment": 214362000, "intangibleAssets": 348000, "otherAssets": 22910000, "totalAssets": 2970907000, "accountsPayable": 1193140000, "shortLongTermDebt": 11002000, "otherCurrentLiab": 76024000, "longTermDebt": 159032000, "otherLiab": 30036000, "totalCurrentLiabilities": 2353152000, "totalLiab": 2542220000, "commonStock": 109090000, "retainedEarnings": 152252000, "treasuryStock": -40000, "capitalSurplus": 167385000, "otherStockholderEquity": -40000, "totalStockholderEquity": 428687000, "netTangibleAssets": 428339000}, {"maxAge": 1, "endDate": "2018-03-31", "cash": 23754000, "netReceivables": 1763245000, "inventory": 196482000, "otherCurrentAssets": 352239000, "totalCurrentAssets": 2335720000, "longTermInvestments": 15840000, "propertyPlantEquipment": 177788000, "intangibleAssets": 262000, "otherAssets": 24805000, "totalAssets": 2554415000, "accountsPayable": 895864000, "shortLongTermDebt": 922000, "otherCurrentLiab": 56572000, "longTermDebt": 99516000, "otherLiab": 35026000, "totalCurrentLiabilities": 2014309000, "totalLiab": 2148851000, "commonStock": 109090000, "retainedEarnings": 129131000, "treasuryStock": -42000, "capitalSurplus": 167385000, "otherStockholderEquity": -42000, "totalStockholderEquity": 405564000, "netTangibleAssets": 405302000}, {"maxAge": 1, "endDate": "2017-03-31", "cash": 195719551, "shortTermInvestments": 40000, "netReceivables": 1398675432, "inventory": 574911515, "otherCurrentAssets": 140767403, "totalCurrentAssets": 2310113901, "longTermInvestments": 13523222, "propertyPlantEquipment": 122703108, "otherAssets": 7526200, "totalAssets": 2453866431, "accountsPayable": 937956972, "shortLongTermDebt": 57516, "otherCurrentLiab": 22410007, "longTermDebt": 135304759, "otherLiab": 7878594, "totalCurrentLiabilities": 1916817004, "totalLiab": 2060000357, "commonStock": 109090000, "retainedEarnings": 117391152, "capitalSurplus": 167384922, "totalStockholderEquity": 393866074, "netTangibleAssets": 393866074}], "maxAge": 86400}, "financialData": {"maxAge": 86400, "currentPrice": 25.4, "recommendationKey": "none", "grossProfits": 155340000, "financialCurrency": "INR"}}}