{"NARBADA.BO": {"cashflowStatementHistory": {"cashflowStatements": [{"maxAge": 1, "endDate": "2020-03-31", "netIncome": 24335000, "depreciation": 1502000, "changeToNetincome": 7545000, "changeToAccountReceivables": -40298000, "changeToLiabilities": 0, "changeToInventory": -22711000, "changeToOperatingActivities": 4631000, "totalCashFromOperatingActivities": -24996000, "capitalExpenditures": -491000, "totalCashflowsFromInvestingActivities": -491000, "netBorrowings": 12716000, "otherCashflowsFromFinancingActivities": 12323000, "totalCashFromFinancingActivities": 25039000, "changeInCash": -448000}, {"maxAge": 1, "endDate": "2019-03-31", "netIncome": 14399000, "depreciation": 742000, "changeToNetincome": 2033000, "changeToAccountReceivables": 6774000, "changeToLiabilities": 0, "changeToInventory": -87193000, "changeToOperatingActivities": -14519000, "totalCashFromOperatingActivities": -77764000, "capitalExpenditures": -10192000, "totalCashflowsFromInvestingActivities": -10192000, "netBorrowings": 72475000, "otherCashflowsFromFinancingActivities": 15801000, "totalCashFromFinancingActivities": 88276000, "changeInCash": 320000}, {"maxAge": 1, "endDate": "2018-03-31", "netIncome": 11325000, "depreciation": 166000, "changeToNetincome": 1679000, "changeToAccountReceivables": -60565000, "changeToLiabilities": 0, "changeToInventory": -54599000, "changeToOperatingActivities": 13185000, "totalCashFromOperatingActivities": -88809000, "capitalExpenditures": -488000, "totalCashflowsFromInvestingActivities": -488000, "netBorrowings": 14888000, "otherCashflowsFromFinancingActivities": 74795000, "totalCashFromFinancingActivities": 89683000, "changeInCash": 386000}, {"maxAge": 1, "endDate": "2017-03-31", "netIncome": 2356000, "depreciation": 167000, "changeToNetincome": -400000, "changeToAccountReceivables": 2927000, "changeToLiabilities": 0, "changeToInventory": 6892000, "changeToOperatingActivities": -12461000, "totalCashFromOperatingActivities": -519000, "capitalExpenditures": -4000, "totalCashflowsFromInvestingActivities": -4000, "netBorrowings": 14888000, "otherCashflowsFromFinancingActivities": 74795000, "totalCashFromFinancingActivities": 89683000, "changeInCash": -523000}], "maxAge": 86400}, "institutionOwnership": {"ownershipList": [], "maxAge": 1}, "balanceSheetHistoryQuarterly": {"balanceSheetStatements": [{"maxAge": 1, "endDate": "2020-06-30", "totalStockholderEquity": 200431000, "netTangibleAssets": 200431000}, {"maxAge": 1, "endDate": "2020-03-31", "cash": 394000, "netReceivables": 127515000, "inventory": 170472000, "otherCurrentAssets": 7515000, "totalCurrentAssets": 305896000, "propertyPlantEquipment": 9405000, "otherAssets": 1145000, "totalAssets": 316446000, "accountsPayable": 13185000, "shortLongTermDebt": 98438000, "otherCurrentLiab": 2578000, "longTermDebt": 1641000, "otherLiab": 174000, "totalCurrentLiabilities": 114201000, "totalLiab": 116016000, "commonStock": 120573000, "treasuryStock": 79857000, "otherStockholderEquity": 79857000, "totalStockholderEquity": 200430000, "netTangibleAssets": 200430000}, {"maxAge": 1, "endDate": "2019-12-31", "totalStockholderEquity": 192641000, "netTangibleAssets": 192641000}, {"maxAge": 1, "endDate": "2019-09-30", "cash": 471000, "netReceivables": 168309000, "inventory": 139257000, "otherCurrentAssets": 7236000, "totalCurrentAssets": 315273000, "propertyPlantEquipment": 9924000, "otherAssets": 1297000, "totalAssets": 326494000, "accountsPayable": 16867000, "shortLongTermDebt": 105174000, "otherCurrentLiab": 6040000, "longTermDebt": 5667000, "otherLiab": 105000, "totalCurrentLiabilities": 128081000, "totalLiab": 133853000, "commonStock": 120573000, "treasuryStock": 72068000, "otherStockholderEquity": 72068000, "totalStockholderEquity": 192641000, "netTangibleAssets": 192641000}], "maxAge": 86400}, "indexTrend": {"maxAge": 1, "symbol": "SP5", "peRatio": 19.7411, "pegRatio": 1.34172, "estimates": [{"period": "0q", "growth": 0.549}, {"period": "+1q", "growth": 0.431}, {"period": "0y", "growth": 0.305}, {"period": "+1y", "growth": 0.109}, {"period": "+5y", "growth": 0.120859005}, {"period": "-5y"}]}, "quoteType": {"exchange": "BSE", "quoteType": "EQUITY", "symbol": "NARBADA.BO", "underlyingSymbol": "NARBADA.BO", "shortName": "NARBADA GEMS AND JEWELLERY LTD", "longName": "Narbada Gems and Jewellery Limited", "firstTradeDateEpochUtc": "2010-02-08 09:15:00", "timeZoneFullName": "Asia/Kolkata", "timeZoneShortName": "IST", "uuid": "c4c0d7aa-cd19-3cec-8869-42112bb246af", "gmtOffSetMilliseconds": 19800000, "maxAge": 1}, "incomeStatementHistory": {"incomeStatementHistory": [{"maxAge": 1, "endDate": "2020-03-31", "totalRevenue": 555180000, "costOfRevenue": 490839000, "grossProfit": 64341000, "researchDevelopment": {}, "sellingGeneralAdministrative": 14987000, "nonRecurring": {}, "otherOperatingExpenses": 7634000, "totalOperatingExpenses": 514962000, "operatingIncome": 40218000, "totalOtherIncomeExpenseNet": -7504000, "ebit": 40218000, "interestExpense": -7504000, "incomeBeforeTax": 32714000, "incomeTaxExpense": 8379000, "minorityInterest": {}, "netIncomeFromContinuingOps": 24335000, "discontinuedOperations": {}, "extraordinaryItems": {}, "effectOfAccountingCharges": {}, "otherItems": {}, "netIncome": 24335000, "netIncomeApplicableToCommonShares": 24335000}, {"maxAge": 1, "endDate": "2019-03-31", "totalRevenue": 406976000, "costOfRevenue": 365628000, "grossProfit": 41348000, "researchDevelopment": {}, "sellingGeneralAdministrative": 13343000, "nonRecurring": {}, "otherOperatingExpenses": 4949000, "totalOperatingExpenses": 384662000, "operatingIncome": 22314000, "totalOtherIncomeExpenseNet": -2296000, "ebit": 22314000, "interestExpense": -1474000, "incomeBeforeTax": 20018000, "incomeTaxExpense": 5619000, "minorityInterest": {}, "netIncomeFromContinuingOps": 14399000, "discontinuedOperations": {}, "extraordinaryItems": {}, "effectOfAccountingCharges": {}, "otherItems": {}, "netIncome": 14399000, "netIncomeApplicableToCommonShares": 14399000}, {"maxAge": 1, "endDate": "2018-03-31", "totalRevenue": 262651000, "costOfRevenue": 229250000, "grossProfit": 33401000, "researchDevelopment": {}, "sellingGeneralAdministrative": 3961000, "nonRecurring": {}, "otherOperatingExpenses": 12523000, "totalOperatingExpenses": 245900000, "operatingIncome": 16751000, "totalOtherIncomeExpenseNet": -925000, "ebit": 16751000, "interestExpense": -650000, "incomeBeforeTax": 15826000, "incomeTaxExpense": 4501000, "minorityInterest": {}, "netIncomeFromContinuingOps": 11325000, "discontinuedOperations": {}, "extraordinaryItems": {}, "effectOfAccountingCharges": {}, "otherItems": {}, "netIncome": 11325000, "netIncomeApplicableToCommonShares": 11325000}, {"maxAge": 1, "endDate": "2017-03-31", "totalRevenue": 115749000, "costOfRevenue": 104327000, "grossProfit": 11422000, "researchDevelopment": {}, "sellingGeneralAdministrative": 1930000, "nonRecurring": {}, "otherOperatingExpenses": 5885000, "totalOperatingExpenses": 112309000, "operatingIncome": 3440000, "totalOtherIncomeExpenseNet": 1000, "ebit": 3440000, "interestExpense": -650000, "incomeBeforeTax": 3441000, "incomeTaxExpense": 1085000, "minorityInterest": {}, "netIncomeFromContinuingOps": 2356000, "discontinuedOperations": {}, "extraordinaryItems": {}, "effectOfAccountingCharges": {}, "otherItems": {}, "netIncome": 2356000, "netIncomeApplicableToCommonShares": 2356000}], "maxAge": 86400}, "fundOwnership": {"ownershipList": [], "maxAge": 1}, "summaryDetail": {"maxAge": 1, "priceHint": 2, "previousClose": 25.6, "open": 25.1, "dayLow": 24.35, "dayHigh": 25.1, "regularMarketPreviousClose": 25.6, "regularMarketOpen": 25.1, "regularMarketDayLow": 24.35, "regularMarketDayHigh": 25.1, "trailingPE": 15.770725, "volume": 250, "regularMarketVolume": 250, "averageVolume": 1158, "averageVolume10days": 1182, "averageDailyVolume10Day": 1182, "bid": 24.35, "ask": 26.0, "bidSize": 0, "askSize": 0, "marketCap": 242097680, "fiftyTwoWeekLow": 12.35, "fiftyTwoWeekHigh": 50.4, "fiftyDayAverage": 32.74091, "twoHundredDayAverage": 21.765368, "currency": "INR", "fromCurrency": null, "lastMarket": null, "algorithm": null, "tradeable": false}, "incomeStatementHistoryQuarterly": {"incomeStatementHistory": [{"maxAge": 1, "endDate": "2020-06-30", "totalRevenue": 16631000, "costOfRevenue": 12305000, "grossProfit": 4326000, "researchDevelopment": {}, "sellingGeneralAdministrative": 1380000, "nonRecurring": {}, "otherOperatingExpenses": 686000, "totalOperatingExpenses": 14751000, "operatingIncome": 1880000, "totalOtherIncomeExpenseNet": -1387000, "ebit": 1880000, "interestExpense": -1386000, "incomeBeforeTax": 493000, "incomeTaxExpense": 113000, "minorityInterest": {}, "netIncomeFromContinuingOps": 380000, "discontinuedOperations": {}, "extraordinaryItems": {}, "effectOfAccountingCharges": {}, "otherItems": {}, "netIncome": 380000, "netIncomeApplicableToCommonShares": 380000}, {"maxAge": 1, "endDate": "2020-03-31", "totalRevenue": 115322000, "costOfRevenue": 101365000, "grossProfit": 13957000, "researchDevelopment": {}, "sellingGeneralAdministrative": 4065000, "nonRecurring": {}, "otherOperatingExpenses": 1551000, "totalOperatingExpenses": 107361000, "operatingIncome": 7961000, "totalOtherIncomeExpenseNet": -1719000, "ebit": 7961000, "interestExpense": -1718000, "incomeBeforeTax": 6242000, "incomeTaxExpense": 1015000, "minorityInterest": {}, "netIncomeFromContinuingOps": 5227000, "discontinuedOperations": {}, "extraordinaryItems": {}, "effectOfAccountingCharges": {}, "otherItems": {}, "netIncome": 5227000, "netIncomeApplicableToCommonShares": 5227000}, {"maxAge": 1, "endDate": "2019-12-31", "totalRevenue": 132733000, "costOfRevenue": 120813000, "grossProfit": 11920000, "researchDevelopment": {}, "sellingGeneralAdministrative": 3713000, "nonRecurring": {}, "otherOperatingExpenses": 2608000, "totalOperatingExpenses": 127513000, "operatingIncome": 5220000, "totalOtherIncomeExpenseNet": -1670000, "ebit": 5220000, "interestExpense": -1670000, "incomeBeforeTax": 3550000, "incomeTaxExpense": 987000, "minorityInterest": {}, "netIncomeFromContinuingOps": 2563000, "discontinuedOperations": {}, "extraordinaryItems": {}, "effectOfAccountingCharges": {}, "otherItems": {}, "netIncome": 2563000, "netIncomeApplicableToCommonShares": 2563000}, {"maxAge": 1, "endDate": "2019-09-30", "totalRevenue": 150140000, "costOfRevenue": 126964000, "grossProfit": 23176000, "researchDevelopment": {}, "sellingGeneralAdministrative": 3680000, "nonRecurring": {}, "otherOperatingExpenses": 1272000, "totalOperatingExpenses": 132288000, "operatingIncome": 17852000, "totalOtherIncomeExpenseNet": -3007000, "ebit": 17852000, "interestExpense": -3007000, "incomeBeforeTax": 14845000, "incomeTaxExpense": 4130000, "minorityInterest": {}, "netIncomeFromContinuingOps": 10715000, "discontinuedOperations": {}, "extraordinaryItems": {}, "effectOfAccountingCharges": {}, "otherItems": {}, "netIncome": 10715000, "netIncomeApplicableToCommonShares": 10715000}], "maxAge": 86400}, "cashflowStatementHistoryQuarterly": {"cashflowStatements": [{"maxAge": 1, "endDate": "2020-06-30", "netIncome": 380000, "changeToLiabilities": 0}, {"maxAge": 1, "endDate": "2020-03-31", "netIncome": 5227000, "changeToLiabilities": 0}, {"maxAge": 1, "endDate": "2019-12-31", "netIncome": 2563000, "changeToLiabilities": 0}, {"maxAge": 1, "endDate": "2019-09-30", "netIncome": 10715000, "changeToLiabilities": 0}], "maxAge": 86400}, "insiderHolders": {"holders": [], "maxAge": 1}, "calendarEvents": {"maxAge": 1, "earnings": {"earningsDate": ["2020-09-14 05:30:S"]}}, "upgradeDowngradeHistory": {"history": [], "maxAge": 86400}, "price": {"maxAge": 1, "regularMarketChangePercent": -0.048828125, "regularMarketChange": -1.25, "regularMarketTime": "2021-04-30 12:03:31", "priceHint": 2, "regularMarketPrice": 24.35, "regularMarketDayHigh": 25.1, "regularMarketDayLow": 24.35, "regularMarketVolume": 250, "averageDailyVolume10Day": 1182, "averageDailyVolume3Month": 1158, "regularMarketPreviousClose": 25.6, "regularMarketSource": "FREE_REALTIME", "regularMarketOpen": 25.1, "exchange": "BSE", "exchangeName": "BSE", "exchangeDataDelayedBy": 0, "marketState": "CLOSED", "quoteType": "EQUITY", "symbol": "NARBADA.BO", "underlyingSymbol": null, "shortName": "NARBADA GEMS AND JEWELLERY LTD", "longName": "Narbada Gems and Jewellery Limited", "currency": "INR", "quoteSourceName": "Delayed Quote", "currencySymbol": "\u20b9", "fromCurrency": null, "lastMarket": null, "marketCap": 242097680}, "balanceSheetHistory": {"balanceSheetStatements": [{"maxAge": 1, "endDate": "2020-03-31", "cash": 394000, "netReceivables": 127515000, "inventory": 170472000, "otherCurrentAssets": 7515000, "totalCurrentAssets": 305896000, "propertyPlantEquipment": 9405000, "otherAssets": 1145000, "totalAssets": 316446000, "accountsPayable": 13185000, "shortLongTermDebt": 98438000, "otherCurrentLiab": 2578000, "longTermDebt": 1641000, "otherLiab": 173000, "totalCurrentLiabilities": 114201000, "totalLiab": 116015000, "commonStock": 120573000, "treasuryStock": 79858000, "otherStockholderEquity": 79858000, "totalStockholderEquity": 200431000, "netTangibleAssets": 200431000}, {"maxAge": 1, "endDate": "2019-03-31", "cash": 841000, "netReceivables": 90786000, "inventory": 147761000, "otherCurrentAssets": 3727000, "totalCurrentAssets": 243115000, "propertyPlantEquipment": 10416000, "otherAssets": 1261000, "totalAssets": 254792000, "accountsPayable": 8457000, "shortLongTermDebt": 2247000, "otherCurrentLiab": 2600000, "longTermDebt": 4605000, "otherLiab": 105000, "totalCurrentLiabilities": 93814000, "totalLiab": 98524000, "commonStock": 99424000, "retainedEarnings": 32525000, "treasuryStock": 6877000, "capitalSurplus": 17442000, "otherStockholderEquity": 6877000, "totalStockholderEquity": 156268000, "netTangibleAssets": 156268000}, {"maxAge": 1, "endDate": "2018-03-31", "cash": 521000, "netReceivables": 95382000, "inventory": 60568000, "totalCurrentAssets": 156471000, "propertyPlantEquipment": 967000, "otherAssets": 1191000, "deferredLongTermAssetCharges": 14000, "totalAssets": 158629000, "accountsPayable": 17309000, "otherCurrentLiab": 2660000, "otherLiab": 1000, "totalCurrentLiabilities": 34857000, "totalLiab": 34858000, "commonStock": 80120000, "retainedEarnings": 18126000, "treasuryStock": 12909000, "capitalSurplus": 12616000, "otherStockholderEquity": 12909000, "totalStockholderEquity": 123771000, "netTangibleAssets": 123771000}, {"maxAge": 1, "endDate": "2017-03-31", "cash": 135000, "netReceivables": 33448000, "inventory": 5969000, "otherCurrentAssets": 18000, "totalCurrentAssets": 39570000, "propertyPlantEquipment": 644000, "otherAssets": 268000, "deferredLongTermAssetCharges": 7000, "totalAssets": 40482000, "accountsPayable": 2719000, "otherCurrentLiab": 1037000, "totalCurrentLiabilities": 3756000, "totalLiab": 3756000, "commonStock": 29657000, "retainedEarnings": 6801000, "treasuryStock": 268000, "otherStockholderEquity": 268000, "totalStockholderEquity": 36726000, "netTangibleAssets": 36726000}], "maxAge": 86400}, "financialData": {"maxAge": 86400, "currentPrice": 24.35, "recommendationKey": "none", "grossProfits": 64341000, "financialCurrency": "INR"}}}