{"NATCAPSUQ.BO": {"recommendationTrend": {"trend": [{"period": "0m", "strongBuy": 0, "buy": 0, "hold": 0, "sell": 0, "strongSell": 0}, {"period": "-1m", "strongBuy": 0, "buy": 0, "hold": 0, "sell": 0, "strongSell": 0}, {"period": "-2m", "strongBuy": 0, "buy": 0, "hold": 0, "sell": 0, "strongSell": 0}, {"period": "-3m", "strongBuy": 0, "buy": 0, "hold": 0, "sell": 0, "strongSell": 0}], "maxAge": 86400}, "cashflowStatementHistory": {"cashflowStatements": [{"maxAge": 1, "endDate": "2020-03-31", "netIncome": 8575485, "depreciation": 41207249, "changeToNetincome": 5846077, "changeToAccountReceivables": 18430605, "changeToLiabilities": -12916090, "changeToInventory": -9645256, "changeToOperatingActivities": 20525246, "totalCashFromOperatingActivities": 72023316, "capitalExpenditures": -53004786, "investments": -5000000, "otherCashflowsFromInvestingActivities": 588666, "totalCashflowsFromInvestingActivities": -57416120, "dividendsPaid": -6232700, "netBorrowings": 2180862, "otherCashflowsFromFinancingActivities": -7845965, "totalCashFromFinancingActivities": -11897803, "changeInCash": 2709392}, {"maxAge": 1, "endDate": "2019-03-31", "netIncome": 19204598, "depreciation": 31974916, "changeToNetincome": 506252, "changeToAccountReceivables": -10923359, "changeToLiabilities": -40143596, "changeToInventory": 33839122, "changeToOperatingActivities": -13471409, "totalCashFromOperatingActivities": 20986524, "capitalExpenditures": -71101457, "investments": -75000, "otherCashflowsFromInvestingActivities": 161974, "totalCashflowsFromInvestingActivities": -70610933, "dividendsPaid": -6232700, "netBorrowings": 54078630, "otherCashflowsFromFinancingActivities": -4998991, "totalCashFromFinancingActivities": 42846939, "changeInCash": -6777470}, {"maxAge": 1, "endDate": "2018-03-31", "netIncome": 11111127, "depreciation": 43325695, "changeToNetincome": 8211669, "changeToAccountReceivables": -31801626, "changeToLiabilities": 13744078, "changeToInventory": 1775594, "changeToOperatingActivities": 7111810, "totalCashFromOperatingActivities": 53478347, "capitalExpenditures": -10506934, "investments": -75000, "otherCashflowsFromInvestingActivities": 1208588, "totalCashflowsFromInvestingActivities": -9298346, "dividendsPaid": -6232700, "netBorrowings": -29671925, "otherCashflowsFromFinancingActivities": -3367424, "totalCashFromFinancingActivities": -39272049, "changeInCash": 4907952}, {"maxAge": 1, "endDate": "2017-03-31", "netIncome": 6278770, "depreciation": 43175695, "changeToNetincome": -3699318, "changeToAccountReceivables": -28501108, "changeToLiabilities": 1614341, "changeToInventory": 1771800, "changeToOperatingActivities": -1512486, "totalCashFromOperatingActivities": 19127694, "capitalExpenditures": -3450378, "investments": -75000, "otherCashflowsFromInvestingActivities": 1516252, "totalCashflowsFromInvestingActivities": -1934126, "dividendsPaid": -8689050, "netBorrowings": -25225781, "otherCashflowsFromFinancingActivities": -7598755, "totalCashFromFinancingActivities": -15113586, "changeInCash": 2079982, "issuanceOfStock": 26400000}], "maxAge": 86400}, "institutionOwnership": {"ownershipList": [], "maxAge": 1}, "balanceSheetHistoryQuarterly": {"balanceSheetStatements": [{"maxAge": 1, "endDate": "2020-06-30", "totalStockholderEquity": 556213488, "netTangibleAssets": 556213488}, {"maxAge": 1, "endDate": "2020-03-31", "cash": 3300693, "shortTermInvestments": 4535921, "netReceivables": 305566759, "inventory": 52805088, "otherCurrentAssets": 9967075, "totalCurrentAssets": 377101044, "longTermInvestments": 55735709, "propertyPlantEquipment": 259204008, "otherAssets": 54831715, "totalAssets": 746872476, "accountsPayable": 57856768, "otherCurrentLiab": 20364462, "otherLiab": 10778664, "minorityInterest": 25000, "totalCurrentLiabilities": 179855324, "totalLiab": 190633988, "commonStock": 62327000, "retainedEarnings": 380553688, "treasuryStock": 14640000, "capitalSurplus": 98692800, "otherStockholderEquity": 14640000, "totalStockholderEquity": 556213488, "netTangibleAssets": 556213488}, {"maxAge": 1, "endDate": "2019-12-31", "cash": 8100000, "netReceivables": 313200000, "inventory": 55600000, "otherCurrentAssets": 48400000, "totalCurrentAssets": 425300000, "longTermInvestments": 59500000, "propertyPlantEquipment": 258400000, "otherAssets": 13100000, "totalAssets": 756300000, "accountsPayable": 84100000, "otherCurrentLiab": 40900000, "otherLiab": 9200000, "totalCurrentLiabilities": 192200000, "totalLiab": 201400000, "commonStock": 62300000, "treasuryStock": 492600000, "otherStockholderEquity": 492600000, "totalStockholderEquity": 554900000, "netTangibleAssets": 554900000}, {"maxAge": 1, "endDate": "2019-09-30", "cash": 10000000, "netReceivables": 313000000, "inventory": 53200000, "otherCurrentAssets": 31200000, "totalCurrentAssets": 407400000, "longTermInvestments": 59500000, "propertyPlantEquipment": 264100000, "otherAssets": 13300000, "totalAssets": 744300000, "accountsPayable": 79500000, "otherCurrentLiab": 37500000, "otherLiab": 10500000, "totalCurrentLiabilities": 181300000, "totalLiab": 191800000, "commonStock": 62300000, "treasuryStock": 490200000, "otherStockholderEquity": 490200000, "totalStockholderEquity": 552500000, "netTangibleAssets": 552500000}], "maxAge": 86400}, "earningsHistory": {"history": [{"maxAge": 1, "epsActual": {}, "epsEstimate": {}, "epsDifference": {}, "surprisePercent": {}, "quarter": {}, "period": "-4q"}, {"maxAge": 1, "epsActual": {}, "epsEstimate": {}, "epsDifference": {}, "surprisePercent": {}, "quarter": {}, "period": "-3q"}, {"maxAge": 1, "epsActual": {}, "epsEstimate": {}, "epsDifference": {}, "surprisePercent": {}, "quarter": {}, "period": "-2q"}, {"maxAge": 1, "epsActual": {}, "epsEstimate": {}, "epsDifference": {}, "surprisePercent": {}, "quarter": {}, "period": "-1q"}], "maxAge": 86400}, "indexTrend": {"maxAge": 1, "symbol": "SP5", "peRatio": 19.7411, "pegRatio": 1.34172, "estimates": [{"period": "0q", "growth": 0.549}, {"period": "+1q", "growth": 0.431}, {"period": "0y", "growth": 0.305}, {"period": "+1y", "growth": 0.109}, {"period": "+5y", "growth": 0.120859005}, {"period": "-5y"}]}, "industryTrend": {"maxAge": 1, "symbol": null, "estimates": []}, "insiderTransactions": {"transactions": [{"maxAge": 1, "shares": 45000, "value": 48280, "filerUrl": "", "transactionText": "Acquisition at price 1.07 per share.", "filerName": "Mundra (Indra)", "filerRelation": "UNREPORTED", "moneyText": "", "startDate": "2020-11-13", "ownership": "D"}, {"maxAge": 1, "shares": 0, "filerUrl": "", "transactionText": "", "filerName": "Mundra (Indra)", "filerRelation": "UNREPORTED", "moneyText": "", "startDate": "2020-11-13", "ownership": "I"}, {"maxAge": 1, "shares": 47277, "value": 50633, "filerUrl": "", "transactionText": "Acquisition at price 1.07 per share.", "filerName": "Mundra (Sharada)", "filerRelation": "UNREPORTED", "moneyText": "", "startDate": "2020-11-13", "ownership": "D"}, {"maxAge": 1, "shares": 0, "filerUrl": "", "transactionText": "", "filerName": "Mundra (Sharada)", "filerRelation": "UNREPORTED", "moneyText": "", "startDate": "2020-11-13", "ownership": "I"}, {"maxAge": 1, "shares": 44612, "value": 47864, "filerUrl": "", "transactionText": "Acquisition at price 1.07 per share.", "filerName": "Mundra (Sushil Kumar)", "filerRelation": "UNREPORTED", "moneyText": "", "startDate": "2020-11-13", "ownership": "D"}, {"maxAge": 1, "shares": 0, "filerUrl": "", "transactionText": "", "filerName": "Mundra (Sushil Kumar)", "filerRelation": "UNREPORTED", "moneyText": "", "startDate": "2020-11-13", "ownership": "I"}], "maxAge": 1}, "quoteType": {"exchange": "BSE", "quoteType": "EQUITY", "symbol": "NATCAPSUQ.BO", "underlyingSymbol": "NATCAPSUQ.BO", "shortName": "NATURAL CAPSULES LTD.", "longName": "Natural Capsules Limited", "firstTradeDateEpochUtc": "2000-10-03 09:15:00", "timeZoneFullName": "Asia/Kolkata", "timeZoneShortName": "IST", "uuid": "284db2ae-0834-3af4-99e3-b42edc6af7fe", "gmtOffSetMilliseconds": 19800000, "maxAge": 1}, "incomeStatementHistory": {"incomeStatementHistory": [{"maxAge": 1, "endDate": "2020-03-31", "totalRevenue": 615548469, "costOfRevenue": 287854280, "grossProfit": 327694189, "researchDevelopment": {}, "sellingGeneralAdministrative": 74903248, "nonRecurring": {}, "otherOperatingExpenses": 199737559, "totalOperatingExpenses": 603702336, "operatingIncome": 11846133, "totalOtherIncomeExpenseNet": 1861052, "ebit": 11846133, "interestExpense": -7669909, "incomeBeforeTax": 13707185, "incomeTaxExpense": 5131700, "minorityInterest": 25000, "netIncomeFromContinuingOps": 8575485, "discontinuedOperations": {}, "extraordinaryItems": {}, "effectOfAccountingCharges": {}, "otherItems": {}, "netIncome": 8575485, "netIncomeApplicableToCommonShares": 8575485}, {"maxAge": 1, "endDate": "2019-03-31", "totalRevenue": 597804768, "costOfRevenue": 276407195, "grossProfit": 321397573, "researchDevelopment": {}, "sellingGeneralAdministrative": 73768678, "nonRecurring": {}, "otherOperatingExpenses": 198670103, "totalOperatingExpenses": 580820892, "operatingIncome": 16983876, "totalOtherIncomeExpenseNet": 3701312, "ebit": 16983876, "interestExpense": -3734123, "incomeBeforeTax": 20685188, "incomeTaxExpense": 1480590, "minorityInterest": 25000, "netIncomeFromContinuingOps": 19204598, "discontinuedOperations": {}, "extraordinaryItems": {}, "effectOfAccountingCharges": {}, "otherItems": {}, "netIncome": 19204598, "netIncomeApplicableToCommonShares": 19204598}, {"maxAge": 1, "endDate": "2018-03-31", "totalRevenue": 547552965, "costOfRevenue": 251644636, "grossProfit": 295908329, "researchDevelopment": {}, "sellingGeneralAdministrative": 67019132, "nonRecurring": {}, "otherOperatingExpenses": 174787406, "totalOperatingExpenses": 536776869, "operatingIncome": 10776096, "totalOtherIncomeExpenseNet": 6046361, "ebit": 10776096, "interestExpense": -2102556, "incomeBeforeTax": 16822457, "incomeTaxExpense": 5711330, "minorityInterest": 25000, "netIncomeFromContinuingOps": 11111127, "discontinuedOperations": {}, "extraordinaryItems": {}, "effectOfAccountingCharges": {}, "otherItems": {}, "netIncome": 11111127, "netIncomeApplicableToCommonShares": 11111127}, {"maxAge": 1, "endDate": "2017-03-31", "totalRevenue": 536427652, "costOfRevenue": 251120811, "grossProfit": 285306841, "researchDevelopment": {}, "sellingGeneralAdministrative": 62038936, "nonRecurring": {}, "otherOperatingExpenses": 173381640, "totalOperatingExpenses": 529717082, "operatingIncome": 6710570, "totalOtherIncomeExpenseNet": -3553074, "ebit": 6710570, "interestExpense": -5829870, "incomeBeforeTax": 3157496, "incomeTaxExpense": -3121274, "minorityInterest": 25000, "netIncomeFromContinuingOps": 6278770, "discontinuedOperations": {}, "extraordinaryItems": {}, "effectOfAccountingCharges": {}, "otherItems": {}, "netIncome": 6278770, "netIncomeApplicableToCommonShares": 6278770}], "maxAge": 86400}, "fundOwnership": {"ownershipList": [], "maxAge": 1}, "summaryDetail": {"maxAge": 1, "priceHint": 2, "previousClose": 139.9, "open": 131.65, "dayLow": 131.65, "dayHigh": 140.85, "regularMarketPreviousClose": 139.9, "regularMarketOpen": 131.65, "regularMarketDayLow": 131.65, "regularMarketDayHigh": 140.85, "trailingPE": 29.292294, "forwardPE": 11.420407, "volume": 1737, "regularMarketVolume": 1737, "averageVolume": 7626, "averageVolume10days": 9042, "averageDailyVolume10Day": 9042, "bid": 137.55, "ask": 139.9, "bidSize": 0, "askSize": 0, "marketCap": 871954688, "fiftyTwoWeekLow": 32.65, "fiftyTwoWeekHigh": 140.85, "fiftyDayAverage": 90.6, "twoHundredDayAverage": 77.09706, "trailingAnnualDividendRate": 0.6, "trailingAnnualDividendYield": 0.004288778, "currency": "INR", "fromCurrency": null, "lastMarket": null, "algorithm": null, "tradeable": false}, "sectorTrend": {"maxAge": 1, "symbol": null, "estimates": []}, "incomeStatementHistoryQuarterly": {"incomeStatementHistory": [{"maxAge": 1, "endDate": "2020-06-30", "totalRevenue": 160000000, "costOfRevenue": 74100000, "grossProfit": 85900000, "researchDevelopment": {}, "sellingGeneralAdministrative": 18200000, "nonRecurring": {}, "otherOperatingExpenses": 51700000, "totalOperatingExpenses": 154300000, "operatingIncome": 5700000, "totalOtherIncomeExpenseNet": 23600000, "ebit": 5700000, "interestExpense": -1500000, "incomeBeforeTax": 29300000, "incomeTaxExpense": 4500000, "minorityInterest": {}, "netIncomeFromContinuingOps": 24800000, "discontinuedOperations": {}, "extraordinaryItems": {}, "effectOfAccountingCharges": {}, "otherItems": {}, "netIncome": 24800000, "netIncomeApplicableToCommonShares": 24800000}, {"maxAge": 1, "endDate": "2020-03-31", "totalRevenue": 156448469, "costOfRevenue": 75654280, "grossProfit": 80794189, "researchDevelopment": {}, "sellingGeneralAdministrative": 22003248, "nonRecurring": {}, "otherOperatingExpenses": 43637559, "totalOperatingExpenses": 154502336, "operatingIncome": 1946133, "totalOtherIncomeExpenseNet": 161052, "ebit": 1946133, "interestExpense": -1869909, "incomeBeforeTax": 2107185, "incomeTaxExpense": 931700, "minorityInterest": 25000, "netIncomeFromContinuingOps": 1175485, "discontinuedOperations": {}, "extraordinaryItems": {}, "effectOfAccountingCharges": {}, "otherItems": {}, "netIncome": 1175485, "netIncomeApplicableToCommonShares": 1175485}, {"maxAge": 1, "endDate": "2019-12-31", "totalRevenue": 163700000, "costOfRevenue": 78400000, "grossProfit": 85300000, "researchDevelopment": {}, "sellingGeneralAdministrative": 19900000, "nonRecurring": {}, "otherOperatingExpenses": 49100000, "totalOperatingExpenses": 158900000, "operatingIncome": 4800000, "totalOtherIncomeExpenseNet": -600000, "ebit": 4800000, "interestExpense": -2700000, "incomeBeforeTax": 4200000, "incomeTaxExpense": 1900000, "minorityInterest": 25000, "netIncomeFromContinuingOps": 2300000, "discontinuedOperations": {}, "extraordinaryItems": {}, "effectOfAccountingCharges": {}, "otherItems": {}, "netIncome": 2300000, "netIncomeApplicableToCommonShares": 2300000}, {"maxAge": 1, "endDate": "2019-09-30", "totalRevenue": 155100000, "costOfRevenue": 74800000, "grossProfit": 80300000, "researchDevelopment": {}, "sellingGeneralAdministrative": 16400000, "nonRecurring": {}, "otherOperatingExpenses": 54700000, "totalOperatingExpenses": 153400000, "operatingIncome": 1700000, "totalOtherIncomeExpenseNet": 1000000, "ebit": 1700000, "interestExpense": -1600000, "incomeBeforeTax": 2700000, "incomeTaxExpense": 1200000, "minorityInterest": 25000, "netIncomeFromContinuingOps": 1500000, "discontinuedOperations": {}, "extraordinaryItems": {}, "effectOfAccountingCharges": {}, "otherItems": {}, "netIncome": 1500000, "netIncomeApplicableToCommonShares": 1500000}], "maxAge": 86400}, "cashflowStatementHistoryQuarterly": {"cashflowStatements": [{"maxAge": 1, "endDate": "2020-06-30", "netIncome": 24800000, "changeToLiabilities": 0}, {"maxAge": 1, "endDate": "2020-03-31", "netIncome": 1175485, "changeToLiabilities": 0}, {"maxAge": 1, "endDate": "2019-12-31", "netIncome": 2300000, "changeToLiabilities": 0}, {"maxAge": 1, "endDate": "2019-09-30", "netIncome": 1500000, "changeToLiabilities": 0}], "maxAge": 86400}, "insiderHolders": {"holders": [{"maxAge": 1, "name": "Mundra (Indra)", "relation": "UNREPORTED", "url": "", "transactionDescription": "Acquisition", "latestTransDate": "2020-11-13", "positionDirect": 261200, "positionDirectDate": "2020-11-13"}, {"maxAge": 1, "name": "Mundra (Sharada)", "relation": "UNREPORTED", "url": "", "transactionDescription": "Acquisition", "latestTransDate": "2020-11-13", "positionDirect": 176691, "positionDirectDate": "2020-11-13"}, {"maxAge": 1, "name": "Mundra (Sushil Kumar)", "relation": "UNREPORTED", "url": "", "transactionDescription": "Acquisition", "latestTransDate": "2020-11-13", "positionDirect": 339012, "positionDirectDate": "2020-11-13"}], "maxAge": 1}, "earnings": {"maxAge": 86400, "earningsChart": {"quarterly": [], "earningsDate": []}, "financialsChart": {"yearly": [{"date": 2017, "revenue": 536427652, "earnings": 6278770}, {"date": 2018, "revenue": 547552965, "earnings": 11111127}, {"date": 2019, "revenue": 597804768, "earnings": 19204598}, {"date": 2020, "revenue": 615548469, "earnings": 8575485}], "quarterly": [{"date": "3Q2019", "revenue": 155100000, "earnings": 1500000}, {"date": "4Q2019", "revenue": 163700000, "earnings": 2300000}, {"date": "1Q2020", "revenue": 156448469, "earnings": 1175485}, {"date": "2Q2020", "revenue": 160000000, "earnings": 24800000}]}, "financialCurrency": "INR"}, "calendarEvents": {"maxAge": 1, "earnings": {"earningsDate": []}}, "upgradeDowngradeHistory": {"history": [], "maxAge": 86400}, "price": {"maxAge": 1, "regularMarketChangePercent": 0.0, "regularMarketChange": 0.0, "regularMarketTime": "2021-04-30 15:23:28", "priceHint": 2, "regularMarketPrice": 139.9, "regularMarketDayHigh": 140.85, "regularMarketDayLow": 131.65, "regularMarketVolume": 1737, "averageDailyVolume10Day": 9042, "averageDailyVolume3Month": 7626, "regularMarketPreviousClose": 139.9, "regularMarketSource": "FREE_REALTIME", "regularMarketOpen": 131.65, "exchange": "BSE", "exchangeName": "BSE", "exchangeDataDelayedBy": 0, "marketState": "CLOSED", "quoteType": "EQUITY", "symbol": "NATCAPSUQ.BO", "underlyingSymbol": null, "shortName": "NATURAL CAPSULES LTD.", "longName": "Natural Capsules Limited", "currency": "INR", "quoteSourceName": "Delayed Quote", "currencySymbol": "\u20b9", "fromCurrency": null, "lastMarket": null, "marketCap": 871954688}, "balanceSheetHistory": {"balanceSheetStatements": [{"maxAge": 1, "endDate": "2020-03-31", "cash": 3300693, "shortTermInvestments": 4535921, "netReceivables": 305566759, "inventory": 52805088, "otherCurrentAssets": 9967075, "totalCurrentAssets": 377101044, "longTermInvestments": 55735709, "propertyPlantEquipment": 259204008, "otherAssets": 54831715, "totalAssets": 746872476, "accountsPayable": 57856768, "otherCurrentLiab": 20364462, "otherLiab": 10778664, "minorityInterest": 25000, "totalCurrentLiabilities": 179855324, "totalLiab": 190633988, "commonStock": 62327000, "retainedEarnings": 380553688, "treasuryStock": 14640000, "capitalSurplus": 98692800, "otherStockholderEquity": 14640000, "totalStockholderEquity": 556213488, "netTangibleAssets": 556213488}, {"maxAge": 1, "endDate": "2019-03-31", "cash": 591301, "shortTermInvestments": 2750555, "netReceivables": 323997365, "inventory": 43159832, "otherCurrentAssets": 12439439, "totalCurrentAssets": 383577663, "longTermInvestments": 50735709, "propertyPlantEquipment": 268183662, "otherAssets": 28942987, "totalAssets": 731440021, "accountsPayable": 76413010, "otherCurrentLiab": 2593956, "otherLiab": 12296690, "minorityInterest": 25000, "totalCurrentLiabilities": 164172613, "totalLiab": 176469303, "commonStock": 62327000, "retainedEarnings": 379285918, "treasuryStock": 14640000, "capitalSurplus": 98692800, "otherStockholderEquity": 14640000, "totalStockholderEquity": 554945718, "netTangibleAssets": 554945718}, {"maxAge": 1, "endDate": "2018-03-31", "cash": 7368771, "netReceivables": 318468259, "inventory": 76998954, "otherCurrentAssets": 12378429, "totalCurrentAssets": 416383929, "longTermInvestments": 50735709, "propertyPlantEquipment": 229057121, "otherAssets": 14391785, "totalAssets": 710568544, "accountsPayable": 116826844, "otherCurrentLiab": 14205158, "otherLiab": 18774693, "totalCurrentLiabilities": 148555163, "totalLiab": 167329856, "commonStock": 62327000, "retainedEarnings": 367578888, "treasuryStock": 14640000, "capitalSurplus": 98692800, "otherStockholderEquity": 14640000, "totalStockholderEquity": 543238688, "netTangibleAssets": 543238688}, {"maxAge": 1, "endDate": "2017-03-31", "cash": 2460819, "netReceivables": 287067795, "inventory": 78774548, "otherCurrentAssets": 12986453, "totalCurrentAssets": 382681715, "longTermInvestments": 50735709, "propertyPlantEquipment": 261875882, "otherAssets": 18059992, "totalAssets": 713353298, "accountsPayable": 102495074, "otherCurrentLiab": 4596328, "otherLiab": 22723504, "totalCurrentLiabilities": 151004665, "totalLiab": 173728169, "commonStock": 62327000, "retainedEarnings": 363965329, "treasuryStock": 14640000, "capitalSurplus": 98692800, "otherStockholderEquity": 14640000, "totalStockholderEquity": 539625129, "netTangibleAssets": 539625129}], "maxAge": 86400}, "earningsTrend": {"trend": [{"maxAge": 1, "period": "0q", "endDate": "2014-12-31", "growth": {}, "earningsEstimate": {"avg": 0.0, "low": 0.0, "high": 0.0, "yearAgoEps": {}, "numberOfAnalysts": 0, "growth": {}}, "revenueEstimate": {"avg": 0, "low": 0, "high": 0, "numberOfAnalysts": 0, "yearAgoRevenue": {}, "growth": {}}, "epsTrend": {"current": 0.0, "7daysAgo": 3.4, "30daysAgo": 3.4, "60daysAgo": 3.4, "90daysAgo": 3.4}, "epsRevisions": {"upLast7days": 0, "upLast30days": 0, "downLast30days": 0, "downLast90days": {}}}, {"maxAge": 1, "period": "+1q", "endDate": "2015-03-31", "growth": {}, "earningsEstimate": {"avg": 0.0, "low": 0.0, "high": 0.0, "yearAgoEps": {}, "numberOfAnalysts": 0, "growth": {}}, "revenueEstimate": {"avg": 0, "low": 0, "high": 0, "numberOfAnalysts": 0, "yearAgoRevenue": {}, "growth": {}}, "epsTrend": {"current": 0.0, "7daysAgo": 2.85, "30daysAgo": 2.85, "60daysAgo": 2.85, "90daysAgo": 2.85}, "epsRevisions": {"upLast7days": 0, "upLast30days": 0, "downLast30days": 0, "downLast90days": {}}}, {"maxAge": 1, "period": "0y", "endDate": "2019-03-31", "growth": {}, "earningsEstimate": {"avg": 0.0, "low": 0.0, "high": 0.0, "yearAgoEps": {}, "numberOfAnalysts": 0, "growth": {}}, "revenueEstimate": {"avg": 0, "low": 0, "high": 0, "numberOfAnalysts": 0, "yearAgoRevenue": {}, "growth": {}}, "epsTrend": {"current": 0.0, "7daysAgo": 0.0, "30daysAgo": 0.0, "60daysAgo": 0.0, "90daysAgo": 0.0}, "epsRevisions": {"upLast7days": 0, "upLast30days": 0, "downLast30days": 0, "downLast90days": {}}}, {"maxAge": 1, "period": "+1y", "endDate": "2015-03-31", "growth": {}, "earningsEstimate": {"avg": 0.0, "low": 0.0, "high": 0.0, "yearAgoEps": {}, "numberOfAnalysts": 0, "growth": {}}, "revenueEstimate": {"avg": 696960000, "low": 696960000, "high": 696960000, "numberOfAnalysts": 1, "yearAgoRevenue": {}, "growth": {}}, "epsTrend": {"current": 0.0, "7daysAgo": 12.25, "30daysAgo": 12.25, "60daysAgo": 12.25, "90daysAgo": 12.25}, "epsRevisions": {"upLast7days": 0, "upLast30days": 0, "downLast30days": 0, "downLast90days": {}}}, {"maxAge": 1, "period": "+5y", "endDate": null, "growth": {}, "earningsEstimate": {"avg": {}, "low": {}, "high": {}, "yearAgoEps": {}, "numberOfAnalysts": {}, "growth": {}}, "revenueEstimate": {"avg": {}, "low": {}, "high": {}, "numberOfAnalysts": {}, "yearAgoRevenue": {}, "growth": {}}, "epsTrend": {"current": {}, "7daysAgo": {}, "30daysAgo": {}, "60daysAgo": {}, "90daysAgo": {}}, "epsRevisions": {"upLast7days": {}, "upLast30days": {}, "downLast30days": {}, "downLast90days": {}}}, {"maxAge": 1, "period": "-5y", "endDate": null, "growth": {}, "earningsEstimate": {"avg": {}, "low": {}, "high": {}, "yearAgoEps": {}, "numberOfAnalysts": {}, "growth": {}}, "revenueEstimate": {"avg": {}, "low": {}, "high": {}, "numberOfAnalysts": {}, "yearAgoRevenue": {}, "growth": {}}, "epsTrend": {"current": {}, "7daysAgo": {}, "30daysAgo": {}, "60daysAgo": {}, "90daysAgo": {}}, "epsRevisions": {"upLast7days": {}, "upLast30days": {}, "downLast30days": {}, "downLast90days": {}}}], "maxAge": 1}, "financialData": {"maxAge": 86400, "currentPrice": 139.9, "targetHighPrice": 84.0, "targetLowPrice": 84.0, "targetMeanPrice": 84.0, "targetMedianPrice": 84.0, "recommendationKey": "none", "numberOfAnalystOpinions": 1, "grossProfits": 327694189, "financialCurrency": "INR"}}}