{"NATFIT.BO": {"recommendationTrend": {"trend": [{"period": "0m", "strongBuy": 0, "buy": 0, "hold": 0, "sell": 0, "strongSell": 0}, {"period": "-1m", "strongBuy": 0, "buy": 0, "hold": 0, "sell": 0, "strongSell": 0}, {"period": "-2m", "strongBuy": 0, "buy": 0, "hold": 0, "sell": 0, "strongSell": 0}, {"period": "-3m", "strongBuy": 0, "buy": 0, "hold": 0, "sell": 0, "strongSell": 0}], "maxAge": 86400}, "cashflowStatementHistory": {"cashflowStatements": [{"maxAge": 1, "endDate": "2020-03-31", "netIncome": 13353150, "depreciation": 24325028, "changeToNetincome": 20167246, "changeToAccountReceivables": 12263297, "changeToLiabilities": -12140363, "changeToInventory": -22769826, "changeToOperatingActivities": -17115737, "totalCashFromOperatingActivities": 18082795, "capitalExpenditures": -27014622, "investments": -1212000, "otherCashflowsFromInvestingActivities": 6967011, "totalCashflowsFromInvestingActivities": -13436971, "dividendsPaid": -17224773, "netBorrowings": -44945114, "otherCashflowsFromFinancingActivities": -20824233, "totalCashFromFinancingActivities": -82994120, "changeInCash": -78348295}, {"maxAge": 1, "endDate": "2019-03-31", "netIncome": 29906781, "depreciation": 26467748, "changeToNetincome": -30003, "changeToAccountReceivables": -16367796, "changeToLiabilities": 27711233, "changeToInventory": -17956479, "changeToOperatingActivities": 11683054, "totalCashFromOperatingActivities": 61414538, "capitalExpenditures": -88127647, "investments": -249000, "otherCashflowsFromInvestingActivities": 10835729, "totalCashflowsFromInvestingActivities": -73608490, "dividendsPaid": -17224773, "netBorrowings": 36852770, "otherCashflowsFromFinancingActivities": -17101578, "totalCashFromFinancingActivities": 19751192, "changeInCash": 7557240}, {"maxAge": 1, "endDate": "2018-03-31", "netIncome": 75118000, "depreciation": 26467748, "changeToNetincome": -30003, "changeToAccountReceivables": -16367796, "changeToLiabilities": 0, "changeToInventory": -17956479, "changeToOperatingActivities": 11683054, "totalCashFromOperatingActivities": 61414538, "capitalExpenditures": -88127647, "investments": -249000, "otherCashflowsFromInvestingActivities": 10835729, "totalCashflowsFromInvestingActivities": -73608490, "dividendsPaid": -17224773, "netBorrowings": 36852770, "otherCashflowsFromFinancingActivities": -17101578, "totalCashFromFinancingActivities": 19751192, "changeInCash": 7557240}, {"maxAge": 1, "endDate": "2017-03-31", "netIncome": 101444716, "depreciation": 10495226, "changeToNetincome": 612584, "changeToAccountReceivables": -1406687, "changeToLiabilities": 15102855, "changeToInventory": -12239384, "changeToOperatingActivities": 11254901, "totalCashFromOperatingActivities": 125264211, "capitalExpenditures": -61504500, "investments": -249000, "otherCashflowsFromInvestingActivities": 8578238, "totalCashflowsFromInvestingActivities": -52368802, "dividendsPaid": -16640000, "netBorrowings": -10295406, "otherCashflowsFromFinancingActivities": -23450785, "totalCashFromFinancingActivities": -50386191, "changeInCash": 22509218}], "maxAge": 86400}, "institutionOwnership": {"maxAge": 1, "ownershipList": []}, "balanceSheetHistoryQuarterly": {"balanceSheetStatements": [{"maxAge": 1, "endDate": "2020-06-30", "totalStockholderEquity": 497100000, "netTangibleAssets": 497100000}, {"maxAge": 1, "endDate": "2020-03-31", "cash": 86607781, "netReceivables": 55899429, "inventory": 159163661, "otherCurrentAssets": 19836208, "totalCurrentAssets": 324289987, "longTermInvestments": 14821203, "propertyPlantEquipment": 471969399, "intangibleAssets": 3950117, "otherAssets": 18187775, "totalAssets": 833218481, "accountsPayable": 63694166, "otherCurrentLiab": 22222142, "longTermDebt": 57318391, "otherLiab": 27655133, "totalCurrentLiabilities": 251193742, "totalLiab": 336167266, "commonStock": 90831820, "retainedEarnings": 310601406, "treasuryStock": 55542629, "capitalSurplus": 40075360, "otherStockholderEquity": 55542629, "totalStockholderEquity": 497051215, "netTangibleAssets": 493101098}, {"maxAge": 1, "endDate": "2019-12-31", "totalStockholderEquity": 489200000, "netTangibleAssets": 489200000}, {"maxAge": 1, "endDate": "2019-09-30", "cash": 130000000, "netReceivables": 84900000, "inventory": 154500000, "otherCurrentAssets": 300000, "totalCurrentAssets": 369700000, "longTermInvestments": 15400000, "propertyPlantEquipment": 485500000, "otherAssets": 15700000, "totalAssets": 886300000, "accountsPayable": 86700000, "otherCurrentLiab": 63100000, "longTermDebt": 59100000, "otherLiab": 26200000, "totalCurrentLiabilities": 311800000, "totalLiab": 397100000, "commonStock": 90800000, "treasuryStock": 398400000, "otherStockholderEquity": 398400000, "totalStockholderEquity": 489200000, "netTangibleAssets": 489200000}], "maxAge": 86400}, "earningsHistory": {"history": [{"maxAge": 1, "epsActual": {}, "epsEstimate": {}, "epsDifference": {}, "surprisePercent": {}, "quarter": {}, "period": "-4q"}, {"maxAge": 1, "epsActual": {}, "epsEstimate": {}, "epsDifference": {}, "surprisePercent": {}, "quarter": {}, "period": "-3q"}, {"maxAge": 1, "epsActual": {}, "epsEstimate": {}, "epsDifference": {}, "surprisePercent": {}, "quarter": {}, "period": "-2q"}, {"maxAge": 1, "epsActual": 3.02, "epsEstimate": 3.71, "epsDifference": -0.69, "surprisePercent": -0.186, "quarter": "2017-03-31", "period": "-1q"}], "maxAge": 86400}, "indexTrend": {"maxAge": 1, "symbol": "SP5", "peRatio": 19.7411, "pegRatio": 1.34172, "estimates": [{"period": "0q", "growth": 0.549}, {"period": "+1q", "growth": 0.431}, {"period": "0y", "growth": 0.305}, {"period": "+1y", "growth": 0.109}, {"period": "+5y", "growth": 0.120859005}, {"period": "-5y"}]}, "industryTrend": {"maxAge": 1, "symbol": null, "estimates": []}, "insiderTransactions": {"transactions": [{"maxAge": 1, "shares": 6706, "filerUrl": "", "transactionText": "", "filerName": "Palaniswamy (Kumudha)", "filerRelation": "UNREPORTED", "moneyText": "", "startDate": "2017-09-08", "ownership": "D"}, {"maxAge": 1, "shares": 162610, "filerUrl": "", "transactionText": "", "filerName": "Palaniswamy (A V)", "filerRelation": "Managing Director", "moneyText": "", "startDate": "2012-07-20", "ownership": "D"}, {"maxAge": 1, "shares": 125000, "filerUrl": "", "transactionText": "", "filerName": "Palaniswamy (A V)", "filerRelation": "Managing Director", "moneyText": "", "startDate": "2010-10-11", "ownership": "D"}], "maxAge": 1}, "quoteType": {"exchange": "BSE", "quoteType": "EQUITY", "symbol": "NATFIT.BO", "underlyingSymbol": "NATFIT.BO", "shortName": "NATIONAL FITTINGS LIMITED", "longName": "National Fittings Limited", "firstTradeDateEpochUtc": "2002-01-03 09:15:00", "timeZoneFullName": "Asia/Kolkata", "timeZoneShortName": "IST", "uuid": "83f61957-73c3-3e00-8a26-ba0ec9f05d9e", "messageBoardId": null, "gmtOffSetMilliseconds": 19800000, "maxAge": 1}, "incomeStatementHistory": {"incomeStatementHistory": [{"maxAge": 1, "endDate": "2020-03-31", "totalRevenue": 568509864, "costOfRevenue": 170687973, "grossProfit": 397821891, "researchDevelopment": {}, "sellingGeneralAdministrative": 96756130, "nonRecurring": {}, "otherOperatingExpenses": 252277272, "totalOperatingExpenses": 544046403, "operatingIncome": 24463461, "totalOtherIncomeExpenseNet": -9447454, "ebit": 24463461, "interestExpense": -15648412, "incomeBeforeTax": 15016007, "incomeTaxExpense": 1662857, "minorityInterest": {}, "netIncomeFromContinuingOps": 13353150, "discontinuedOperations": {}, "extraordinaryItems": {}, "effectOfAccountingCharges": {}, "otherItems": {}, "netIncome": 13353150, "netIncomeApplicableToCommonShares": 13353150}, {"maxAge": 1, "endDate": "2019-03-31", "totalRevenue": 580350534, "costOfRevenue": 187370591, "grossProfit": 392979943, "researchDevelopment": {}, "sellingGeneralAdministrative": 90814190, "nonRecurring": {}, "otherOperatingExpenses": 231178307, "totalOperatingExpenses": 535838926, "operatingIncome": 44511608, "totalOtherIncomeExpenseNet": 171088, "ebit": 44511608, "interestExpense": -16686213, "incomeBeforeTax": 44682696, "incomeTaxExpense": 14775915, "minorityInterest": {}, "netIncomeFromContinuingOps": 29906781, "discontinuedOperations": {}, "extraordinaryItems": {}, "effectOfAccountingCharges": {}, "otherItems": {}, "netIncome": 29906781, "netIncomeApplicableToCommonShares": 29906781}, {"maxAge": 1, "endDate": "2018-03-31", "totalRevenue": 618502000, "costOfRevenue": 314172000, "grossProfit": 304330000, "researchDevelopment": {}, "sellingGeneralAdministrative": 53325000, "nonRecurring": {}, "otherOperatingExpenses": 122442000, "totalOperatingExpenses": 508397000, "operatingIncome": 110105000, "totalOtherIncomeExpenseNet": 9610000, "ebit": 110105000, "interestExpense": -15681000, "incomeBeforeTax": 119715000, "incomeTaxExpense": 44597000, "minorityInterest": {}, "netIncomeFromContinuingOps": 75118000, "discontinuedOperations": {}, "extraordinaryItems": {}, "effectOfAccountingCharges": {}, "otherItems": {}, "netIncome": 75118000, "netIncomeApplicableToCommonShares": 75118000}, {"maxAge": 1, "endDate": "2017-03-31", "totalRevenue": 670654122, "costOfRevenue": 361990052, "grossProfit": 308664070, "researchDevelopment": {}, "sellingGeneralAdministrative": 41875994, "nonRecurring": {}, "otherOperatingExpenses": 110603787, "totalOperatingExpenses": 525680389, "operatingIncome": 144973733, "totalOtherIncomeExpenseNet": 14629624, "ebit": 144973733, "interestExpense": -9644256, "incomeBeforeTax": 159603357, "incomeTaxExpense": 58158641, "minorityInterest": {}, "netIncomeFromContinuingOps": 101444716, "discontinuedOperations": {}, "extraordinaryItems": {}, "effectOfAccountingCharges": {}, "otherItems": {}, "netIncome": 101444716, "netIncomeApplicableToCommonShares": 101444716}], "maxAge": 86400}, "fundOwnership": {"maxAge": 1, "ownershipList": []}, "summaryDetail": {"maxAge": 1, "priceHint": 2, "previousClose": 38.35, "open": 39.0, "dayLow": 36.0, "dayHigh": 39.0, "regularMarketPreviousClose": 38.35, "regularMarketOpen": 39.0, "regularMarketDayLow": 36.0, "regularMarketDayHigh": 39.0, "trailingPE": 119.51613, "forwardPE": 2.2785976, "volume": 18776, "regularMarketVolume": 18776, "averageVolume": 4198, "averageVolume10days": 2770, "averageDailyVolume10Day": 2770, "bid": 35.0, "ask": 37.0, "bidSize": 0, "askSize": 0, "marketCap": 336531808, "fiftyTwoWeekLow": 19.45, "fiftyTwoWeekHigh": 43.45, "fiftyDayAverage": 39.298573, "twoHundredDayAverage": 32.51095, "trailingAnnualDividendRate": 1.5, "trailingAnnualDividendYield": 0.039113432, "currency": "INR", "fromCurrency": null, "toCurrency": null, "lastMarket": null, "algorithm": null, "tradeable": false}, "sectorTrend": {"maxAge": 1, "symbol": null, "estimates": []}, "incomeStatementHistoryQuarterly": {"incomeStatementHistory": [{"maxAge": 1, "endDate": "2020-06-30", "totalRevenue": 88431000, "costOfRevenue": 51484000, "grossProfit": 36947000, "researchDevelopment": {}, "sellingGeneralAdministrative": 15252000, "nonRecurring": {}, "otherOperatingExpenses": 21545000, "totalOperatingExpenses": 94485000, "operatingIncome": -6054000, "totalOtherIncomeExpenseNet": -773000, "ebit": -6054000, "interestExpense": -2700000, "incomeBeforeTax": -6827000, "incomeTaxExpense": 0, "minorityInterest": {}, "netIncomeFromContinuingOps": -6827000, "discontinuedOperations": {}, "extraordinaryItems": {}, "effectOfAccountingCharges": {}, "otherItems": {}, "netIncome": -6827000, "netIncomeApplicableToCommonShares": -6827000}, {"maxAge": 1, "endDate": "2020-03-31", "totalRevenue": 138657864, "costOfRevenue": -31175027, "grossProfit": 169832891, "researchDevelopment": {}, "sellingGeneralAdministrative": 20757130, "nonRecurring": {}, "otherOperatingExpenses": 136893272, "totalOperatingExpenses": 131005403, "operatingIncome": 7652461, "totalOtherIncomeExpenseNet": -2062454, "ebit": 7652461, "interestExpense": -2173412, "incomeBeforeTax": 5590007, "incomeTaxExpense": -1183143, "minorityInterest": {}, "netIncomeFromContinuingOps": 6773150, "discontinuedOperations": {}, "extraordinaryItems": {}, "effectOfAccountingCharges": {}, "otherItems": {}, "netIncome": 6773150, "netIncomeApplicableToCommonShares": 6773150}, {"maxAge": 1, "endDate": "2019-12-31", "totalRevenue": 152202000, "costOfRevenue": 71380000, "grossProfit": 80822000, "researchDevelopment": {}, "sellingGeneralAdministrative": 27185000, "nonRecurring": {}, "otherOperatingExpenses": 42161000, "totalOperatingExpenses": 148095000, "operatingIncome": 4107000, "totalOtherIncomeExpenseNet": -3044000, "ebit": 4107000, "interestExpense": -4112000, "incomeBeforeTax": 1063000, "incomeTaxExpense": 124000, "minorityInterest": {}, "netIncomeFromContinuingOps": 939000, "discontinuedOperations": {}, "extraordinaryItems": {}, "effectOfAccountingCharges": {}, "otherItems": {}, "netIncome": 939000, "netIncomeApplicableToCommonShares": 939000}, {"maxAge": 1, "endDate": "2019-09-30", "totalRevenue": 152622000, "costOfRevenue": 75086000, "grossProfit": 77536000, "researchDevelopment": {}, "sellingGeneralAdministrative": 25537000, "nonRecurring": {}, "otherOperatingExpenses": 38809000, "totalOperatingExpenses": 147813000, "operatingIncome": 4809000, "totalOtherIncomeExpenseNet": -2008000, "ebit": 4809000, "interestExpense": -4715000, "incomeBeforeTax": 2801000, "incomeTaxExpense": 859000, "minorityInterest": {}, "netIncomeFromContinuingOps": 1942000, "discontinuedOperations": {}, "extraordinaryItems": {}, "effectOfAccountingCharges": {}, "otherItems": {}, "netIncome": 1942000, "netIncomeApplicableToCommonShares": 1942000}], "maxAge": 86400}, "cashflowStatementHistoryQuarterly": {"cashflowStatements": [{"maxAge": 1, "endDate": "2020-06-30", "netIncome": -6827000, "changeToLiabilities": 0}, {"maxAge": 1, "endDate": "2020-03-31", "netIncome": 6773150, "changeToLiabilities": 0}, {"maxAge": 1, "endDate": "2019-12-31", "netIncome": 939000, "changeToLiabilities": 0}, {"maxAge": 1, "endDate": "2019-09-30", "netIncome": 1942000, "changeToLiabilities": 0}], "maxAge": 86400}, "insiderHolders": {"holders": [{"maxAge": 1, "name": "Palaniswamy (A V)", "relation": "Managing Director", "url": "", "transactionDescription": "Acquisition", "latestTransDate": "2012-07-20", "positionDirect": 756472, "positionDirectDate": "2012-07-20"}, {"maxAge": 1, "name": "Palaniswamy (Kumudha)", "relation": "UNREPORTED", "url": "", "transactionDescription": "Sale", "latestTransDate": "2017-09-08", "positionDirect": 145994, "positionDirectDate": "2017-09-08"}], "maxAge": 1}, "earnings": {"maxAge": 86400, "earningsChart": {"quarterly": [{"date": "1Q2017", "actual": 3.02, "estimate": 3.71}], "currentQuarterEstimateDate": "2Q", "currentQuarterEstimateYear": 2017, "earningsDate": ["2020-08-14 05:30:S"]}, "financialsChart": {"yearly": [{"date": 2017, "revenue": 670654122, "earnings": 101444716}, {"date": 2018, "revenue": 618502000, "earnings": 75118000}, {"date": 2019, "revenue": 580350534, "earnings": 29906781}, {"date": 2020, "revenue": 568509864, "earnings": 13353150}], "quarterly": [{"date": "3Q2019", "revenue": 152622000, "earnings": 1942000}, {"date": "4Q2019", "revenue": 152202000, "earnings": 939000}, {"date": "1Q2020", "revenue": 138657864, "earnings": 6773150}, {"date": "2Q2020", "revenue": 88431000, "earnings": -6827000}]}, "financialCurrency": "INR"}, "calendarEvents": {"maxAge": 1, "earnings": {"earningsDate": ["2020-08-14 05:30:S"]}}, "price": {"maxAge": 1, "regularMarketChangePercent": -0.033898287, "regularMarketChange": -1.2999992, "regularMarketTime": "2021-04-30 15:29:26", "priceHint": 2, "regularMarketPrice": 37.05, "regularMarketDayHigh": 39.0, "regularMarketDayLow": 36.0, "regularMarketVolume": 18776, "averageDailyVolume10Day": 2770, "averageDailyVolume3Month": 4198, "regularMarketPreviousClose": 38.35, "regularMarketSource": "FREE_REALTIME", "regularMarketOpen": 39.0, "exchange": "BSE", "exchangeName": "BSE", "exchangeDataDelayedBy": 0, "marketState": "CLOSED", "quoteType": "EQUITY", "symbol": "NATFIT.BO", "underlyingSymbol": null, "shortName": "NATIONAL FITTINGS LIMITED", "longName": "National Fittings Limited", "currency": "INR", "quoteSourceName": "Delayed Quote", "currencySymbol": "\u20b9", "fromCurrency": null, "toCurrency": null, "lastMarket": null, "marketCap": 336531808}, "balanceSheetHistory": {"balanceSheetStatements": [{"maxAge": 1, "endDate": "2020-03-31", "cash": 86607781, "netReceivables": 55899429, "inventory": 159163661, "otherCurrentAssets": 19836208, "totalCurrentAssets": 324289987, "longTermInvestments": 14821203, "propertyPlantEquipment": 471969399, "intangibleAssets": 3950117, "otherAssets": 18187775, "totalAssets": 833218481, "accountsPayable": 63694166, "otherCurrentLiab": 22222142, "longTermDebt": 57318391, "otherLiab": 27655133, "totalCurrentLiabilities": 251193742, "totalLiab": 336167266, "commonStock": 90831820, "retainedEarnings": 310601406, "treasuryStock": 55542629, "capitalSurplus": 40075360, "otherStockholderEquity": 55542629, "totalStockholderEquity": 497051215, "netTangibleAssets": 493101098}, {"maxAge": 1, "endDate": "2019-03-31", "cash": 164956078, "netReceivables": 67067379, "inventory": 137075865, "otherCurrentAssets": 30303829, "totalCurrentAssets": 402551488, "longTermInvestments": 15428424, "propertyPlantEquipment": 476848177, "intangibleAssets": 4525137, "otherAssets": 13985254, "totalAssets": 913338480, "accountsPayable": 75834529, "otherCurrentLiab": 29075643, "longTermDebt": 97672470, "otherLiab": 26358691, "totalCurrentLiabilities": 286157182, "totalLiab": 410188343, "commonStock": 90831820, "retainedEarnings": 316594163, "treasuryStock": 55648794, "capitalSurplus": 40075360, "otherStockholderEquity": 55648794, "totalStockholderEquity": 503150137, "netTangibleAssets": 498625000}, {"maxAge": 1, "endDate": "2018-03-31", "cash": 138900000, "netReceivables": 76500000, "inventory": 90900000, "otherCurrentAssets": 1800000, "totalCurrentAssets": 308100000, "longTermInvestments": 11200000, "propertyPlantEquipment": 290300000, "otherAssets": 9800000, "totalAssets": 619400000, "accountsPayable": 24400000, "otherCurrentLiab": 28900000, "longTermDebt": 110900000, "otherLiab": 10800000, "totalCurrentLiabilities": 161500000, "totalLiab": 283200000, "commonStock": 83200000, "treasuryStock": 253000000, "otherStockholderEquity": 253000000, "totalStockholderEquity": 336200000, "netTangibleAssets": 336200000}, {"maxAge": 1, "endDate": "2017-03-31", "cash": 124470496, "shortTermInvestments": 10325000, "netReceivables": 66132339, "inventory": 78416511, "otherCurrentAssets": 2761828, "totalCurrentAssets": 283306522, "propertyPlantEquipment": 103763445, "intangibleAssets": 6135192, "otherAssets": 1602405, "totalAssets": 394807564, "accountsPayable": 36481407, "otherCurrentLiab": 18991460, "otherLiab": 5531874, "totalCurrentLiabilities": 112014900, "totalLiab": 117546774, "commonStock": 83200000, "retainedEarnings": 141560791, "treasuryStock": 51499999, "capitalSurplus": 1000000, "otherStockholderEquity": 51499999, "totalStockholderEquity": 277260790, "netTangibleAssets": 271125598}], "maxAge": 86400}, "earningsTrend": {"trend": [{"maxAge": 1, "period": "0q", "endDate": "2017-06-30", "growth": {}, "earningsEstimate": {"avg": 0.0, "low": 0.0, "high": 0.0, "yearAgoEps": {}, "numberOfAnalysts": 0, "growth": {}}, "revenueEstimate": {"avg": 0, "low": 0, "high": 0, "numberOfAnalysts": 0, "yearAgoRevenue": {}, "growth": {}}, "epsTrend": {"current": 0.0, "7daysAgo": 0.0, "30daysAgo": 0.0, "60daysAgo": 0.0, "90daysAgo": 0.0}, "epsRevisions": {"upLast7days": 0, "upLast30days": 0, "downLast30days": 0, "downLast90days": {}}}, {"maxAge": 1, "period": "+1q", "endDate": "2017-09-30", "growth": {}, "earningsEstimate": {"avg": 0.0, "low": 0.0, "high": 0.0, "yearAgoEps": {}, "numberOfAnalysts": 0, "growth": {}}, "revenueEstimate": {"avg": 0, "low": 0, "high": 0, "numberOfAnalysts": 0, "yearAgoRevenue": {}, "growth": {}}, "epsTrend": {"current": 0.0, "7daysAgo": 0.0, "30daysAgo": 0.0, "60daysAgo": 0.0, "90daysAgo": 0.0}, "epsRevisions": {"upLast7days": 0, "upLast30days": 0, "downLast30days": 0, "downLast90days": {}}}, {"maxAge": 1, "period": "0y", "endDate": "2018-03-31", "growth": {}, "earningsEstimate": {"avg": 0.0, "low": 0.0, "high": 0.0, "yearAgoEps": {}, "numberOfAnalysts": 0, "growth": {}}, "revenueEstimate": {"avg": 751130000, "low": 751130000, "high": 751130000, "numberOfAnalysts": 1, "yearAgoRevenue": 670654000, "growth": 0.12}, "epsTrend": {"current": 0.0, "7daysAgo": 14.07, "30daysAgo": 14.07, "60daysAgo": 14.07, "90daysAgo": 14.07}, "epsRevisions": {"upLast7days": 0, "upLast30days": 0, "downLast30days": 0, "downLast90days": {}}}, {"maxAge": 1, "period": "+1y", "endDate": "2019-03-31", "growth": {}, "earningsEstimate": {"avg": 0.0, "low": 0.0, "high": 0.0, "yearAgoEps": {}, "numberOfAnalysts": 0, "growth": {}}, "revenueEstimate": {"avg": 848780000, "low": 848780000, "high": 848780000, "numberOfAnalysts": 1, "yearAgoRevenue": 751130000, "growth": 0.13}, "epsTrend": {"current": 0.0, "7daysAgo": 16.26, "30daysAgo": 16.26, "60daysAgo": 16.26, "90daysAgo": 16.26}, "epsRevisions": {"upLast7days": 0, "upLast30days": 0, "downLast30days": 0, "downLast90days": {}}}, {"maxAge": 1, "period": "+5y", "endDate": null, "growth": {}, "earningsEstimate": {"avg": {}, "low": {}, "high": {}, "yearAgoEps": {}, "numberOfAnalysts": {}, "growth": {}}, "revenueEstimate": {"avg": {}, "low": {}, "high": {}, "numberOfAnalysts": {}, "yearAgoRevenue": {}, "growth": {}}, "epsTrend": {"current": {}, "7daysAgo": {}, "30daysAgo": {}, "60daysAgo": {}, "90daysAgo": {}}, "epsRevisions": {"upLast7days": {}, "upLast30days": {}, "downLast30days": {}, "downLast90days": {}}}, {"maxAge": 1, "period": "-5y", "endDate": null, "growth": {}, "earningsEstimate": {"avg": {}, "low": {}, "high": {}, "yearAgoEps": {}, "numberOfAnalysts": {}, "growth": {}}, "revenueEstimate": {"avg": {}, "low": {}, "high": {}, "numberOfAnalysts": {}, "yearAgoRevenue": {}, "growth": {}}, "epsTrend": {"current": {}, "7daysAgo": {}, "30daysAgo": {}, "60daysAgo": {}, "90daysAgo": {}}, "epsRevisions": {"upLast7days": {}, "upLast30days": {}, "downLast30days": {}, "downLast90days": {}}}], "maxAge": 1}, "financialData": {"maxAge": 86400, "currentPrice": 37.05, "targetHighPrice": 85.0, "targetLowPrice": 85.0, "targetMeanPrice": 85.0, "targetMedianPrice": 85.0, "recommendationMean": 2.0, "recommendationKey": "buy", "numberOfAnalystOpinions": 1, "grossProfits": 397821891, "financialCurrency": "INR"}}}