{"NATHBIOGEN.BO": {"cashflowStatementHistory": {"cashflowStatements": [{"maxAge": 1, "endDate": "2020-03-31", "netIncome": 504840322, "depreciation": 14525755, "changeToNetincome": 20436670, "changeToAccountReceivables": 13499990, "changeToLiabilities": 180044402, "changeToInventory": -489518500, "changeToOperatingActivities": -149085353, "totalCashFromOperatingActivities": 94743286, "capitalExpenditures": -42376973, "investments": -2400, "otherCashflowsFromInvestingActivities": 13018886, "totalCashflowsFromInvestingActivities": -144372234, "netBorrowings": 121094191, "otherCashflowsFromFinancingActivities": -65459618, "totalCashFromFinancingActivities": 55634573, "changeInCash": 6005625}, {"maxAge": 1, "endDate": "2019-03-31", "netIncome": 384334658, "depreciation": 14465554, "changeToNetincome": 8240483, "changeToAccountReceivables": -256823867, "changeToLiabilities": 136020316, "changeToInventory": -318990342, "changeToOperatingActivities": -196603564, "totalCashFromOperatingActivities": -229356762, "capitalExpenditures": -222955054, "investments": -2400, "otherCashflowsFromInvestingActivities": 17285212, "totalCashflowsFromInvestingActivities": -204832292, "netBorrowings": 253446006, "otherCashflowsFromFinancingActivities": -52046403, "totalCashFromFinancingActivities": 201399603, "changeInCash": -232789451}, {"maxAge": 1, "endDate": "2018-03-31", "netIncome": 294185054, "depreciation": 9507141, "changeToNetincome": 98038295, "changeToAccountReceivables": -296224691, "changeToLiabilities": -77534944, "changeToInventory": 66937565, "changeToOperatingActivities": -564743818, "totalCashFromOperatingActivities": -469835398, "capitalExpenditures": -8589259, "investments": -2400, "otherCashflowsFromInvestingActivities": 4990155, "totalCashflowsFromInvestingActivities": -40702163, "netBorrowings": -363253929, "otherCashflowsFromFinancingActivities": -103095609, "totalCashFromFinancingActivities": 898650462, "changeInCash": 388112901, "issuanceOfStock": 1365000000}, {"maxAge": 1, "endDate": "2017-03-31", "netIncome": 162824592, "depreciation": 30303746, "changeToNetincome": 102491061, "changeToAccountReceivables": -65249492, "changeToLiabilities": -35985870, "changeToInventory": 105888615, "changeToOperatingActivities": -266862882, "totalCashFromOperatingActivities": 33409770, "capitalExpenditures": -41258923, "investments": -2400, "otherCashflowsFromInvestingActivities": 34610, "totalCashflowsFromInvestingActivities": -40490713, "netBorrowings": 149876656, "otherCashflowsFromFinancingActivities": -96570714, "totalCashFromFinancingActivities": 53305942, "changeInCash": 46224999, "issuanceOfStock": 1365000000}], "maxAge": 86400}, "institutionOwnership": {"ownershipList": [], "maxAge": 1}, "balanceSheetHistoryQuarterly": {"balanceSheetStatements": [{"maxAge": 1, "endDate": "2020-06-30", "totalStockholderEquity": 5576171667, "netTangibleAssets": 5424521367}, {"maxAge": 1, "endDate": "2020-03-31", "cash": 219798772, "netReceivables": 2479187730, "inventory": 2043080712, "otherCurrentAssets": 27764259, "totalCurrentAssets": 4771612936, "longTermInvestments": 49975275, "propertyPlantEquipment": 2308632145, "intangibleAssets": 151650300, "otherAssets": 17586296, "deferredLongTermAssetCharges": 6937293, "totalAssets": 7299456952, "accountsPayable": 605095006, "shortLongTermDebt": 3448551, "otherCurrentLiab": 289653720, "longTermDebt": 2995664, "otherLiab": 24090088, "totalCurrentLiabilities": 1696199533, "totalLiab": 1723285285, "commonStock": 190040000, "retainedEarnings": 3924731464, "treasuryStock": 126400203, "capitalSurplus": 1335000000, "otherStockholderEquity": 126400203, "totalStockholderEquity": 5576171667, "netTangibleAssets": 5424521367}, {"maxAge": 1, "endDate": "2019-12-31", "totalStockholderEquity": 5465293000, "netTangibleAssets": 5431293000}, {"maxAge": 1, "endDate": "2019-09-30", "cash": 200155000, "netReceivables": 2377549000, "inventory": 1323511000, "otherCurrentAssets": 39985000, "totalCurrentAssets": 3941200000, "longTermInvestments": 51791000, "propertyPlantEquipment": 2275736000, "intangibleAssets": 34000000, "otherAssets": 24035000, "deferredLongTermAssetCharges": 7241000, "totalAssets": 6326762000, "accountsPayable": 108441000, "otherCurrentLiab": 62169000, "longTermDebt": 7180000, "otherLiab": 21186000, "totalCurrentLiabilities": 833103000, "totalLiab": 861469000, "commonStock": 190040000, "treasuryStock": 5275253000, "otherStockholderEquity": 5275253000, "totalStockholderEquity": 5465293000, "netTangibleAssets": 5431293000}], "maxAge": 86400}, "indexTrend": {"maxAge": 1, "symbol": "SP5", "peRatio": 19.7411, "pegRatio": 1.34172, "estimates": [{"period": "0q", "growth": 0.549}, {"period": "+1q", "growth": 0.431}, {"period": "0y", "growth": 0.305}, {"period": "+1y", "growth": 0.109}, {"period": "+5y", "growth": 0.120865}, {"period": "-5y"}]}, "insiderTransactions": {"transactions": [{"maxAge": 1, "shares": 193725, "filerUrl": "", "transactionText": "", "filerName": "Authum Investments & Infrastructure", "filerRelation": "Institution- Corporation", "moneyText": "", "startDate": "2020-03-20", "ownership": "D"}, {"maxAge": 1, "shares": 3575, "filerUrl": "", "transactionText": "", "filerName": "Akash Farms Pvt Ltd", "filerRelation": "Promoter", "moneyText": "", "startDate": "2020-03-03", "ownership": "D"}, {"maxAge": 1, "shares": 200000, "filerUrl": "", "transactionText": "", "filerName": "Akash Farms Pvt Ltd", "filerRelation": "Promoter", "moneyText": "", "startDate": "2020-02-20", "ownership": "D"}, {"maxAge": 1, "shares": 49572, "filerUrl": "", "transactionText": "", "filerName": "Ashu Farms Pvt Ltd", "filerRelation": "Promoter", "moneyText": "", "startDate": "2020-02-20", "ownership": "D"}, {"maxAge": 1, "shares": 25000, "filerUrl": "", "transactionText": "", "filerName": "Prabha Farms Pvt Ltd", "filerRelation": "Promoter", "moneyText": "", "startDate": "2019-02-26", "ownership": "D"}, {"maxAge": 1, "shares": 2641, "filerUrl": "", "transactionText": "", "filerName": "Arati Farms Pvt Ltd", "filerRelation": "Promoter", "moneyText": "", "startDate": "2018-12-31", "ownership": "D"}, {"maxAge": 1, "shares": 118112, "filerUrl": "", "transactionText": "", "filerName": "Agri Tech India Ltd", "filerRelation": "Promoter", "moneyText": "", "startDate": "2017-09-29", "ownership": "D"}, {"maxAge": 1, "shares": 100000, "filerUrl": "", "transactionText": "", "filerName": "Ashu Farms Pvt Ltd", "filerRelation": "Promoter", "moneyText": "", "startDate": "2017-09-29", "ownership": "D"}, {"maxAge": 1, "shares": 666000, "filerUrl": "", "transactionText": "", "filerName": "Agri Tech India Ltd", "filerRelation": "Promoter", "moneyText": "", "startDate": "2017-09-28", "ownership": "D"}, {"maxAge": 1, "shares": 50000, "filerUrl": "", "transactionText": "", "filerName": "Arati Farms Pvt Ltd", "filerRelation": "Promoter", "moneyText": "", "startDate": "2017-09-28", "ownership": "D"}, {"maxAge": 1, "shares": 300000, "filerUrl": "", "transactionText": "", "filerName": "Ferry Fax Farms Pvt Ltd", "filerRelation": "Promoter", "moneyText": "", "startDate": "2017-04-18", "ownership": "D"}, {"maxAge": 1, "shares": 975000, "filerUrl": "", "transactionText": "", "filerName": "Agri Tech India Ltd", "filerRelation": "Promoter", "moneyText": "", "startDate": "2017-04-18", "ownership": "D"}, {"maxAge": 1, "shares": 350000, "filerUrl": "", "transactionText": "", "filerName": "Barkha Farms Pvt Ltd", "filerRelation": "Promoter", "moneyText": "", "startDate": "2017-04-18", "ownership": "D"}, {"maxAge": 1, "shares": 875000, "filerUrl": "", "transactionText": "", "filerName": "Agri Tech India Ltd", "filerRelation": "Promoter", "moneyText": "", "startDate": "2017-04-07", "ownership": "D"}, {"maxAge": 1, "shares": 300000, "filerUrl": "", "transactionText": "", "filerName": "Ferry Fax Farms Pvt Ltd", "filerRelation": "Promoter", "moneyText": "", "startDate": "2017-04-07", "ownership": "D"}, {"maxAge": 1, "shares": 350000, "filerUrl": "", "transactionText": "", "filerName": "Barkha Farms Pvt Ltd", "filerRelation": "Promoter", "moneyText": "", "startDate": "2017-04-07", "ownership": "D"}], "maxAge": 1}, "quoteType": {"exchange": "BSE", "quoteType": "EQUITY", "symbol": "NATHBIOGEN.BO", "underlyingSymbol": "NATHBIOGEN.BO", "shortName": "NATH BIO-GENES (INDIA) LTD", "longName": "Nath Bio-Genes (India) Limited", "firstTradeDateEpochUtc": "2014-01-28 09:15:00", "timeZoneFullName": "Asia/Kolkata", "timeZoneShortName": "IST", "uuid": "0c862f79-7a45-36b7-8ea6-09944fefdeb9", "gmtOffSetMilliseconds": 19800000, "maxAge": 1}, "incomeStatementHistory": {"incomeStatementHistory": [{"maxAge": 1, "endDate": "2020-03-31", "totalRevenue": 2798905145, "costOfRevenue": 944197101, "grossProfit": 1854708044, "researchDevelopment": {}, "sellingGeneralAdministrative": 354270642, "nonRecurring": {}, "otherOperatingExpenses": 952261096, "totalOperatingExpenses": 2265254594, "operatingIncome": 533650551, "totalOtherIncomeExpenseNet": -48565787, "ebit": 533650551, "interestExpense": -63369114, "incomeBeforeTax": 485084764, "incomeTaxExpense": -19755558, "minorityInterest": {}, "netIncomeFromContinuingOps": 504840322, "discontinuedOperations": {}, "extraordinaryItems": {}, "effectOfAccountingCharges": {}, "otherItems": {}, "netIncome": 504840322, "netIncomeApplicableToCommonShares": 504840322}, {"maxAge": 1, "endDate": "2019-03-31", "totalRevenue": 2309289245, "costOfRevenue": 748253399, "grossProfit": 1561035846, "researchDevelopment": {}, "sellingGeneralAdministrative": 302171408, "nonRecurring": {}, "otherOperatingExpenses": 824403794, "totalOperatingExpenses": 1889372649, "operatingIncome": 419916596, "totalOtherIncomeExpenseNet": -31233860, "ebit": 419916596, "interestExpense": -49382887, "incomeBeforeTax": 388682736, "incomeTaxExpense": 4348078, "minorityInterest": {}, "netIncomeFromContinuingOps": 384334658, "discontinuedOperations": {}, "extraordinaryItems": {}, "effectOfAccountingCharges": {}, "otherItems": {}, "netIncome": 384334658, "netIncomeApplicableToCommonShares": 384334658}, {"maxAge": 1, "endDate": "2018-03-31", "totalRevenue": 1916508032, "costOfRevenue": 673374876, "grossProfit": 1243133156, "researchDevelopment": {}, "sellingGeneralAdministrative": 215192093, "nonRecurring": {}, "otherOperatingExpenses": 620392621, "totalOperatingExpenses": 1518466731, "operatingIncome": 398041301, "totalOtherIncomeExpenseNet": -97496625, "ebit": 398041301, "interestExpense": -99098770, "incomeBeforeTax": 300544676, "incomeTaxExpense": 6359622, "minorityInterest": {}, "netIncomeFromContinuingOps": 294185054, "discontinuedOperations": {}, "extraordinaryItems": {}, "effectOfAccountingCharges": {}, "otherItems": {}, "netIncome": 294185054, "netIncomeApplicableToCommonShares": 294185054}, {"maxAge": 1, "endDate": "2017-03-31", "totalRevenue": 1698685219, "costOfRevenue": 530994135, "grossProfit": 1167691084, "researchDevelopment": {}, "sellingGeneralAdministrative": 241434507, "nonRecurring": {}, "otherOperatingExpenses": 636530009, "totalOperatingExpenses": 1439262397, "operatingIncome": 259422822, "totalOtherIncomeExpenseNet": -91888451, "ebit": 259422822, "interestExpense": -91460718, "incomeBeforeTax": 167534371, "incomeTaxExpense": 4709779, "minorityInterest": {}, "netIncomeFromContinuingOps": 162824592, "discontinuedOperations": {}, "extraordinaryItems": {}, "effectOfAccountingCharges": {}, "otherItems": {}, "netIncome": 162824592, "netIncomeApplicableToCommonShares": 162824592}], "maxAge": 86400}, "fundOwnership": {"ownershipList": [], "maxAge": 1}, "summaryDetail": {"maxAge": 1, "priceHint": 2, "previousClose": 349.65, "open": 355.45, "dayLow": 350.0, "dayHigh": 361.0, "regularMarketPreviousClose": 349.65, "regularMarketOpen": 355.45, "regularMarketDayLow": 350.0, "regularMarketDayHigh": 361.0, "trailingPE": 11.841, "volume": 2976, "regularMarketVolume": 2976, "averageVolume": 7558, "averageVolume10days": 1202, "averageDailyVolume10Day": 1202, "bid": 350.45, "ask": 355.0, "bidSize": 0, "askSize": 0, "marketCap": 6688458240, "fiftyTwoWeekLow": 126.25, "fiftyTwoWeekHigh": 415.5, "fiftyDayAverage": 276.81516, "twoHundredDayAverage": 297.27097, "currency": "INR", "fromCurrency": null, "lastMarket": null, "algorithm": null, "tradeable": false}, "incomeStatementHistoryQuarterly": {"incomeStatementHistory": [{"maxAge": 1, "endDate": "2020-06-30", "totalRevenue": 1932508000, "costOfRevenue": 977391000, "grossProfit": 955117000, "researchDevelopment": {}, "sellingGeneralAdministrative": 517131000, "nonRecurring": {}, "otherOperatingExpenses": {}, "totalOperatingExpenses": 1501187000, "operatingIncome": 431321000, "totalOtherIncomeExpenseNet": -15799000, "ebit": 431321000, "interestExpense": -19756000, "incomeBeforeTax": 415522000, "incomeTaxExpense": 2946000, "minorityInterest": {}, "netIncomeFromContinuingOps": 412576000, "discontinuedOperations": {}, "extraordinaryItems": {}, "effectOfAccountingCharges": {}, "otherItems": {}, "netIncome": 412576000, "netIncomeApplicableToCommonShares": 412576000}, {"maxAge": 1, "endDate": "2020-03-31", "totalRevenue": 601492145, "costOfRevenue": -9928899, "grossProfit": 611421044, "researchDevelopment": {}, "sellingGeneralAdministrative": -409466358, "nonRecurring": {}, "otherOperatingExpenses": 952261096, "totalOperatingExpenses": 536366594, "operatingIncome": 65125551, "totalOtherIncomeExpenseNet": -13401787, "ebit": 65125551, "interestExpense": -14857114, "incomeBeforeTax": 51723764, "incomeTaxExpense": -24593558, "minorityInterest": {}, "netIncomeFromContinuingOps": 76317322, "discontinuedOperations": {}, "extraordinaryItems": {}, "effectOfAccountingCharges": {}, "otherItems": {}, "netIncome": 76317322, "netIncomeApplicableToCommonShares": 76317322}, {"maxAge": 1, "endDate": "2019-12-31", "totalRevenue": 330576000, "costOfRevenue": 106193000, "grossProfit": 224383000, "researchDevelopment": {}, "sellingGeneralAdministrative": 167431000, "nonRecurring": {}, "otherOperatingExpenses": 952261096, "totalOperatingExpenses": 277399000, "operatingIncome": 53177000, "totalOtherIncomeExpenseNet": -12527000, "ebit": 53177000, "interestExpense": -16338000, "incomeBeforeTax": 40650000, "incomeTaxExpense": 1613000, "minorityInterest": {}, "netIncomeFromContinuingOps": 39037000, "discontinuedOperations": {}, "extraordinaryItems": {}, "effectOfAccountingCharges": {}, "otherItems": {}, "netIncome": 39037000, "netIncomeApplicableToCommonShares": 39037000}, {"maxAge": 1, "endDate": "2019-09-30", "totalRevenue": 213642000, "costOfRevenue": 10256000, "grossProfit": 203386000, "researchDevelopment": {}, "sellingGeneralAdministrative": 149957000, "nonRecurring": {}, "otherOperatingExpenses": 952261096, "totalOperatingExpenses": 163963000, "operatingIncome": 49679000, "totalOtherIncomeExpenseNet": -11619000, "ebit": 49679000, "interestExpense": -14868000, "incomeBeforeTax": 38060000, "incomeTaxExpense": 1149000, "minorityInterest": {}, "netIncomeFromContinuingOps": 36911000, "discontinuedOperations": {}, "extraordinaryItems": {}, "effectOfAccountingCharges": {}, "otherItems": {}, "netIncome": 36911000, "netIncomeApplicableToCommonShares": 36911000}], "maxAge": 86400}, "cashflowStatementHistoryQuarterly": {"cashflowStatements": [{"maxAge": 1, "endDate": "2020-06-30", "netIncome": 412576000, "changeToLiabilities": 0}, {"maxAge": 1, "endDate": "2020-03-31", "netIncome": 76317322, "changeToLiabilities": 0}, {"maxAge": 1, "endDate": "2019-12-31", "netIncome": 39037000, "changeToLiabilities": 0}, {"maxAge": 1, "endDate": "2019-09-30", "netIncome": 36911000, "changeToLiabilities": 0}], "maxAge": 86400}, "insiderHolders": {"holders": [{"maxAge": 1, "name": "Agri Tech India Ltd", "relation": "Promoter", "url": "", "transactionDescription": "Purchase", "latestTransDate": "2017-09-29", "positionDirect": 1530802, "positionDirectDate": "2017-09-29"}, {"maxAge": 1, "name": "Akash Farms Pvt Ltd", "relation": "Promoter", "url": "", "transactionDescription": "Acquisition", "latestTransDate": "2020-03-03", "positionDirect": 2042452, "positionDirectDate": "2020-03-03"}, {"maxAge": 1, "name": "Arati Farms Pvt Ltd", "relation": "Promoter", "url": "", "transactionDescription": "Sale", "latestTransDate": "2018-12-31", "positionDirect": 202641, "positionDirectDate": "2018-12-31"}, {"maxAge": 1, "name": "Ashu Farms Pvt Ltd", "relation": "Promoter", "url": "", "transactionDescription": "Other", "latestTransDate": "2020-02-20", "positionDirect": 2038877, "positionDirectDate": "2020-02-20"}, {"maxAge": 1, "name": "Authum Investments & Infrastructure", "relation": "Institution- Corporation", "url": "", "transactionDescription": "Sale", "latestTransDate": "2020-03-20", "positionDirect": 2871649, "positionDirectDate": "2020-03-20"}, {"maxAge": 1, "name": "Barkha Farms Pvt Ltd", "relation": "Promoter", "url": "", "transactionDescription": "Acquisition", "latestTransDate": "2017-04-18", "positionDirect": 354030, "positionDirectDate": "2017-04-18"}, {"maxAge": 1, "name": "Ferry Fax Farms Pvt Ltd", "relation": "Promoter", "url": "", "transactionDescription": "Acquisition", "latestTransDate": "2017-04-18", "positionDirect": 308644, "positionDirectDate": "2017-04-18"}, {"maxAge": 1, "name": "Prabha Farms Pvt Ltd", "relation": "Promoter", "url": "", "transactionDescription": "Acquisition", "latestTransDate": "2019-02-26", "positionDirect": 75271, "positionDirectDate": "2019-02-26"}], "maxAge": 1}, "calendarEvents": {"maxAge": 1, "earnings": {"earningsDate": []}}, "upgradeDowngradeHistory": {"history": [], "maxAge": 86400}, "price": {"maxAge": 1, "regularMarketChangePercent": 0.0065780594, "regularMarketChange": 2.3000183, "regularMarketTime": "2021-04-30 15:20:03", "priceHint": 2, "regularMarketPrice": 351.95, "regularMarketDayHigh": 361.0, "regularMarketDayLow": 350.0, "regularMarketVolume": 2976, "averageDailyVolume10Day": 1202, "averageDailyVolume3Month": 7558, "regularMarketPreviousClose": 349.65, "regularMarketSource": "FREE_REALTIME", "regularMarketOpen": 355.45, "exchange": "BSE", "exchangeName": "BSE", "exchangeDataDelayedBy": 0, "marketState": "CLOSED", "quoteType": "EQUITY", "symbol": "NATHBIOGEN.BO", "underlyingSymbol": null, "shortName": "NATH BIO-GENES (INDIA) LTD", "longName": "Nath Bio-Genes (India) Limited", "currency": "INR", "quoteSourceName": "Delayed Quote", "currencySymbol": "\u20b9", "fromCurrency": null, "lastMarket": null, "marketCap": 6688458240}, "balanceSheetHistory": {"balanceSheetStatements": [{"maxAge": 1, "endDate": "2020-03-31", "cash": 219798772, "netReceivables": 2479187730, "inventory": 2043080712, "otherCurrentAssets": 27764259, "totalCurrentAssets": 4771612936, "longTermInvestments": 49975275, "propertyPlantEquipment": 2308632145, "intangibleAssets": 151650300, "otherAssets": 17586296, "deferredLongTermAssetCharges": 6937293, "totalAssets": 7299456952, "accountsPayable": 605095006, "shortLongTermDebt": 3448551, "otherCurrentLiab": 289653720, "longTermDebt": 2995664, "otherLiab": 24090088, "totalCurrentLiabilities": 1696199533, "totalLiab": 1723285285, "commonStock": 190040000, "retainedEarnings": 3924731464, "treasuryStock": 126400203, "capitalSurplus": 1335000000, "otherStockholderEquity": 126400203, "totalStockholderEquity": 5576171667, "netTangibleAssets": 5424521367}, {"maxAge": 1, "endDate": "2019-03-31", "cash": 213793147, "netReceivables": 2279396458, "inventory": 1553562212, "otherCurrentAssets": 21644282, "totalCurrentAssets": 4071795088, "longTermInvestments": 49972875, "propertyPlantEquipment": 2281151185, "intangibleAssets": 36000000, "otherAssets": 21714807, "deferredLongTermAssetCharges": 7240613, "totalAssets": 6460633955, "accountsPayable": 432577319, "shortLongTermDebt": 4519478, "otherCurrentLiab": 260999465, "longTermDebt": 5045829, "otherLiab": 18877389, "totalCurrentLiabilities": 1360903949, "totalLiab": 1384827167, "commonStock": 190040000, "retainedEarnings": 3424366585, "treasuryStock": 126400203, "capitalSurplus": 1335000000, "otherStockholderEquity": 126400203, "totalStockholderEquity": 5075806788, "netTangibleAssets": 5039806788}, {"maxAge": 1, "endDate": "2018-03-31", "cash": 446582598, "netReceivables": 1815443415, "inventory": 1234571870, "otherCurrentAssets": 43038347, "totalCurrentAssets": 3542064944, "longTermInvestments": 49970475, "propertyPlantEquipment": 2069423192, "intangibleAssets": 40000000, "otherAssets": 10590324, "deferredLongTermAssetCharges": 8619946, "totalAssets": 5712048935, "accountsPayable": 320032036, "shortLongTermDebt": 2328944, "otherCurrentLiab": 287646336, "longTermDebt": 3101359, "otherLiab": 18782368, "totalCurrentLiabilities": 997853637, "totalLiab": 1019737364, "commonStock": 190040000, "retainedEarnings": 3040871368, "treasuryStock": 126400203, "capitalSurplus": 1335000000, "otherStockholderEquity": 126400203, "totalStockholderEquity": 4692311571, "netTangibleAssets": 4652311571}, {"maxAge": 1, "endDate": "2017-03-31", "cash": 58469697, "netReceivables": 1055513859, "inventory": 1301509435, "totalCurrentAssets": 2417894124, "longTermInvestments": 49968075, "propertyPlantEquipment": 2072921532, "otherAssets": 10021012, "deferredLongTermAssetCharges": 8540546, "totalAssets": 4550804743, "accountsPayable": 382005650, "shortLongTermDebt": 51083672, "otherCurrentLiab": 293415891, "longTermDebt": 200671227, "otherLiab": 20065198, "totalCurrentLiabilities": 1296941801, "totalLiab": 1517678226, "commonStock": 160040000, "retainedEarnings": 2746686314, "treasuryStock": 126400203, "otherStockholderEquity": 126400203, "totalStockholderEquity": 3033126517, "netTangibleAssets": 3033126517}], "maxAge": 86400}, "financialData": {"maxAge": 86400, "currentPrice": 351.95, "recommendationKey": "none", "grossProfits": 1854708044, "financialCurrency": "INR"}}}