{"NATIONALUM.BO": {"recommendationTrend": {"trend": [{"period": "0m", "strongBuy": 0, "buy": 0, "hold": 0, "sell": 0, "strongSell": 0}, {"period": "-1m", "strongBuy": 0, "buy": 0, "hold": 0, "sell": 0, "strongSell": 0}, {"period": "-2m", "strongBuy": 0, "buy": 0, "hold": 0, "sell": 0, "strongSell": 0}, {"period": "-3m", "strongBuy": 0, "buy": 0, "hold": 0, "sell": 0, "strongSell": 0}], "maxAge": 86400}, "cashflowStatementHistory": {"cashflowStatements": [{"maxAge": 1, "endDate": "2020-03-31", "netIncome": 1362300000, "depreciation": 5282200000, "changeToNetincome": -2229700000, "changeToAccountReceivables": 1004300000, "changeToLiabilities": -5053500000, "changeToInventory": -5021500000, "changeToOperatingActivities": 1154200000, "totalCashFromOperatingActivities": -3485600000, "capitalExpenditures": -8448200000, "investments": 14938000000, "otherCashflowsFromInvestingActivities": 2255000000, "totalCashflowsFromInvestingActivities": 8727200000, "dividendsPaid": -5130400000, "netBorrowings": -579300000, "otherCashflowsFromFinancingActivities": -1063200000, "totalCashFromFinancingActivities": -6772900000, "changeInCash": -1531300000}, {"maxAge": 1, "endDate": "2019-03-31", "netIncome": 17336900000, "depreciation": 4761000000, "changeToNetincome": -2699800000, "changeToAccountReceivables": 176100000, "changeToLiabilities": 3381600000, "changeToInventory": -283700000, "changeToOperatingActivities": 661200000, "totalCashFromOperatingActivities": 24088500000, "capitalExpenditures": -8586800000, "investments": 690100000, "otherCashflowsFromInvestingActivities": 2677500000, "totalCashflowsFromInvestingActivities": -5318500000, "dividendsPaid": -10328200000, "netBorrowings": 218000000, "otherCashflowsFromFinancingActivities": -2149000000, "totalCashFromFinancingActivities": -17307500000, "changeInCash": 1462500000, "repurchaseOfStock": -5048300000}, {"maxAge": 1, "endDate": "2018-03-31", "netIncome": 13421900000, "depreciation": 4784800000, "changeToNetincome": 123100000, "changeToAccountReceivables": -738800000, "changeToLiabilities": 1107500000, "changeToInventory": -546200000, "changeToOperatingActivities": -2286900000, "totalCashFromOperatingActivities": 15903300000, "capitalExpenditures": -9138500000, "investments": 2407100000, "otherCashflowsFromInvestingActivities": 2177300000, "totalCashflowsFromInvestingActivities": -4901600000, "dividendsPaid": -9084800000, "netBorrowings": -61000000, "otherCashflowsFromFinancingActivities": -1850700000, "totalCashFromFinancingActivities": -10996500000, "changeInCash": 5200000, "repurchaseOfStock": -5048300000}, {"maxAge": 1, "endDate": "2017-03-31", "netIncome": 6677200000, "depreciation": 4789400000, "changeToNetincome": -2052800000, "changeToAccountReceivables": 509600000, "changeToLiabilities": 2003100000, "changeToInventory": -1295600000, "changeToOperatingActivities": 3714300000, "totalCashFromOperatingActivities": 14359400000, "capitalExpenditures": -7579800000, "investments": 20105100000, "otherCashflowsFromInvestingActivities": 3014200000, "totalCashflowsFromInvestingActivities": 15503400000, "dividendsPaid": -6861900000, "netBorrowings": 510900000, "otherCashflowsFromFinancingActivities": -1458000000, "totalCashFromFinancingActivities": -36158700000, "changeInCash": -6295900000, "repurchaseOfStock": -28349700000}], "maxAge": 86400}, "institutionOwnership": {"ownershipList": [], "maxAge": 1}, "balanceSheetHistoryQuarterly": {"balanceSheetStatements": [{"maxAge": 1, "endDate": "2020-06-30", "totalStockholderEquity": 99865000000, "netTangibleAssets": 94267300000}, {"maxAge": 1, "endDate": "2020-03-31", "cash": 184700000, "shortTermInvestments": 13580000000, "netReceivables": 4412100000, "inventory": 16969000000, "otherCurrentAssets": 9829200000, "totalCurrentAssets": 45578000000, "longTermInvestments": 2756800000, "propertyPlantEquipment": 83517000000, "intangibleAssets": 5597700000, "otherAssets": 8031000000, "totalAssets": 145480500000, "accountsPayable": 5420900000, "otherCurrentLiab": 8441800000, "otherLiab": 17912800000, "totalCurrentLiabilities": 27200200000, "totalLiab": 45615500000, "commonStock": 9328100000, "retainedEarnings": 86978800000, "treasuryStock": 3558100000, "otherStockholderEquity": 3558100000, "totalStockholderEquity": 99865000000, "netTangibleAssets": 94267300000}, {"maxAge": 1, "endDate": "2019-12-31", "totalStockholderEquity": 102526000000, "netTangibleAssets": 98827000000}, {"maxAge": 1, "endDate": "2019-09-30", "cash": 28737100000, "shortTermInvestments": 1737100000, "netReceivables": 2724900000, "inventory": 13635400000, "otherCurrentAssets": 6220400000, "totalCurrentAssets": 53054900000, "longTermInvestments": 2668700000, "propertyPlantEquipment": 82672200000, "intangibleAssets": 3699000000, "otherAssets": 8400300000, "totalAssets": 150495100000, "accountsPayable": 8990200000, "otherCurrentLiab": 17884000000, "otherLiab": 18765100000, "totalCurrentLiabilities": 29204000000, "totalLiab": 47969100000, "commonStock": 9328100000, "treasuryStock": 93197900000, "otherStockholderEquity": 93197900000, "totalStockholderEquity": 102526000000, "netTangibleAssets": 98827000000}], "maxAge": 86400}, "earningsHistory": {"history": [{"maxAge": 1, "epsActual": -0.41, "epsEstimate": 1.4, "epsDifference": -1.81, "surprisePercent": -1.293, "quarter": "2017-12-31", "period": "-4q"}, {"maxAge": 1, "epsActual": 1.3, "epsEstimate": 1.52, "epsDifference": -0.22, "surprisePercent": -0.145, "quarter": "2018-03-31", "period": "-3q"}, {"maxAge": 1, "epsActual": 3.55, "epsEstimate": 1.8, "epsDifference": 1.75, "surprisePercent": 0.97199994, "quarter": "2018-06-30", "period": "-2q"}, {"maxAge": 1, "epsActual": 2.64, "epsEstimate": 2.58, "epsDifference": 0.06, "surprisePercent": 0.023, "quarter": "2018-09-30", "period": "-1q"}], "maxAge": 86400}, "indexTrend": {"maxAge": 1, "symbol": "SP5", "peRatio": 19.7411, "pegRatio": 1.34172, "estimates": [{"period": "0q", "growth": 0.549}, {"period": "+1q", "growth": 0.431}, {"period": "0y", "growth": 0.305}, {"period": "+1y", "growth": 0.109}, {"period": "+5y", "growth": 0.120865}, {"period": "-5y"}]}, "industryTrend": {"maxAge": 1, "symbol": null, "estimates": []}, "insiderTransactions": {"transactions": [{"maxAge": 1, "shares": 1878156, "filerUrl": "", "transactionText": "", "filerName": "ICICI Prudential Asset Management Co. Ltd", "filerRelation": "Promoter", "moneyText": "", "startDate": "2020-06-02", "ownership": "D"}, {"maxAge": 1, "shares": 9288506, "filerUrl": "", "transactionText": "", "filerName": "President of India", "filerRelation": "Promoter", "moneyText": "", "startDate": "2019-10-10", "ownership": "D"}, {"maxAge": 1, "shares": 88986323, "filerUrl": "", "transactionText": "", "filerName": "President of India", "filerRelation": "Promoter", "moneyText": "", "startDate": "2019-02-21", "ownership": "D"}, {"maxAge": 1, "shares": 239958709, "filerUrl": "", "transactionText": "", "filerName": "President of India", "filerRelation": "Promoter", "moneyText": "", "startDate": "2018-12-04", "ownership": "D"}, {"maxAge": 1, "shares": 96646444, "filerUrl": "", "transactionText": "", "filerName": "President of India", "filerRelation": "Promoter", "moneyText": "", "startDate": "2017-04-20", "ownership": "D"}, {"maxAge": 1, "shares": 644300132, "filerUrl": "", "transactionText": "", "filerName": "President of India", "filerRelation": "Promoter", "moneyText": "", "startDate": "2016-09-21", "ownership": "D"}, {"maxAge": 1, "shares": 5260, "filerUrl": "", "transactionText": "", "filerName": "Balasubramanyam (V)", "filerRelation": "Director", "moneyText": "", "startDate": "2015-01-01", "ownership": "D"}, {"maxAge": 1, "shares": 3277000, "filerUrl": "", "transactionText": "", "filerName": "President of India", "filerRelation": "Promoter", "moneyText": "", "startDate": "2014-06-30", "ownership": "D"}, {"maxAge": 1, "shares": 1600, "filerUrl": "", "transactionText": "", "filerName": "Mondal (Soma)", "filerRelation": "Director", "moneyText": "", "startDate": "2014-03-11", "ownership": "D"}, {"maxAge": 1, "shares": 52482219, "filerUrl": "", "transactionText": "", "filerName": "Life Insurance Corporation of India", "filerRelation": "Institution- Corporation", "moneyText": "", "startDate": "2013-03-19", "ownership": "D"}, {"maxAge": 1, "shares": 156938918, "filerUrl": "", "transactionText": "", "filerName": "President of India", "filerRelation": "Promoter", "moneyText": "", "startDate": "2013-03-15", "ownership": "D"}], "maxAge": 1}, "quoteType": {"exchange": "BSE", "quoteType": "EQUITY", "symbol": "NATIONALUM.BO", "underlyingSymbol": "NATIONALUM.BO", "shortName": "NATIONAL ALUMINIUM CO.LTD.", "longName": "National Aluminium Company Limited", "firstTradeDateEpochUtc": "1999-04-16 09:15:00", "timeZoneFullName": "Asia/Kolkata", "timeZoneShortName": "IST", "uuid": "87cf46e5-e414-3fa9-bbc5-e45ea5321e0c", "gmtOffSetMilliseconds": 19800000, "maxAge": 1}, "incomeStatementHistory": {"incomeStatementHistory": [{"maxAge": 1, "endDate": "2020-03-31", "totalRevenue": 84718400000, "costOfRevenue": 41700400000, "grossProfit": 43018000000, "researchDevelopment": {}, "sellingGeneralAdministrative": 19940700000, "nonRecurring": {}, "otherOperatingExpenses": 17989700000, "totalOperatingExpenses": 84929100000, "operatingIncome": -210700000, "totalOtherIncomeExpenseNet": 2453100000, "ebit": -210700000, "interestExpense": -39800000, "incomeBeforeTax": 2242400000, "incomeTaxExpense": 880100000, "minorityInterest": {}, "netIncomeFromContinuingOps": 1362300000, "discontinuedOperations": {}, "extraordinaryItems": {}, "effectOfAccountingCharges": {}, "otherItems": {}, "netIncome": 1362300000, "netIncomeApplicableToCommonShares": 1362300000}, {"maxAge": 1, "endDate": "2019-03-31", "totalRevenue": 114993200000, "costOfRevenue": 46944200000, "grossProfit": 68049000000, "researchDevelopment": {}, "sellingGeneralAdministrative": 20722800000, "nonRecurring": {}, "otherOperatingExpenses": 18205700000, "totalOperatingExpenses": 90633700000, "operatingIncome": 24359500000, "totalOtherIncomeExpenseNet": 3052600000, "ebit": 24359500000, "interestExpense": -39800000, "incomeBeforeTax": 27412100000, "incomeTaxExpense": 10075200000, "minorityInterest": {}, "netIncomeFromContinuingOps": 17336900000, "discontinuedOperations": {}, "extraordinaryItems": {}, "effectOfAccountingCharges": {}, "otherItems": {}, "netIncome": 17336900000, "netIncomeApplicableToCommonShares": 17336900000}, {"maxAge": 1, "endDate": "2018-03-31", "totalRevenue": 94893500000, "costOfRevenue": 40753500000, "grossProfit": 54140000000, "researchDevelopment": {}, "sellingGeneralAdministrative": 22668800000, "nonRecurring": {}, "otherOperatingExpenses": 17203700000, "totalOperatingExpenses": 85430000000, "operatingIncome": 9463500000, "totalOtherIncomeExpenseNet": 10922600000, "ebit": 9463500000, "interestExpense": -19500000, "incomeBeforeTax": 20386100000, "incomeTaxExpense": 6964200000, "minorityInterest": {}, "netIncomeFromContinuingOps": 13421900000, "discontinuedOperations": {}, "extraordinaryItems": {}, "effectOfAccountingCharges": {}, "otherItems": {}, "netIncome": 13421900000, "netIncomeApplicableToCommonShares": 13421900000}, {"maxAge": 1, "endDate": "2017-03-31", "totalRevenue": 75430400000, "costOfRevenue": 33009900000, "grossProfit": 42420500000, "researchDevelopment": {}, "sellingGeneralAdministrative": 15374400000, "nonRecurring": {}, "otherOperatingExpenses": 14378000000, "totalOperatingExpenses": 67565900000, "operatingIncome": 7864500000, "totalOtherIncomeExpenseNet": 1774600000, "ebit": 7864500000, "interestExpense": -26900000, "incomeBeforeTax": 9639100000, "incomeTaxExpense": 2961900000, "minorityInterest": {}, "netIncomeFromContinuingOps": 6677200000, "discontinuedOperations": {}, "extraordinaryItems": {}, "effectOfAccountingCharges": {}, "otherItems": {}, "netIncome": 6677200000, "netIncomeApplicableToCommonShares": 6677200000}], "maxAge": 86400}, "fundOwnership": {"ownershipList": [], "maxAge": 1}, "summaryDetail": {"maxAge": 1, "priceHint": 2, "previousClose": 64.75, "open": 64.15, "dayLow": 63.55, "dayHigh": 66.55, "regularMarketPreviousClose": 64.75, "regularMarketOpen": 64.15, "regularMarketDayLow": 63.55, "regularMarketDayHigh": 66.55, "trailingPE": 218.58107, "forwardPE": 16.718346, "volume": 4027555, "regularMarketVolume": 4027555, "averageVolume": 1559735, "averageVolume10days": 2386521, "averageDailyVolume10Day": 2386521, "bid": 64.45, "ask": 64.55, "bidSize": 0, "askSize": 0, "marketCap": 120705605632, "fiftyTwoWeekLow": 24.45, "fiftyTwoWeekHigh": 66.55, "fiftyDayAverage": 44.978786, "twoHundredDayAverage": 37.14118, "trailingAnnualDividendRate": 5.75, "trailingAnnualDividendYield": 0.08880309, "currency": "INR", "fromCurrency": null, "lastMarket": null, "algorithm": null, "tradeable": false}, "sectorTrend": {"maxAge": 1, "symbol": null, "estimates": []}, "incomeStatementHistoryQuarterly": {"incomeStatementHistory": [{"maxAge": 1, "endDate": "2020-06-30", "totalRevenue": 13806300000, "costOfRevenue": 5176600000, "grossProfit": 8629700000, "researchDevelopment": {}, "sellingGeneralAdministrative": 5161900000, "nonRecurring": {}, "otherOperatingExpenses": 2177100000, "totalOperatingExpenses": 13874600000, "operatingIncome": -68300000, "totalOtherIncomeExpenseNet": 315600000, "ebit": -68300000, "interestExpense": -17900000, "incomeBeforeTax": 247300000, "incomeTaxExpense": 80400000, "minorityInterest": {}, "netIncomeFromContinuingOps": 166900000, "discontinuedOperations": {}, "extraordinaryItems": {}, "effectOfAccountingCharges": {}, "otherItems": {}, "netIncome": 166900000, "netIncomeApplicableToCommonShares": 166900000}, {"maxAge": 1, "endDate": "2020-03-31", "totalRevenue": 19358600000, "costOfRevenue": 7537500000, "grossProfit": 11821100000, "researchDevelopment": {}, "sellingGeneralAdministrative": 5084900000, "nonRecurring": {}, "otherOperatingExpenses": 4457200000, "totalOperatingExpenses": 18430100000, "operatingIncome": 928500000, "totalOtherIncomeExpenseNet": 838100000, "ebit": 928500000, "interestExpense": -17900000, "incomeBeforeTax": 1766600000, "incomeTaxExpense": 761500000, "minorityInterest": {}, "netIncomeFromContinuingOps": 1005100000, "discontinuedOperations": {}, "extraordinaryItems": {}, "effectOfAccountingCharges": {}, "otherItems": {}, "netIncome": 1005100000, "netIncomeApplicableToCommonShares": 1005100000}, {"maxAge": 1, "endDate": "2019-12-31", "totalRevenue": 20883500000, "costOfRevenue": 10990500000, "grossProfit": 9893000000, "researchDevelopment": {}, "sellingGeneralAdministrative": 5045800000, "nonRecurring": {}, "otherOperatingExpenses": 4503800000, "totalOperatingExpenses": 21881400000, "operatingIncome": -997900000, "totalOtherIncomeExpenseNet": 466300000, "ebit": -997900000, "interestExpense": -16500000, "incomeBeforeTax": -531600000, "incomeTaxExpense": -192600000, "minorityInterest": {}, "netIncomeFromContinuingOps": -339000000, "discontinuedOperations": {}, "extraordinaryItems": {}, "effectOfAccountingCharges": {}, "otherItems": {}, "netIncome": -339000000, "netIncomeApplicableToCommonShares": -339000000}, {"maxAge": 1, "endDate": "2019-09-30", "totalRevenue": 23635500000, "costOfRevenue": 13708300000, "grossProfit": 9927200000, "researchDevelopment": {}, "sellingGeneralAdministrative": 4843600000, "nonRecurring": {}, "otherOperatingExpenses": 4762000000, "totalOperatingExpenses": 24656400000, "operatingIncome": -1020900000, "totalOtherIncomeExpenseNet": 550200000, "ebit": -1020900000, "interestExpense": -16400000, "incomeBeforeTax": -470700000, "incomeTaxExpense": -188200000, "minorityInterest": {}, "netIncomeFromContinuingOps": -282500000, "discontinuedOperations": {}, "extraordinaryItems": {}, "effectOfAccountingCharges": {}, "otherItems": {}, "netIncome": -282500000, "netIncomeApplicableToCommonShares": -282500000}], "maxAge": 86400}, "cashflowStatementHistoryQuarterly": {"cashflowStatements": [{"maxAge": 1, "endDate": "2020-06-30", "netIncome": 166900000, "changeToLiabilities": 0}, {"maxAge": 1, "endDate": "2020-03-31", "netIncome": 1005100000, "changeToLiabilities": 0}, {"maxAge": 1, "endDate": "2019-12-31", "netIncome": -339000000, "changeToLiabilities": 0}, {"maxAge": 1, "endDate": "2019-09-30", "netIncome": -282500000, "changeToLiabilities": 0}], "maxAge": 86400}, "insiderHolders": {"holders": [{"maxAge": 1, "name": "Balasubramanyam (V)", "relation": "Director", "url": "", "transactionDescription": "Other", "latestTransDate": "2015-01-01", "positionDirect": 0, "positionDirectDate": "2015-01-01"}, {"maxAge": 1, "name": "ICICI Prudential Asset Management Co. Ltd", "relation": "Promoter", "url": "", "transactionDescription": "Sale", "latestTransDate": "2020-06-02", "positionDirect": 90865987, "positionDirectDate": "2020-06-02"}, {"maxAge": 1, "name": "Life Insurance Corporation of India", "relation": "Institution- Corporation", "url": "", "transactionDescription": "Acquisition", "latestTransDate": "2013-03-19", "positionDirect": 182365523, "positionDirectDate": "2013-03-19"}, {"maxAge": 1, "name": "Mondal (Soma)", "relation": "Director", "url": "", "transactionDescription": "Acquisition", "latestTransDate": "2014-03-11", "positionDirect": 1600, "positionDirectDate": "2014-03-11"}, {"maxAge": 1, "name": "President of India", "relation": "Promoter", "url": "", "transactionDescription": "Sale", "latestTransDate": "2019-10-10", "positionDirect": 960793011, "positionDirectDate": "2019-10-10"}], "maxAge": 1}, "earnings": {"maxAge": 86400, "earningsChart": {"quarterly": [{"date": "4Q2017", "actual": -0.41, "estimate": 1.4}, {"date": "1Q2018", "actual": 1.3, "estimate": 1.52}, {"date": "2Q2018", "actual": 3.55, "estimate": 1.8}, {"date": "3Q2018", "actual": 2.64, "estimate": 2.58}], "currentQuarterEstimateDate": "4Q", "currentQuarterEstimateYear": 2018, "earningsDate": []}, "financialsChart": {"yearly": [{"date": 2017, "revenue": 75430400000, "earnings": 6677200000}, {"date": 2018, "revenue": 94893500000, "earnings": 13421900000}, {"date": 2019, "revenue": 114993200000, "earnings": 17336900000}, {"date": 2020, "revenue": 84718400000, "earnings": 1362300000}], "quarterly": [{"date": "3Q2019", "revenue": 23635500000, "earnings": -282500000}, {"date": "4Q2019", "revenue": 20883500000, "earnings": -339000000}, {"date": "1Q2020", "revenue": 19358600000, "earnings": 1005100000}, {"date": "2Q2020", "revenue": 13806300000, "earnings": 166900000}]}, "financialCurrency": "INR"}, "calendarEvents": {"maxAge": 1, "earnings": {"earningsDate": [], "revenueAverage": 28081000000, "revenueLow": 28081000000, "revenueHigh": 28081000000}}, "upgradeDowngradeHistory": {"history": [], "maxAge": 86400}, "price": {"maxAge": 1, "regularMarketChangePercent": -0.0007722479, "regularMarketChange": -0.05000305, "regularMarketTime": "2021-04-30 15:59:33", "priceHint": 2, "regularMarketPrice": 64.7, "regularMarketDayHigh": 66.55, "regularMarketDayLow": 63.55, "regularMarketVolume": 4027555, "averageDailyVolume10Day": 2386521, "averageDailyVolume3Month": 1559735, "regularMarketPreviousClose": 64.75, "regularMarketSource": "FREE_REALTIME", "regularMarketOpen": 64.15, "exchange": "BSE", "exchangeName": "BSE", "exchangeDataDelayedBy": 0, "marketState": "CLOSED", "quoteType": "EQUITY", "symbol": "NATIONALUM.BO", "underlyingSymbol": null, "shortName": "NATIONAL ALUMINIUM CO.LTD.", "longName": "National Aluminium Company Limited", "currency": "INR", "quoteSourceName": "Delayed Quote", "currencySymbol": "\u20b9", "fromCurrency": null, "lastMarket": null, "marketCap": 120705605632}, "balanceSheetHistory": {"balanceSheetStatements": [{"maxAge": 1, "endDate": "2020-03-31", "cash": 184700000, "shortTermInvestments": 13580000000, "netReceivables": 4412100000, "inventory": 16969000000, "otherCurrentAssets": 9829200000, "totalCurrentAssets": 45578000000, "longTermInvestments": 2756800000, "propertyPlantEquipment": 83517000000, "intangibleAssets": 5597700000, "otherAssets": 8031000000, "totalAssets": 145480500000, "accountsPayable": 5420900000, "otherCurrentLiab": 8441800000, "otherLiab": 17912800000, "totalCurrentLiabilities": 27200200000, "totalLiab": 45615500000, "commonStock": 9328100000, "retainedEarnings": 86978800000, "treasuryStock": 3558100000, "otherStockholderEquity": 3558100000, "totalStockholderEquity": 99865000000, "netTangibleAssets": 94267300000}, {"maxAge": 1, "endDate": "2019-03-31", "cash": 1716000000, "shortTermInvestments": 28800000000, "netReceivables": 5499500000, "inventory": 12100100000, "otherCurrentAssets": 6887300000, "totalCurrentAssets": 56007000000, "longTermInvestments": 1762100000, "propertyPlantEquipment": 79532800000, "intangibleAssets": 2152100000, "otherAssets": 12019900000, "totalAssets": 151473900000, "accountsPayable": 4376000000, "otherCurrentLiab": 6546400000, "otherLiab": 17573300000, "totalCurrentLiabilities": 29051200000, "totalLiab": 46624500000, "commonStock": 9328100000, "retainedEarnings": 91963200000, "treasuryStock": 3558100000, "otherStockholderEquity": 3558100000, "totalStockholderEquity": 104849400000, "netTangibleAssets": 102697300000}, {"maxAge": 1, "endDate": "2018-03-31", "cash": 253500000, "shortTermInvestments": 25868800000, "netReceivables": 4493700000, "inventory": 11940800000, "otherCurrentAssets": 6490400000, "totalCurrentAssets": 55094800000, "longTermInvestments": 1167500000, "propertyPlantEquipment": 78452100000, "intangibleAssets": 2094700000, "otherAssets": 9320300000, "totalAssets": 146129400000, "accountsPayable": 5120300000, "otherCurrentLiab": 7240600000, "otherLiab": 16680600000, "totalCurrentLiabilities": 24409300000, "totalLiab": 41089900000, "commonStock": 9664600000, "retainedEarnings": 92153300000, "treasuryStock": 3221600000, "otherStockholderEquity": 3221600000, "totalStockholderEquity": 105039500000, "netTangibleAssets": 102944800000}, {"maxAge": 1, "endDate": "2017-03-31", "cash": 248300000, "shortTermInvestments": 22606100000, "netReceivables": 2605600000, "inventory": 11559300000, "otherCurrentAssets": 7327300000, "totalCurrentAssets": 56557900000, "longTermInvestments": 389100000, "propertyPlantEquipment": 75332800000, "intangibleAssets": 1771500000, "otherAssets": 10958800000, "totalAssets": 145010100000, "accountsPayable": 6568900000, "otherCurrentLiab": 14970400000, "otherLiab": 16439300000, "totalCurrentLiabilities": 26519300000, "totalLiab": 42958600000, "commonStock": 9664600000, "retainedEarnings": 89165300000, "treasuryStock": 3221600000, "otherStockholderEquity": 3221600000, "totalStockholderEquity": 102051500000, "netTangibleAssets": 100280000000}], "maxAge": 86400}, "earningsTrend": {"trend": [{"maxAge": 1, "period": "0q", "endDate": "2018-12-31", "growth": {}, "earningsEstimate": {"avg": 0.0, "low": 0.0, "high": 0.0, "yearAgoEps": -0.41, "numberOfAnalysts": 0, "growth": {}}, "revenueEstimate": {"avg": 28081000000, "low": 28081000000, "high": 28081000000, "numberOfAnalysts": 1, "yearAgoRevenue": 23888200000, "growth": 0.176}, "epsTrend": {"current": 0.0, "7daysAgo": 0.0, "30daysAgo": 0.0, "60daysAgo": 0.0, "90daysAgo": 0.0}, "epsRevisions": {"upLast7days": 0, "upLast30days": 0, "downLast30days": 0, "downLast90days": {}}}, {"maxAge": 1, "period": "+1q", "endDate": "2019-03-31", "growth": {}, "earningsEstimate": {"avg": 0.0, "low": 0.0, "high": 0.0, "yearAgoEps": 1.3, "numberOfAnalysts": 0, "growth": {}}, "revenueEstimate": {"avg": 28628000000, "low": 28628000000, "high": 28628000000, "numberOfAnalysts": 1, "yearAgoRevenue": 28631600000, "growth": -0.0}, "epsTrend": {"current": 0.0, "7daysAgo": 0.0, "30daysAgo": 0.0, "60daysAgo": 0.0, "90daysAgo": 0.0}, "epsRevisions": {"upLast7days": 0, "upLast30days": 0, "downLast30days": 0, "downLast90days": {}}}, {"maxAge": 1, "period": "0y", "endDate": "2019-03-31", "growth": {}, "earningsEstimate": {"avg": 0.0, "low": 0.0, "high": 0.0, "yearAgoEps": {}, "numberOfAnalysts": 0, "growth": {}}, "revenueEstimate": {"avg": 110438000000, "low": 102069000000, "high": 118755000000, "numberOfAnalysts": 4, "yearAgoRevenue": 96183100000, "growth": 0.148}, "epsTrend": {"current": 0.0, "7daysAgo": 8.68, "30daysAgo": 8.68, "60daysAgo": 8.68, "90daysAgo": 8.68}, "epsRevisions": {"upLast7days": 0, "upLast30days": 0, "downLast30days": 0, "downLast90days": {}}}, {"maxAge": 1, "period": "+1y", "endDate": "2020-03-31", "growth": {}, "earningsEstimate": {"avg": 0.0, "low": 0.0, "high": 0.0, "yearAgoEps": {}, "numberOfAnalysts": 0, "growth": {}}, "revenueEstimate": {"avg": 106660000000, "low": 101149000000, "high": 111358000000, "numberOfAnalysts": 4, "yearAgoRevenue": 110438000000, "growth": -0.034}, "epsTrend": {"current": 0.0, "7daysAgo": 7.5, "30daysAgo": 7.5, "60daysAgo": 7.5, "90daysAgo": 7.5}, "epsRevisions": {"upLast7days": 0, "upLast30days": 0, "downLast30days": 0, "downLast90days": {}}}, {"maxAge": 1, "period": "+5y", "endDate": null, "growth": 0.13239999, "earningsEstimate": {"avg": {}, "low": {}, "high": {}, "yearAgoEps": {}, "numberOfAnalysts": {}, "growth": {}}, "revenueEstimate": {"avg": {}, "low": {}, "high": {}, "numberOfAnalysts": {}, "yearAgoRevenue": {}, "growth": {}}, "epsTrend": {"current": {}, "7daysAgo": {}, "30daysAgo": {}, "60daysAgo": {}, "90daysAgo": {}}, "epsRevisions": {"upLast7days": {}, "upLast30days": {}, "downLast30days": {}, "downLast90days": {}}}, {"maxAge": 1, "period": "-5y", "endDate": null, "growth": {}, "earningsEstimate": {"avg": {}, "low": {}, "high": {}, "yearAgoEps": {}, "numberOfAnalysts": {}, "growth": {}}, "revenueEstimate": {"avg": {}, "low": {}, "high": {}, "numberOfAnalysts": {}, "yearAgoRevenue": {}, "growth": {}}, "epsTrend": {"current": {}, "7daysAgo": {}, "30daysAgo": {}, "60daysAgo": {}, "90daysAgo": {}}, "epsRevisions": {"upLast7days": {}, "upLast30days": {}, "downLast30days": {}, "downLast90days": {}}}], "maxAge": 1}, "financialData": {"maxAge": 86400, "currentPrice": 64.7, "targetHighPrice": 97.0, "targetLowPrice": 54.0, "targetMeanPrice": 85.5, "targetMedianPrice": 88.5, "recommendationKey": "none", "numberOfAnalystOpinions": 10, "grossProfits": 43018000000, "financialCurrency": "INR"}}}