{"NATIONSTD.BO": {"cashflowStatementHistory": {"cashflowStatements": [{"maxAge": 1, "endDate": "2020-03-31", "netIncome": 65257000, "depreciation": 2284000, "changeToNetincome": -100083000, "changeToAccountReceivables": 27207000, "changeToLiabilities": 18404000, "changeToInventory": 8313000, "totalCashFromOperatingActivities": 21382000, "investments": -23951000, "totalCashflowsFromInvestingActivities": -5900000, "otherCashflowsFromFinancingActivities": -328000, "totalCashFromFinancingActivities": -328000, "changeInCash": 15154000}, {"maxAge": 1, "endDate": "2019-03-31", "netIncome": 47594000, "depreciation": 237000, "changeToNetincome": -147219000, "changeToAccountReceivables": 31712000, "changeToLiabilities": -16710000, "changeToInventory": 155829000, "totalCashFromOperatingActivities": 71443000, "investments": 124000, "otherCashflowsFromInvestingActivities": 113652000, "totalCashflowsFromInvestingActivities": -90367000, "otherCashflowsFromFinancingActivities": -3331000, "totalCashFromFinancingActivities": -3331000, "changeInCash": -22255000}, {"maxAge": 1, "endDate": "2018-03-31", "netIncome": 111230000, "depreciation": 204000, "changeToNetincome": -166811000, "changeToAccountReceivables": 26036000, "changeToLiabilities": -110331000, "changeToInventory": -57007000, "totalCashFromOperatingActivities": -196679000, "investments": 124000, "otherCashflowsFromInvestingActivities": 192625000, "totalCashflowsFromInvestingActivities": 1064000000, "netBorrowings": -788818000, "otherCashflowsFromFinancingActivities": -69880000, "totalCashFromFinancingActivities": -858698000, "changeInCash": 8621000}, {"maxAge": 1, "endDate": "2017-03-31", "netIncome": 414189000, "depreciation": 812000, "changeToNetincome": -199548000, "changeToAccountReceivables": 98579000, "changeToLiabilities": -566733000, "changeToInventory": 135244000, "totalCashFromOperatingActivities": -117457000, "investments": 124000, "otherCashflowsFromInvestingActivities": 173747000, "totalCashflowsFromInvestingActivities": 514049000, "netBorrowings": -354070000, "otherCashflowsFromFinancingActivities": -122927000, "totalCashFromFinancingActivities": -476997000, "changeInCash": -80405000}], "maxAge": 86400}, "institutionOwnership": {"maxAge": 1, "ownershipList": []}, "balanceSheetHistoryQuarterly": {"balanceSheetStatements": [{"maxAge": 1, "endDate": "2020-06-30", "totalStockholderEquity": 2004896000, "netTangibleAssets": 2004896000}, {"maxAge": 1, "endDate": "2020-03-31", "cash": 25235000, "shortTermInvestments": 23951000, "netReceivables": 1817639000, "inventory": 167249000, "otherCurrentAssets": 3700000, "totalCurrentAssets": 2037774000, "propertyPlantEquipment": 393000, "otherAssets": 104445000, "deferredLongTermAssetCharges": 21384000, "totalAssets": 2142612000, "accountsPayable": 13611000, "otherCurrentLiab": 101705000, "otherLiab": 12683000, "totalCurrentLiabilities": 125033000, "totalLiab": 137716000, "commonStock": 200000000, "retainedEarnings": 1802083000, "treasuryStock": 2811000, "capitalSurplus": 2000, "otherStockholderEquity": 2811000, "totalStockholderEquity": 2004896000, "netTangibleAssets": 2004896000}, {"maxAge": 1, "endDate": "2019-12-31", "totalStockholderEquity": 1957800000, "netTangibleAssets": 1957800000}, {"maxAge": 1, "endDate": "2019-09-30", "cash": 43213000, "shortTermInvestments": 58044000, "netReceivables": 1784075000, "inventory": 167442000, "totalCurrentAssets": 1994730000, "propertyPlantEquipment": 437000, "otherAssets": 131140000, "deferredLongTermAssetCharges": 21472000, "totalAssets": 2126307000, "accountsPayable": 18167000, "otherCurrentLiab": 138988000, "otherLiab": 11352000, "totalCurrentLiabilities": 157155000, "totalLiab": 168507000, "commonStock": 200000000, "treasuryStock": 1757800000, "otherStockholderEquity": 1757800000, "totalStockholderEquity": 1957800000, "netTangibleAssets": 1957800000}], "maxAge": 86400}, "indexTrend": {"maxAge": 1, "symbol": "SP5", "peRatio": 19.7411, "pegRatio": 1.34172, "estimates": [{"period": "0q", "growth": 0.549}, {"period": "+1q", "growth": 0.431}, {"period": "0y", "growth": 0.305}, {"period": "+1y", "growth": 0.109}, {"period": "+5y", "growth": 0.120859005}, {"period": "-5y"}]}, "insiderTransactions": {"transactions": [{"maxAge": 1, "shares": 11792099, "filerUrl": "", "transactionText": "", "filerName": "Anantnath Constructions & Farms Pvt Ltd", "filerRelation": "Institution- Corporation", "moneyText": "", "startDate": "2011-05-19", "ownership": "D"}, {"maxAge": 1, "shares": 2996000, "filerUrl": "", "transactionText": "", "filerName": "Anantnath Constructions & Farms Pvt Ltd", "filerRelation": "Institution- Corporation", "moneyText": "", "startDate": "2010-05-17", "ownership": "D"}, {"maxAge": 1, "shares": 2996000, "filerUrl": "", "transactionText": "", "filerName": "Avaya Holdings & Trading Pvt Ltd", "filerRelation": "Institution- Corporation", "moneyText": "", "startDate": "2010-05-17", "ownership": "D"}, {"maxAge": 1, "shares": 490000, "filerUrl": "", "transactionText": "", "filerName": "Shinh (Gurpreet Kaur)", "filerRelation": "UNREPORTED", "moneyText": "", "startDate": "2010-05-17", "ownership": "D"}], "maxAge": 1}, "quoteType": {"exchange": "BSE", "quoteType": "EQUITY", "symbol": "NATIONSTD.BO", "underlyingSymbol": "NATIONSTD.BO", "shortName": "NATIONAL STANDARD (INDIA) LTD.", "longName": "National Standard (India) Limited", "firstTradeDateEpochUtc": "2011-11-18 09:15:00", "timeZoneFullName": "Asia/Kolkata", "timeZoneShortName": "IST", "uuid": "1381cd49-d072-36c6-8201-162073f42802", "messageBoardId": null, "gmtOffSetMilliseconds": 19800000, "maxAge": 1}, "incomeStatementHistory": {"incomeStatementHistory": [{"maxAge": 1, "endDate": "2020-03-31", "totalRevenue": 53880000, "costOfRevenue": 38198000, "grossProfit": 15682000, "researchDevelopment": {}, "sellingGeneralAdministrative": 798000, "nonRecurring": {}, "otherOperatingExpenses": 22850000, "totalOperatingExpenses": 64130000, "operatingIncome": -10250000, "totalOtherIncomeExpenseNet": 93135000, "ebit": -10250000, "interestExpense": -1321000, "incomeBeforeTax": 82885000, "incomeTaxExpense": 17628000, "minorityInterest": {}, "netIncomeFromContinuingOps": 65257000, "discontinuedOperations": {}, "extraordinaryItems": {}, "effectOfAccountingCharges": {}, "otherItems": {}, "netIncome": 65257000, "netIncomeApplicableToCommonShares": 65257000}, {"maxAge": 1, "endDate": "2019-03-31", "totalRevenue": 138221000, "costOfRevenue": 160301000, "grossProfit": -22080000, "researchDevelopment": {}, "sellingGeneralAdministrative": 15552000, "nonRecurring": {}, "otherOperatingExpenses": 6993000, "totalOperatingExpenses": 183083000, "operatingIncome": -44862000, "totalOtherIncomeExpenseNet": 104945000, "ebit": -44862000, "interestExpense": -2896000, "incomeBeforeTax": 60083000, "incomeTaxExpense": 12489000, "minorityInterest": {}, "netIncomeFromContinuingOps": 47594000, "discontinuedOperations": {}, "extraordinaryItems": {}, "effectOfAccountingCharges": {}, "otherItems": {}, "netIncome": 47594000, "netIncomeApplicableToCommonShares": 47594000}, {"maxAge": 1, "endDate": "2018-03-31", "totalRevenue": 354861000, "costOfRevenue": 194490000, "grossProfit": 160371000, "researchDevelopment": {}, "sellingGeneralAdministrative": 18479000, "nonRecurring": {}, "otherOperatingExpenses": 29834000, "totalOperatingExpenses": 243007000, "operatingIncome": 111854000, "totalOtherIncomeExpenseNet": 60039000, "ebit": 111854000, "interestExpense": -53654000, "incomeBeforeTax": 171893000, "incomeTaxExpense": 60663000, "minorityInterest": {}, "netIncomeFromContinuingOps": 111230000, "discontinuedOperations": {}, "extraordinaryItems": {}, "effectOfAccountingCharges": {}, "otherItems": {}, "netIncome": 111230000, "netIncomeApplicableToCommonShares": 111230000}, {"maxAge": 1, "endDate": "2017-03-31", "totalRevenue": 1113352000, "costOfRevenue": 409792000, "grossProfit": 703560000, "researchDevelopment": {}, "sellingGeneralAdministrative": 36449000, "nonRecurring": {}, "otherOperatingExpenses": 33349000, "totalOperatingExpenses": 480402000, "operatingIncome": 632950000, "totalOtherIncomeExpenseNet": 83806000, "ebit": 632950000, "interestExpense": -106591000, "incomeBeforeTax": 716756000, "incomeTaxExpense": 302567000, "minorityInterest": {}, "netIncomeFromContinuingOps": 414189000, "discontinuedOperations": {}, "extraordinaryItems": {}, "effectOfAccountingCharges": {}, "otherItems": {}, "netIncome": 414189000, "netIncomeApplicableToCommonShares": 414189000}], "maxAge": 86400}, "fundOwnership": {"maxAge": 1, "ownershipList": []}, "summaryDetail": {"maxAge": 1, "priceHint": 2, "previousClose": 564.45, "open": 536.3, "dayLow": 536.25, "dayHigh": 592.6, "regularMarketPreviousClose": 564.45, "regularMarketOpen": 536.3, "regularMarketDayLow": 536.25, "regularMarketDayHigh": 592.6, "trailingPE": 132.71252, "volume": 154, "regularMarketVolume": 154, "averageVolume": 42, "averageVolume10days": 44, "averageDailyVolume10Day": 44, "bid": 541.0, "ask": 591.95, "bidSize": 0, "askSize": 0, "marketCap": 11614999552, "fiftyTwoWeekLow": 44.95, "fiftyTwoWeekHigh": 777.85, "fiftyDayAverage": 530.3229, "twoHundredDayAverage": 482.80948, "currency": "INR", "fromCurrency": null, "toCurrency": null, "lastMarket": null, "algorithm": null, "tradeable": false}, "incomeStatementHistoryQuarterly": {"incomeStatementHistory": [{"maxAge": 1, "endDate": "2020-06-30", "totalRevenue": 3967000, "costOfRevenue": 0, "grossProfit": 3967000, "researchDevelopment": {}, "sellingGeneralAdministrative": 69000, "nonRecurring": {}, "otherOperatingExpenses": 4983000, "totalOperatingExpenses": 5654000, "operatingIncome": -1687000, "totalOtherIncomeExpenseNet": 24058000, "ebit": -1687000, "interestExpense": -695000, "incomeBeforeTax": 22371000, "incomeTaxExpense": 6358000, "minorityInterest": {}, "netIncomeFromContinuingOps": 16013000, "discontinuedOperations": {}, "extraordinaryItems": {}, "effectOfAccountingCharges": {}, "otherItems": {}, "netIncome": 16013000, "netIncomeApplicableToCommonShares": 16013000}, {"maxAge": 1, "endDate": "2020-03-31", "totalRevenue": 12586000, "costOfRevenue": 30032000, "grossProfit": -17446000, "researchDevelopment": {}, "sellingGeneralAdministrative": 282000, "nonRecurring": {}, "otherOperatingExpenses": -29503000, "totalOperatingExpenses": 1445000, "operatingIncome": 11141000, "totalOtherIncomeExpenseNet": 7326000, "ebit": 11141000, "interestExpense": -314000, "incomeBeforeTax": 18467000, "incomeTaxExpense": -6470000, "minorityInterest": {}, "netIncomeFromContinuingOps": 24937000, "discontinuedOperations": {}, "extraordinaryItems": {}, "effectOfAccountingCharges": {}, "otherItems": {}, "netIncome": 24937000, "netIncomeApplicableToCommonShares": 24937000}, {"maxAge": 1, "endDate": "2019-12-31", "totalRevenue": 6100000, "costOfRevenue": 47000, "grossProfit": 6053000, "researchDevelopment": {}, "sellingGeneralAdministrative": 153000, "nonRecurring": {}, "otherOperatingExpenses": 2972000, "totalOperatingExpenses": 3807000, "operatingIncome": 2293000, "totalOtherIncomeExpenseNet": 27320000, "ebit": 2293000, "interestExpense": -688000, "incomeBeforeTax": 29613000, "incomeTaxExpense": 7454000, "minorityInterest": {}, "netIncomeFromContinuingOps": 22159000, "discontinuedOperations": {}, "extraordinaryItems": {}, "effectOfAccountingCharges": {}, "otherItems": {}, "netIncome": 22159000, "netIncomeApplicableToCommonShares": 22159000}, {"maxAge": 1, "endDate": "2019-09-30", "totalRevenue": 29834000, "costOfRevenue": 7494000, "grossProfit": 22340000, "researchDevelopment": {}, "sellingGeneralAdministrative": 181000, "nonRecurring": {}, "otherOperatingExpenses": 8836000, "totalOperatingExpenses": 17019000, "operatingIncome": 12815000, "totalOtherIncomeExpenseNet": 29567000, "ebit": 12815000, "interestExpense": -319000, "incomeBeforeTax": 42382000, "incomeTaxExpense": 18152000, "minorityInterest": {}, "netIncomeFromContinuingOps": 24230000, "discontinuedOperations": {}, "extraordinaryItems": {}, "effectOfAccountingCharges": {}, "otherItems": {}, "netIncome": 24230000, "netIncomeApplicableToCommonShares": 24230000}], "maxAge": 86400}, "cashflowStatementHistoryQuarterly": {"cashflowStatements": [{"maxAge": 1, "endDate": "2020-06-30", "netIncome": 16013000, "changeToLiabilities": 0}, {"maxAge": 1, "endDate": "2020-03-31", "netIncome": 24937000, "changeToLiabilities": 0}, {"maxAge": 1, "endDate": "2019-12-31", "netIncome": 22159000, "changeToLiabilities": 0}, {"maxAge": 1, "endDate": "2019-09-30", "netIncome": 24230000, "changeToLiabilities": 0}], "maxAge": 86400}, "insiderHolders": {"holders": [{"maxAge": 1, "name": "Anantnath Constructions & Farms Pvt Ltd", "relation": "Institution- Corporation", "url": "", "transactionDescription": "Acquisition", "latestTransDate": "2011-05-19", "positionDirect": 14788099, "positionDirectDate": "2011-05-19"}, {"maxAge": 1, "name": "Avaya Holdings & Trading Pvt Ltd", "relation": "Institution- Corporation", "url": "", "transactionDescription": "Sale", "latestTransDate": "2010-05-17", "positionDirect": 0, "positionDirectDate": "2010-05-17"}, {"maxAge": 1, "name": "Shinh (Gurpreet Kaur)", "relation": "UNREPORTED", "url": "", "transactionDescription": "Sale", "latestTransDate": "2010-05-17", "positionDirect": 1360282, "positionDirectDate": "2010-05-17"}], "maxAge": 1}, "calendarEvents": {"maxAge": 1, "earnings": {"earningsDate": []}}, "price": {"maxAge": 1, "regularMarketChangePercent": 0.028877644, "regularMarketChange": 16.299988, "regularMarketTime": "2021-04-30 15:11:50", "priceHint": 2, "regularMarketPrice": 580.75, "regularMarketDayHigh": 592.6, "regularMarketDayLow": 536.25, "regularMarketVolume": 154, "averageDailyVolume10Day": 44, "averageDailyVolume3Month": 42, "regularMarketPreviousClose": 564.45, "regularMarketSource": "FREE_REALTIME", "regularMarketOpen": 536.3, "exchange": "BSE", "exchangeName": "BSE", "exchangeDataDelayedBy": 0, "marketState": "CLOSED", "quoteType": "EQUITY", "symbol": "NATIONSTD.BO", "underlyingSymbol": null, "shortName": "NATIONAL STANDARD (INDIA) LTD.", "longName": "National Standard (India) Limited", "currency": "INR", "quoteSourceName": "Delayed Quote", "currencySymbol": "\u20b9", "fromCurrency": null, "toCurrency": null, "lastMarket": null, "marketCap": 11614999552}, "balanceSheetHistory": {"balanceSheetStatements": [{"maxAge": 1, "endDate": "2020-03-31", "cash": 25235000, "shortTermInvestments": 23951000, "netReceivables": 1817639000, "inventory": 167249000, "otherCurrentAssets": 3700000, "totalCurrentAssets": 2037774000, "propertyPlantEquipment": 393000, "otherAssets": 104445000, "deferredLongTermAssetCharges": 21384000, "totalAssets": 2142612000, "accountsPayable": 13611000, "otherCurrentLiab": 101705000, "otherLiab": 12683000, "totalCurrentLiabilities": 125033000, "totalLiab": 137716000, "commonStock": 200000000, "retainedEarnings": 1802083000, "treasuryStock": 2811000, "capitalSurplus": 2000, "otherStockholderEquity": 2811000, "totalStockholderEquity": 2004896000, "netTangibleAssets": 2004896000}, {"maxAge": 1, "endDate": "2019-03-31", "cash": 10081000, "shortTermInvestments": 96042000, "netReceivables": 1770251000, "inventory": 186002000, "totalCurrentAssets": 1966334000, "propertyPlantEquipment": 480000, "otherAssets": 92627000, "deferredLongTermAssetCharges": 20113000, "totalAssets": 2059441000, "accountsPayable": 17479000, "otherCurrentLiab": 82116000, "otherLiab": 10459000, "totalCurrentLiabilities": 109343000, "totalLiab": 119802000, "commonStock": 200000000, "retainedEarnings": 1736826000, "treasuryStock": 2811000, "capitalSurplus": 2000, "otherStockholderEquity": 2811000, "totalStockholderEquity": 1939639000, "netTangibleAssets": 1939639000}, {"maxAge": 1, "endDate": "2018-03-31", "cash": 32336000, "netReceivables": 1614739000, "inventory": 381736000, "otherCurrentAssets": 1758000, "totalCurrentAssets": 2030569000, "propertyPlantEquipment": 789000, "otherAssets": 20031000, "deferredLongTermAssetCharges": 2575000, "totalAssets": 2051389000, "accountsPayable": 65539000, "otherCurrentLiab": 89435000, "totalCurrentLiabilities": 159344000, "totalLiab": 159344000, "commonStock": 200000000, "retainedEarnings": 1689232000, "treasuryStock": 2811000, "capitalSurplus": 2000, "otherStockholderEquity": 2811000, "totalStockholderEquity": 1892045000, "netTangibleAssets": 1892045000}, {"maxAge": 1, "endDate": "2017-03-31", "cash": 23715000, "shortTermInvestments": 105000, "netReceivables": 2597185000, "inventory": 324729000, "otherCurrentAssets": 13282000, "totalCurrentAssets": 2959016000, "propertyPlantEquipment": 1062000, "otherAssets": 3366000, "deferredLongTermAssetCharges": 3366000, "totalAssets": 2963444000, "accountsPayable": 58751000, "otherCurrentLiab": 270180000, "totalCurrentLiabilities": 1182628000, "totalLiab": 1182628000, "commonStock": 200000000, "retainedEarnings": 1578002000, "treasuryStock": 2812000, "capitalSurplus": 2000, "otherStockholderEquity": 2812000, "totalStockholderEquity": 1780816000, "netTangibleAssets": 1780816000}], "maxAge": 86400}, "financialData": {"maxAge": 86400, "currentPrice": 580.75, "recommendationKey": "none", "grossProfits": 15682000, "financialCurrency": "INR"}}}