{"NATPLASTI.BO": {"cashflowStatementHistory": {"cashflowStatements": [{"maxAge": 1, "endDate": "2020-03-31", "netIncome": 23235852, "depreciation": 23096012, "changeToNetincome": 30522348, "changeToAccountReceivables": 19287400, "changeToLiabilities": 26340707, "changeToInventory": -41861810, "changeToOperatingActivities": -3225863, "totalCashFromOperatingActivities": 77394646, "capitalExpenditures": -41837886, "otherCashflowsFromInvestingActivities": 1281995, "totalCashflowsFromInvestingActivities": -40356391, "netBorrowings": -6238478, "otherCashflowsFromFinancingActivities": -35278062, "totalCashFromFinancingActivities": -41516540, "changeInCash": -4478285}, {"maxAge": 1, "endDate": "2019-03-31", "netIncome": 17605304, "depreciation": 18366472, "changeToNetincome": 20995685, "changeToAccountReceivables": -7416519, "changeToLiabilities": 2112629, "changeToInventory": -24594818, "changeToOperatingActivities": 7580110, "totalCashFromOperatingActivities": 34648863, "capitalExpenditures": -131111175, "investments": -1300, "otherCashflowsFromInvestingActivities": 1501402, "totalCashflowsFromInvestingActivities": -125388632, "netBorrowings": 126235928, "otherCashflowsFromFinancingActivities": -29249758, "totalCashFromFinancingActivities": 96986170, "changeInCash": 6246401}, {"maxAge": 1, "endDate": "2018-03-31", "netIncome": 8467974, "depreciation": 15328297, "changeToNetincome": 10894031, "changeToAccountReceivables": 42191283, "changeToLiabilities": -18909688, "changeToInventory": -11025545, "changeToOperatingActivities": -33480229, "totalCashFromOperatingActivities": 13466123, "capitalExpenditures": -47321802, "investments": 26600, "otherCashflowsFromInvestingActivities": 1316023, "totalCashflowsFromInvestingActivities": -45979179, "netBorrowings": 50405688, "otherCashflowsFromFinancingActivities": -17896033, "totalCashFromFinancingActivities": 32509655, "changeInCash": -3401}, {"maxAge": 1, "endDate": "2017-03-31", "netIncome": 6856555, "depreciation": 14217963, "changeToNetincome": 20258671, "changeToAccountReceivables": 36177496, "changeToLiabilities": -13755528, "changeToInventory": -3229847, "changeToOperatingActivities": -3159838, "totalCashFromOperatingActivities": 57365472, "capitalExpenditures": -14144507, "investments": -177000, "otherCashflowsFromInvestingActivities": 2953285, "totalCashflowsFromInvestingActivities": -10040722, "netBorrowings": -28233053, "otherCashflowsFromFinancingActivities": -19637359, "totalCashFromFinancingActivities": -47870412, "changeInCash": -545662}], "maxAge": 86400}, "institutionOwnership": {"maxAge": 1, "ownershipList": []}, "balanceSheetHistoryQuarterly": {"balanceSheetStatements": [{"maxAge": 1, "endDate": "2020-06-30", "totalStockholderEquity": 245048000, "netTangibleAssets": 244643000}, {"maxAge": 1, "endDate": "2020-03-31", "cash": 1972629, "shortTermInvestments": 6419179, "netReceivables": 133828002, "inventory": 170320862, "otherCurrentAssets": 69111460, "totalCurrentAssets": 381652132, "longTermInvestments": 1517, "propertyPlantEquipment": 369701584, "intangibleAssets": 405714, "otherAssets": 4208556, "totalAssets": 755969503, "accountsPayable": 83838893, "shortLongTermDebt": 41190615, "otherCurrentLiab": 1893217, "longTermDebt": 93494383, "otherLiab": 53270837, "totalCurrentLiabilities": 364156403, "totalLiab": 510921623, "commonStock": 60783300, "retainedEarnings": 185678533, "treasuryStock": -3053953, "capitalSurplus": 1640000, "otherStockholderEquity": -3053953, "totalStockholderEquity": 245047880, "netTangibleAssets": 244642166}, {"maxAge": 1, "endDate": "2019-12-31", "totalStockholderEquity": 233394000, "netTangibleAssets": 232973000}, {"maxAge": 1, "endDate": "2019-09-30", "cash": 8529000, "netReceivables": 181646000, "inventory": 135387000, "otherCurrentAssets": 81279000, "totalCurrentAssets": 406841000, "longTermInvestments": 2000, "propertyPlantEquipment": 373551000, "intangibleAssets": 421000, "otherAssets": 3646000, "totalAssets": 784461000, "accountsPayable": 105111000, "shortLongTermDebt": 267215000, "otherCurrentLiab": 16795000, "longTermDebt": 107212000, "otherLiab": 45819000, "totalCurrentLiabilities": 398036000, "totalLiab": 551067000, "commonStock": 60783000, "treasuryStock": 172611000, "otherStockholderEquity": 172611000, "totalStockholderEquity": 233394000, "netTangibleAssets": 232973000}], "maxAge": 86400}, "indexTrend": {"maxAge": 1, "symbol": "SP5", "peRatio": 19.7411, "pegRatio": 1.34172, "estimates": [{"period": "0q", "growth": 0.549}, {"period": "+1q", "growth": 0.431}, {"period": "0y", "growth": 0.305}, {"period": "+1y", "growth": 0.109}, {"period": "+5y", "growth": 0.120859005}, {"period": "-5y"}]}, "insiderTransactions": {"transactions": [{"maxAge": 1, "shares": 23594, "filerUrl": "", "transactionText": "", "filerName": "Parakh (Arihant)", "filerRelation": "Promoter", "moneyText": "", "startDate": "2017-03-16", "ownership": "D"}, {"maxAge": 1, "shares": 58747, "filerUrl": "", "transactionText": "", "filerName": "Parakh (Arihant)", "filerRelation": "Promoter", "moneyText": "", "startDate": "2017-01-09", "ownership": "D"}, {"maxAge": 1, "shares": 36757, "filerUrl": "", "transactionText": "", "filerName": "Parakh (Sudershan)", "filerRelation": "Managing Director", "moneyText": "", "startDate": "2016-10-25", "ownership": "D"}, {"maxAge": 1, "shares": 148621, "filerUrl": "", "transactionText": "", "filerName": "Parakh (Sudershan)", "filerRelation": "Managing Director", "moneyText": "", "startDate": "2016-03-23", "ownership": "D"}, {"maxAge": 1, "shares": 27423, "filerUrl": "", "transactionText": "", "filerName": "Parakh (Arihant)", "filerRelation": "Promoter", "moneyText": "", "startDate": "2015-03-31", "ownership": "D"}, {"maxAge": 1, "shares": 47482, "filerUrl": "", "transactionText": "", "filerName": "Parakh (Sudershan)", "filerRelation": "Managing Director", "moneyText": "", "startDate": "2015-02-28", "ownership": "D"}, {"maxAge": 1, "shares": 11800, "filerUrl": "", "transactionText": "", "filerName": "Parakh (Arihant)", "filerRelation": "Promoter", "moneyText": "", "startDate": "2015-01-04", "ownership": "D"}, {"maxAge": 1, "shares": 17762, "filerUrl": "", "transactionText": "", "filerName": "Parakh (Arihant)", "filerRelation": "Promoter", "moneyText": "", "startDate": "2014-12-21", "ownership": "D"}, {"maxAge": 1, "shares": 25360, "filerUrl": "", "transactionText": "", "filerName": "Parakh (Arihant)", "filerRelation": "Promoter", "moneyText": "", "startDate": "2014-10-04", "ownership": "D"}, {"maxAge": 1, "shares": 25008, "filerUrl": "", "transactionText": "", "filerName": "Parakh (Sudershan)", "filerRelation": "Managing Director", "moneyText": "", "startDate": "2014-07-09", "ownership": "D"}, {"maxAge": 1, "shares": 23532, "filerUrl": "", "transactionText": "", "filerName": "Parakh (Sudershan)", "filerRelation": "Managing Director", "moneyText": "", "startDate": "2014-03-28", "ownership": "D"}, {"maxAge": 1, "shares": 50874, "filerUrl": "", "transactionText": "", "filerName": "Parakh (Sudershan)", "filerRelation": "Managing Director", "moneyText": "", "startDate": "2014-03-21", "ownership": "D"}, {"maxAge": 1, "shares": 1000, "filerUrl": "", "transactionText": "", "filerName": "Parakh (Sudershan)", "filerRelation": "Managing Director", "moneyText": "", "startDate": "2014-03-18", "ownership": "D"}, {"maxAge": 1, "shares": 27097, "filerUrl": "", "transactionText": "", "filerName": "Parakh (Sudershan)", "filerRelation": "Managing Director", "moneyText": "", "startDate": "2014-03-14", "ownership": "D"}, {"maxAge": 1, "shares": 25177, "filerUrl": "", "transactionText": "", "filerName": "Parakh (Sudershan)", "filerRelation": "Managing Director", "moneyText": "", "startDate": "2013-05-28", "ownership": "D"}, {"maxAge": 1, "shares": 60000, "filerUrl": "", "transactionText": "", "filerName": "National Polyplast India Ltd.", "filerRelation": "Promoter", "moneyText": "", "startDate": "2012-10-04", "ownership": "D"}, {"maxAge": 1, "shares": 60000, "filerUrl": "", "transactionText": "", "filerName": "Parakh (Sudershan)", "filerRelation": "Managing Director", "moneyText": "", "startDate": "2012-10-04", "ownership": "D"}, {"maxAge": 1, "shares": 20973, "filerUrl": "", "transactionText": "", "filerName": "Parakh (Sudershan)", "filerRelation": "Managing Director", "moneyText": "", "startDate": "2012-09-21", "ownership": "D"}, {"maxAge": 1, "shares": 25738, "filerUrl": "", "transactionText": "", "filerName": "Parakh (Sudershan)", "filerRelation": "Managing Director", "moneyText": "", "startDate": "2012-07-05", "ownership": "D"}, {"maxAge": 1, "shares": 51419, "filerUrl": "", "transactionText": "", "filerName": "Parakh (Sudershan)", "filerRelation": "Managing Director", "moneyText": "", "startDate": "2012-03-30", "ownership": "D"}, {"maxAge": 1, "shares": 6713, "filerUrl": "", "transactionText": "", "filerName": "Parakh (Sudershan)", "filerRelation": "Managing Director", "moneyText": "", "startDate": "2012-02-21", "ownership": "D"}, {"maxAge": 1, "shares": 7181, "filerUrl": "", "transactionText": "", "filerName": "Parakh (Sudershan)", "filerRelation": "Managing Director", "moneyText": "", "startDate": "2012-02-07", "ownership": "D"}, {"maxAge": 1, "shares": 17872, "filerUrl": "", "transactionText": "", "filerName": "Parakh (Sudershan)", "filerRelation": "Managing Director", "moneyText": "", "startDate": "2012-01-19", "ownership": "D"}, {"maxAge": 1, "shares": 30362, "filerUrl": "", "transactionText": "", "filerName": "Parakh (Sudershan)", "filerRelation": "Managing Director", "moneyText": "", "startDate": "2011-02-14", "ownership": "D"}, {"maxAge": 1, "shares": 5177, "filerUrl": "", "transactionText": "", "filerName": "Parakh (Sudershan)", "filerRelation": "Managing Director", "moneyText": "", "startDate": "2010-07-15", "ownership": "D"}, {"maxAge": 1, "shares": 32481, "filerUrl": "", "transactionText": "", "filerName": "Parakh (Sudershan)", "filerRelation": "Managing Director", "moneyText": "", "startDate": "2010-07-02", "ownership": "D"}, {"maxAge": 1, "shares": 10000, "filerUrl": "", "transactionText": "", "filerName": "Parakh (Sudershan)", "filerRelation": "Managing Director", "moneyText": "", "startDate": "2010-03-31", "ownership": "D"}, {"maxAge": 1, "shares": 182228, "filerUrl": "", "transactionText": "", "filerName": "Parakh (Sudershan)", "filerRelation": "Managing Director", "moneyText": "", "startDate": "2010-03-31", "ownership": "D"}, {"maxAge": 1, "shares": 3297, "filerUrl": "", "transactionText": "", "filerName": "Parakh (Sudershan)", "filerRelation": "Managing Director", "moneyText": "", "startDate": "2010-02-26", "ownership": "D"}, {"maxAge": 1, "shares": 8645, "filerUrl": "", "transactionText": "", "filerName": "Parakh (Sudershan)", "filerRelation": "Managing Director", "moneyText": "", "startDate": "2009-08-19", "ownership": "D"}, {"maxAge": 1, "shares": 8646, "filerUrl": "", "transactionText": "", "filerName": "Parakh (Sudershan)", "filerRelation": "Managing Director", "moneyText": "", "startDate": "2009-07-29", "ownership": "D"}, {"maxAge": 1, "shares": 4731, "filerUrl": "", "transactionText": "", "filerName": "Parakh (Sudershan)", "filerRelation": "Managing Director", "moneyText": "", "startDate": "2009-06-26", "ownership": "D"}, {"maxAge": 1, "shares": 70431, "filerUrl": "", "transactionText": "", "filerName": "Parakh (Sudershan)", "filerRelation": "Managing Director", "moneyText": "", "startDate": "2009-05-29", "ownership": "D"}], "maxAge": 1}, "quoteType": {"exchange": "BSE", "quoteType": "EQUITY", "symbol": "NATPLASTI.BO", "underlyingSymbol": "NATPLASTI.BO", "shortName": "NATIONAL PLASTIC TECHNOLOGIES", "longName": "National Plastic Technologies Limited", "firstTradeDateEpochUtc": "2002-05-09 09:15:00", "timeZoneFullName": "Asia/Kolkata", "timeZoneShortName": "IST", "uuid": "6e6e841f-d1af-391e-ab76-19dc22a243e9", "messageBoardId": null, "gmtOffSetMilliseconds": 19800000, "maxAge": 1}, "incomeStatementHistory": {"incomeStatementHistory": [{"maxAge": 1, "endDate": "2020-03-31", "totalRevenue": 880574191, "costOfRevenue": 616171351, "grossProfit": 264402840, "researchDevelopment": {}, "sellingGeneralAdministrative": 77342523, "nonRecurring": {}, "otherOperatingExpenses": 95671188, "totalOperatingExpenses": 815002204, "operatingIncome": 65571987, "totalOtherIncomeExpenseNet": -35704435, "ebit": 65571987, "interestExpense": -34197586, "incomeBeforeTax": 29867552, "incomeTaxExpense": 6631700, "minorityInterest": {}, "netIncomeFromContinuingOps": 23235852, "discontinuedOperations": {}, "extraordinaryItems": {}, "effectOfAccountingCharges": {}, "otherItems": {}, "netIncome": 23235852, "netIncomeApplicableToCommonShares": 23235852}, {"maxAge": 1, "endDate": "2019-03-31", "totalRevenue": 777562246, "costOfRevenue": 566371482, "grossProfit": 211190764, "researchDevelopment": {}, "sellingGeneralAdministrative": 61292235, "nonRecurring": {}, "otherOperatingExpenses": 86081000, "totalOperatingExpenses": 732111189, "operatingIncome": 45451057, "totalOtherIncomeExpenseNet": -29776028, "ebit": 45451057, "interestExpense": -26770537, "incomeBeforeTax": 15675029, "incomeTaxExpense": -1930275, "minorityInterest": {}, "netIncomeFromContinuingOps": 17605304, "discontinuedOperations": {}, "extraordinaryItems": {}, "effectOfAccountingCharges": {}, "otherItems": {}, "netIncome": 17605304, "netIncomeApplicableToCommonShares": 17605304}, {"maxAge": 1, "endDate": "2018-03-31", "totalRevenue": 653148929, "costOfRevenue": 463168447, "grossProfit": 189980482, "researchDevelopment": {}, "sellingGeneralAdministrative": 52430697, "nonRecurring": {}, "otherOperatingExpenses": 88593556, "totalOperatingExpenses": 619520997, "operatingIncome": 33627932, "totalOtherIncomeExpenseNet": -20394548, "ebit": 33627932, "interestExpense": -17896033, "incomeBeforeTax": 13233384, "incomeTaxExpense": 4765410, "minorityInterest": {}, "netIncomeFromContinuingOps": 8467974, "discontinuedOperations": {}, "extraordinaryItems": {}, "effectOfAccountingCharges": {}, "otherItems": {}, "netIncome": 8467974, "netIncomeApplicableToCommonShares": 8467974}, {"maxAge": 1, "endDate": "2017-03-31", "totalRevenue": 656173127, "costOfRevenue": 459260705, "grossProfit": 196912422, "researchDevelopment": {}, "sellingGeneralAdministrative": 57409746, "nonRecurring": {}, "otherOperatingExpenses": 100941268, "totalOperatingExpenses": 631831266, "operatingIncome": 24341861, "totalOtherIncomeExpenseNet": -16661171, "ebit": 24341861, "interestExpense": -19637359, "incomeBeforeTax": 7680690, "incomeTaxExpense": 824135, "minorityInterest": {}, "netIncomeFromContinuingOps": 6856555, "discontinuedOperations": {}, "extraordinaryItems": {}, "effectOfAccountingCharges": {}, "otherItems": {}, "netIncome": 6856555, "netIncomeApplicableToCommonShares": 6856555}], "maxAge": 86400}, "fundOwnership": {"maxAge": 1, "ownershipList": []}, "summaryDetail": {"maxAge": 1, "priceHint": 2, "previousClose": 37.0, "open": 37.0, "dayLow": 36.9, "dayHigh": 38.9, "regularMarketPreviousClose": 37.0, "regularMarketOpen": 37.0, "regularMarketDayLow": 36.9, "regularMarketDayHigh": 38.9, "trailingPE": 63.076927, "volume": 5390, "regularMarketVolume": 5390, "averageVolume": 3014, "averageVolume10days": 9365, "averageDailyVolume10Day": 9365, "bid": 36.3, "ask": 36.9, "bidSize": 0, "askSize": 0, "marketCap": 224290384, "fiftyTwoWeekLow": 25.2, "fiftyTwoWeekHigh": 45.15, "fiftyDayAverage": 29.46, "twoHundredDayAverage": 29.865694, "currency": "INR", "fromCurrency": null, "toCurrency": null, "lastMarket": null, "algorithm": null, "tradeable": false}, "incomeStatementHistoryQuarterly": {"incomeStatementHistory": [{"maxAge": 1, "endDate": "2020-06-30", "totalRevenue": 58043000, "costOfRevenue": 40857000, "grossProfit": 17186000, "researchDevelopment": {}, "sellingGeneralAdministrative": 10646000, "nonRecurring": {}, "otherOperatingExpenses": 7519000, "totalOperatingExpenses": 64974000, "operatingIncome": -6931000, "totalOtherIncomeExpenseNet": -7815000, "ebit": -6931000, "interestExpense": -7815000, "incomeBeforeTax": -14746000, "incomeTaxExpense": 0, "minorityInterest": {}, "netIncomeFromContinuingOps": -14746000, "discontinuedOperations": {}, "extraordinaryItems": {}, "effectOfAccountingCharges": {}, "otherItems": {}, "netIncome": -14746000, "netIncomeApplicableToCommonShares": -14746000}, {"maxAge": 1, "endDate": "2020-03-31", "totalRevenue": 176908191, "costOfRevenue": 103279351, "grossProfit": 73628840, "researchDevelopment": {}, "sellingGeneralAdministrative": 21022523, "nonRecurring": {}, "otherOperatingExpenses": 22031188, "totalOperatingExpenses": 155219204, "operatingIncome": 21688987, "totalOtherIncomeExpenseNet": -7937435, "ebit": 21688987, "interestExpense": -6430586, "incomeBeforeTax": 13751552, "incomeTaxExpense": 5431700, "minorityInterest": {}, "netIncomeFromContinuingOps": 8319852, "discontinuedOperations": {}, "extraordinaryItems": {}, "effectOfAccountingCharges": {}, "otherItems": {}, "netIncome": 8319852, "netIncomeApplicableToCommonShares": 8319852}, {"maxAge": 1, "endDate": "2019-12-31", "totalRevenue": 188195000, "costOfRevenue": 129952000, "grossProfit": 58243000, "researchDevelopment": {}, "sellingGeneralAdministrative": 21000000, "nonRecurring": {}, "otherOperatingExpenses": 15785000, "totalOperatingExpenses": 172634000, "operatingIncome": 15561000, "totalOtherIncomeExpenseNet": -10322000, "ebit": 15561000, "interestExpense": -10322000, "incomeBeforeTax": 5239000, "incomeTaxExpense": 1200000, "minorityInterest": {}, "netIncomeFromContinuingOps": 4039000, "discontinuedOperations": {}, "extraordinaryItems": {}, "effectOfAccountingCharges": {}, "otherItems": {}, "netIncome": 4039000, "netIncomeApplicableToCommonShares": 4039000}, {"maxAge": 1, "endDate": "2019-09-30", "totalRevenue": 250277000, "costOfRevenue": 180678000, "grossProfit": 69599000, "researchDevelopment": {}, "sellingGeneralAdministrative": 18308000, "nonRecurring": {}, "otherOperatingExpenses": 31100000, "totalOperatingExpenses": 235809000, "operatingIncome": 14468000, "totalOtherIncomeExpenseNet": -8533000, "ebit": 14468000, "interestExpense": -8533000, "incomeBeforeTax": 5935000, "incomeTaxExpense": 0, "minorityInterest": {}, "netIncomeFromContinuingOps": 5935000, "discontinuedOperations": {}, "extraordinaryItems": {}, "effectOfAccountingCharges": {}, "otherItems": {}, "netIncome": 5935000, "netIncomeApplicableToCommonShares": 5935000}], "maxAge": 86400}, "cashflowStatementHistoryQuarterly": {"cashflowStatements": [{"maxAge": 1, "endDate": "2020-06-30", "netIncome": -14746000, "changeToLiabilities": 0}, {"maxAge": 1, "endDate": "2020-03-31", "netIncome": 8319852, "changeToLiabilities": 0}, {"maxAge": 1, "endDate": "2019-12-31", "netIncome": 4039000, "changeToLiabilities": 0}, {"maxAge": 1, "endDate": "2019-09-30", "netIncome": 5935000, "changeToLiabilities": 0}], "maxAge": 86400}, "insiderHolders": {"holders": [{"maxAge": 1, "name": "National Polyplast India Ltd.", "relation": "Promoter", "url": "", "transactionDescription": "Sale", "latestTransDate": "2012-10-04", "positionDirect": 600000, "positionDirectDate": "2012-10-04"}, {"maxAge": 1, "name": "Parakh (Arihant)", "relation": "Promoter", "url": "", "transactionDescription": "Acquisition", "latestTransDate": "2017-03-16", "positionDirect": 570937, "positionDirectDate": "2017-03-16"}, {"maxAge": 1, "name": "Parakh (Sudershan)", "relation": "Managing Director", "url": "", "transactionDescription": "Acquisition", "latestTransDate": "2016-10-25", "positionDirect": 1522505, "positionDirectDate": "2016-10-25"}], "maxAge": 1}, "calendarEvents": {"maxAge": 1, "earnings": {"earningsDate": []}}, "price": {"maxAge": 1, "regularMarketChangePercent": -0.0027026616, "regularMarketChange": -0.099998474, "regularMarketTime": "2021-04-30 15:27:36", "priceHint": 2, "regularMarketPrice": 36.9, "regularMarketDayHigh": 38.9, "regularMarketDayLow": 36.9, "regularMarketVolume": 5390, "averageDailyVolume10Day": 9365, "averageDailyVolume3Month": 3014, "regularMarketPreviousClose": 37.0, "regularMarketSource": "FREE_REALTIME", "regularMarketOpen": 37.0, "exchange": "BSE", "exchangeName": "BSE", "exchangeDataDelayedBy": 0, "marketState": "CLOSED", "quoteType": "EQUITY", "symbol": "NATPLASTI.BO", "underlyingSymbol": null, "shortName": "NATIONAL PLASTIC TECHNOLOGIES", "longName": "National Plastic Technologies Limited", "currency": "INR", "quoteSourceName": "Delayed Quote", "currencySymbol": "\u20b9", "fromCurrency": null, "toCurrency": null, "lastMarket": null, "marketCap": 224290384}, "balanceSheetHistory": {"balanceSheetStatements": [{"maxAge": 1, "endDate": "2020-03-31", "cash": 1972629, "shortTermInvestments": 6419179, "netReceivables": 133828002, "inventory": 170320862, "otherCurrentAssets": 69111460, "totalCurrentAssets": 381652132, "longTermInvestments": 1517, "propertyPlantEquipment": 369701584, "intangibleAssets": 405714, "otherAssets": 4208556, "totalAssets": 755969503, "accountsPayable": 83838893, "shortLongTermDebt": 41190615, "otherCurrentLiab": 1893217, "longTermDebt": 93494383, "otherLiab": 53270837, "totalCurrentLiabilities": 364156403, "totalLiab": 510921623, "commonStock": 60783300, "retainedEarnings": 185678533, "treasuryStock": -3053953, "capitalSurplus": 1640000, "otherStockholderEquity": -3053953, "totalStockholderEquity": 245047880, "netTangibleAssets": 244642166}, {"maxAge": 1, "endDate": "2019-03-31", "cash": 6450914, "shortTermInvestments": 2530503, "netReceivables": 153837335, "inventory": 128459052, "otherCurrentAssets": 60747824, "totalCurrentAssets": 352025628, "longTermInvestments": 1517, "propertyPlantEquipment": 351114127, "intangibleAssets": 435640, "otherAssets": 3639133, "totalAssets": 707216045, "accountsPayable": 57498186, "shortLongTermDebt": 26963503, "otherCurrentLiab": 234545, "longTermDebt": 98149515, "otherLiab": 45418643, "totalCurrentLiabilities": 341130659, "totalLiab": 484698817, "commonStock": 60783300, "retainedEarnings": 162442681, "treasuryStock": -2348753, "capitalSurplus": 1640000, "otherStockholderEquity": -2348753, "totalStockholderEquity": 222517228, "netTangibleAssets": 222081588}, {"maxAge": 1, "endDate": "2018-03-31", "cash": 204513, "shortTermInvestments": 2335340, "netReceivables": 145756472, "inventory": 103864234, "otherCurrentAssets": 91436114, "totalCurrentAssets": 343596673, "longTermInvestments": 1504, "propertyPlantEquipment": 242289567, "intangibleAssets": 365064, "otherAssets": 5920620, "totalAssets": 592173428, "accountsPayable": 55385557, "shortLongTermDebt": 11813217, "otherCurrentLiab": 24498487, "longTermDebt": 56263366, "otherLiab": 70500686, "totalCurrentLiabilities": 260054701, "totalLiab": 386818753, "commonStock": 60783300, "retainedEarnings": 144837377, "treasuryStock": -1906002, "capitalSurplus": 1640000, "otherStockholderEquity": -1906002, "totalStockholderEquity": 205354675, "netTangibleAssets": 204989611}, {"maxAge": 1, "endDate": "2017-03-31", "cash": 207914, "shortTermInvestments": 5112509, "netReceivables": 185873837, "inventory": 92838689, "otherCurrentAssets": 42664999, "totalCurrentAssets": 326697948, "longTermInvestments": 1770, "propertyPlantEquipment": 210096717, "intangibleAssets": 566070, "otherAssets": 6732799, "totalAssets": 544095304, "accountsPayable": 74295245, "shortLongTermDebt": 8400000, "otherCurrentLiab": 10394329, "longTermDebt": 47021355, "otherLiab": 73512616, "totalCurrentLiabilities": 225326736, "totalLiab": 345860707, "commonStock": 60783300, "retainedEarnings": 136369403, "treasuryStock": -558106, "capitalSurplus": 1640000, "otherStockholderEquity": -558106, "totalStockholderEquity": 198234597, "netTangibleAssets": 197668527}], "maxAge": 86400}, "financialData": {"maxAge": 86400, "currentPrice": 36.9, "recommendationKey": "none", "grossProfits": 264402840, "financialCurrency": "INR"}}}