{"NATPEROX.BO": {"recommendationTrend": {"trend": [{"period": "0m", "strongBuy": 0, "buy": 0, "hold": 0, "sell": 0, "strongSell": 0}, {"period": "-1m", "strongBuy": 0, "buy": 0, "hold": 0, "sell": 0, "strongSell": 0}, {"period": "-2m", "strongBuy": 0, "buy": 0, "hold": 0, "sell": 0, "strongSell": 0}, {"period": "-3m", "strongBuy": 0, "buy": 0, "hold": 0, "sell": 0, "strongSell": 0}], "maxAge": 86400}, "cashflowStatementHistory": {"cashflowStatements": [{"maxAge": 1, "endDate": "2020-03-31", "netIncome": 179156000, "depreciation": 110289000, "changeToNetincome": -129632000, "changeToAccountReceivables": -19565000, "changeToLiabilities": -51686000, "changeToInventory": 74041000, "changeToOperatingActivities": -3508000, "totalCashFromOperatingActivities": 161089000, "capitalExpenditures": -974993000, "investments": -879114000, "otherCashflowsFromInvestingActivities": 476556000, "totalCashflowsFromInvestingActivities": -388039000, "dividendsPaid": -449273000, "netBorrowings": 724173000, "otherCashflowsFromFinancingActivities": -133636000, "totalCashFromFinancingActivities": 141264000, "changeInCash": -85686000}, {"maxAge": 1, "endDate": "2019-03-31", "netIncome": 1537968000, "depreciation": 92315000, "changeToNetincome": -147432000, "changeToAccountReceivables": 226566000, "changeToLiabilities": 39638000, "changeToInventory": -170793000, "changeToOperatingActivities": -97844000, "totalCashFromOperatingActivities": 1480418000, "capitalExpenditures": -780849000, "investments": 634005000, "otherCashflowsFromInvestingActivities": 395602000, "totalCashflowsFromInvestingActivities": -1751242000, "dividendsPaid": -448963000, "netBorrowings": 802900000, "otherCashflowsFromFinancingActivities": -7309000, "totalCashFromFinancingActivities": 346628000, "changeInCash": 75804000}, {"maxAge": 1, "endDate": "2018-03-31", "netIncome": 958371000, "depreciation": 91916000, "changeToNetincome": 17655000, "changeToAccountReceivables": -204641000, "changeToLiabilities": 10357000, "changeToInventory": -36198000, "changeToOperatingActivities": 109688000, "totalCashFromOperatingActivities": 947148000, "capitalExpenditures": -109511000, "investments": -188418000, "otherCashflowsFromInvestingActivities": -269930000, "totalCashflowsFromInvestingActivities": -563721000, "dividendsPaid": -234094000, "netBorrowings": -110533000, "otherCashflowsFromFinancingActivities": -7518000, "totalCashFromFinancingActivities": -352145000, "changeInCash": 31282000}, {"maxAge": 1, "endDate": "2017-03-31", "netIncome": 386351000, "depreciation": 89273000, "changeToNetincome": 130468000, "changeToAccountReceivables": -5077000, "changeToLiabilities": 29061000, "changeToInventory": 30033000, "changeToOperatingActivities": -62769000, "totalCashFromOperatingActivities": 597340000, "capitalExpenditures": -67716000, "investments": -456230000, "otherCashflowsFromInvestingActivities": 197044000, "totalCashflowsFromInvestingActivities": -326860000, "dividendsPaid": -57483000, "netBorrowings": -192777000, "otherCashflowsFromFinancingActivities": -32106000, "totalCashFromFinancingActivities": -282366000, "changeInCash": -11886000}], "maxAge": 86400}, "institutionOwnership": {"maxAge": 1, "ownershipList": []}, "balanceSheetHistoryQuarterly": {"balanceSheetStatements": [{"maxAge": 1, "endDate": "2020-06-30", "totalStockholderEquity": 8021027000, "netTangibleAssets": 8012525000}, {"maxAge": 1, "endDate": "2020-03-31", "cash": 22213000, "netReceivables": 1448168000, "inventory": 244022000, "otherCurrentAssets": 75745000, "totalCurrentAssets": 1861617000, "longTermInvestments": 4923986000, "propertyPlantEquipment": 3715403000, "intangibleAssets": 8502000, "otherAssets": 71678000, "totalAssets": 10581186000, "accountsPayable": 186751000, "shortLongTermDebt": 1567083000, "otherCurrentLiab": 267715000, "otherLiab": 421316000, "totalCurrentLiabilities": 2138464000, "totalLiab": 2560159000, "commonStock": 57470000, "retainedEarnings": 4092199000, "treasuryStock": 3871358000, "otherStockholderEquity": 3871358000, "totalStockholderEquity": 8021027000, "netTangibleAssets": 8012525000}, {"maxAge": 1, "endDate": "2019-12-31", "totalStockholderEquity": 10729077000, "netTangibleAssets": 10729077000}, {"maxAge": 1, "endDate": "2019-09-30", "cash": 214540000, "shortTermInvestments": 28411000, "netReceivables": 1360433000, "inventory": 359241000, "otherCurrentAssets": 52439000, "totalCurrentAssets": 2015064000, "longTermInvestments": 7637787000, "propertyPlantEquipment": 3270833000, "otherAssets": 113756000, "totalAssets": 13037440000, "accountsPayable": 146032000, "otherCurrentLiab": 184673000, "longTermDebt": 1503910000, "otherLiab": 444827000, "totalCurrentLiabilities": 359626000, "totalLiab": 2308363000, "commonStock": 57470000, "treasuryStock": 10671607000, "otherStockholderEquity": 10671607000, "totalStockholderEquity": 10729077000, "netTangibleAssets": 10729077000}], "maxAge": 86400}, "earningsHistory": {"history": [{"maxAge": 1, "epsActual": {}, "epsEstimate": {}, "epsDifference": {}, "surprisePercent": {}, "quarter": {}, "period": "-4q"}, {"maxAge": 1, "epsActual": {}, "epsEstimate": {}, "epsDifference": {}, "surprisePercent": {}, "quarter": {}, "period": "-3q"}, {"maxAge": 1, "epsActual": 20.47, "epsEstimate": 15.85, "epsDifference": 4.62, "surprisePercent": 0.291, "quarter": "2017-03-31", "period": "-2q"}, {"maxAge": 1, "epsActual": 36.05, "epsEstimate": 25.77, "epsDifference": 10.28, "surprisePercent": 0.39900002, "quarter": "2017-12-31", "period": "-1q"}], "maxAge": 86400}, "indexTrend": {"maxAge": 1, "symbol": "SP5", "peRatio": 19.7411, "pegRatio": 1.34172, "estimates": [{"period": "0q", "growth": 0.549}, {"period": "+1q", "growth": 0.431}, {"period": "0y", "growth": 0.305}, {"period": "+1y", "growth": 0.109}, {"period": "+5y", "growth": 0.120859005}, {"period": "-5y"}]}, "industryTrend": {"maxAge": 1, "symbol": null, "estimates": []}, "insiderTransactions": {"transactions": [{"maxAge": 1, "shares": 224000, "value": 6701228, "filerUrl": "", "transactionText": "Other at price 29.92 per share.", "filerName": "Bombay Dyeing & Manufacturing Co. Ltd.", "filerRelation": "Promoter", "moneyText": "", "startDate": "2020-08-28", "ownership": "D"}, {"maxAge": 1, "shares": 1500, "filerUrl": "", "transactionText": "", "filerName": "Wadia (Ness N)", "filerRelation": "Non Executive Chairman", "moneyText": "", "startDate": "2018-11-22", "ownership": "D"}, {"maxAge": 1, "shares": 900, "filerUrl": "", "transactionText": "", "filerName": "Wadia (Ness N)", "filerRelation": "Non Executive Chairman", "moneyText": "", "startDate": "2018-11-21", "ownership": "D"}, {"maxAge": 1, "shares": 300, "filerUrl": "", "transactionText": "", "filerName": "Wadia (Ness N)", "filerRelation": "Non Executive Chairman", "moneyText": "", "startDate": "2018-11-20", "ownership": "D"}, {"maxAge": 1, "shares": 250, "filerUrl": "", "transactionText": "", "filerName": "Wadia (Ness N)", "filerRelation": "Non Executive Chairman", "moneyText": "", "startDate": "2018-11-19", "ownership": "D"}, {"maxAge": 1, "shares": 500, "filerUrl": "", "transactionText": "", "filerName": "Wadia (Ness N)", "filerRelation": "Non Executive Chairman", "moneyText": "", "startDate": "2018-11-12", "ownership": "D"}, {"maxAge": 1, "shares": 300, "filerUrl": "", "transactionText": "", "filerName": "Wadia (Ness N)", "filerRelation": "Non Executive Chairman", "moneyText": "", "startDate": "2018-11-07", "ownership": "D"}, {"maxAge": 1, "shares": 300, "filerUrl": "", "transactionText": "", "filerName": "Wadia (Ness N)", "filerRelation": "Non Executive Chairman", "moneyText": "", "startDate": "2018-11-06", "ownership": "D"}, {"maxAge": 1, "shares": 550, "filerUrl": "", "transactionText": "", "filerName": "Wadia (Ness N)", "filerRelation": "Non Executive Chairman", "moneyText": "", "startDate": "2018-11-05", "ownership": "D"}], "maxAge": 1}, "quoteType": {"exchange": "BSE", "quoteType": "EQUITY", "symbol": "NATPEROX.BO", "underlyingSymbol": "NATPEROX.BO", "shortName": "NATIONAL PEROXIDE LTD.", "longName": "National Peroxide Limited", "firstTradeDateEpochUtc": "2002-07-01 09:15:00", "timeZoneFullName": "Asia/Kolkata", "timeZoneShortName": "IST", "uuid": "a2cadc14-ff17-3dd5-b23b-8dc954c6878d", "messageBoardId": null, "gmtOffSetMilliseconds": 19800000, "maxAge": 1}, "incomeStatementHistory": {"incomeStatementHistory": [{"maxAge": 1, "endDate": "2020-03-31", "totalRevenue": 1912301000, "costOfRevenue": 1158319000, "grossProfit": 753982000, "researchDevelopment": {}, "sellingGeneralAdministrative": 265716000, "nonRecurring": {}, "otherOperatingExpenses": 232535000, "totalOperatingExpenses": 1768853000, "operatingIncome": 143448000, "totalOtherIncomeExpenseNet": 152142000, "ebit": 143448000, "interestExpense": -27368000, "incomeBeforeTax": 295590000, "incomeTaxExpense": 116434000, "minorityInterest": {}, "netIncomeFromContinuingOps": 179156000, "discontinuedOperations": {}, "extraordinaryItems": {}, "effectOfAccountingCharges": {}, "otherItems": {}, "netIncome": 179156000, "netIncomeApplicableToCommonShares": 179156000}, {"maxAge": 1, "endDate": "2019-03-31", "totalRevenue": 4022796000, "costOfRevenue": 1252858000, "grossProfit": 2769938000, "researchDevelopment": {}, "sellingGeneralAdministrative": 240689000, "nonRecurring": {}, "otherOperatingExpenses": 260518000, "totalOperatingExpenses": 1846380000, "operatingIncome": 2176416000, "totalOtherIncomeExpenseNet": 183776000, "ebit": 2176416000, "interestExpense": -7309000, "incomeBeforeTax": 2360192000, "incomeTaxExpense": 822224000, "minorityInterest": {}, "netIncomeFromContinuingOps": 1537968000, "discontinuedOperations": {}, "extraordinaryItems": {}, "effectOfAccountingCharges": {}, "otherItems": {}, "netIncome": 1537968000, "netIncomeApplicableToCommonShares": 1537968000}, {"maxAge": 1, "endDate": "2018-03-31", "totalRevenue": 3063069000, "costOfRevenue": 1144768000, "grossProfit": 1918301000, "researchDevelopment": {}, "sellingGeneralAdministrative": 230941000, "nonRecurring": {}, "otherOperatingExpenses": 232599000, "totalOperatingExpenses": 1700224000, "operatingIncome": 1362845000, "totalOtherIncomeExpenseNet": 106902000, "ebit": 1362845000, "interestExpense": -5059000, "incomeBeforeTax": 1469747000, "incomeTaxExpense": 511376000, "minorityInterest": {}, "netIncomeFromContinuingOps": 958371000, "discontinuedOperations": {}, "extraordinaryItems": {}, "effectOfAccountingCharges": {}, "otherItems": {}, "netIncome": 958371000, "netIncomeApplicableToCommonShares": 958371000}, {"maxAge": 1, "endDate": "2017-03-31", "totalRevenue": 2330903000, "costOfRevenue": 682915000, "grossProfit": 1647988000, "researchDevelopment": {}, "sellingGeneralAdministrative": 239342000, "nonRecurring": {}, "otherOperatingExpenses": 704032000, "totalOperatingExpenses": 1715562000, "operatingIncome": 615341000, "totalOtherIncomeExpenseNet": -37112000, "ebit": 615341000, "interestExpense": -22104000, "incomeBeforeTax": 578229000, "incomeTaxExpense": 191878000, "minorityInterest": {}, "netIncomeFromContinuingOps": 386351000, "discontinuedOperations": {}, "extraordinaryItems": {}, "effectOfAccountingCharges": {}, "otherItems": {}, "netIncome": 386351000, "netIncomeApplicableToCommonShares": 386351000}], "maxAge": 86400}, "fundOwnership": {"maxAge": 1, "ownershipList": []}, "summaryDetail": {"maxAge": 1, "priceHint": 2, "previousClose": 2620.7, "open": 2590.0, "dayLow": 2451.0, "dayHigh": 2649.0, "regularMarketPreviousClose": 2620.7, "regularMarketOpen": 2590.0, "regularMarketDayLow": 2451.0, "regularMarketDayHigh": 2649.0, "trailingPE": 953.1874, "forwardPE": 15.144915, "volume": 19469, "regularMarketVolume": 19469, "averageVolume": 5603, "averageVolume10days": 5269, "averageDailyVolume10Day": 5269, "bid": 2475.5, "ask": 2482.1, "bidSize": 0, "askSize": 0, "marketCap": 14264629248, "fiftyTwoWeekLow": 821.35, "fiftyTwoWeekHigh": 2649.0, "fiftyDayAverage": 1979.0914, "twoHundredDayAverage": 1983.3037, "trailingAnnualDividendRate": 12.5, "trailingAnnualDividendYield": 0.0047697183, "currency": "INR", "fromCurrency": null, "toCurrency": null, "lastMarket": null, "algorithm": null, "tradeable": false}, "sectorTrend": {"maxAge": 1, "symbol": null, "estimates": []}, "incomeStatementHistoryQuarterly": {"incomeStatementHistory": [{"maxAge": 1, "endDate": "2020-06-30", "totalRevenue": 304624000, "costOfRevenue": 167773000, "grossProfit": 136851000, "researchDevelopment": {}, "sellingGeneralAdministrative": 55315000, "nonRecurring": {}, "otherOperatingExpenses": 59582000, "totalOperatingExpenses": 326788000, "operatingIncome": -22164000, "totalOtherIncomeExpenseNet": -6039000, "ebit": -22164000, "interestExpense": -33900000, "incomeBeforeTax": -28203000, "incomeTaxExpense": -10326000, "minorityInterest": {}, "netIncomeFromContinuingOps": -17877000, "discontinuedOperations": {}, "extraordinaryItems": {}, "effectOfAccountingCharges": {}, "otherItems": {}, "netIncome": -17877000, "netIncomeApplicableToCommonShares": -17877000}, {"maxAge": 1, "endDate": "2020-03-31", "totalRevenue": 475001000, "costOfRevenue": 299635000, "grossProfit": 175366000, "researchDevelopment": {}, "sellingGeneralAdministrative": 57996000, "nonRecurring": {}, "otherOperatingExpenses": 24042000, "totalOperatingExpenses": 419498000, "operatingIncome": 55503000, "totalOtherIncomeExpenseNet": 5333000, "ebit": 55503000, "interestExpense": -22552000, "incomeBeforeTax": 60836000, "incomeTaxExpense": 30458000, "minorityInterest": {}, "netIncomeFromContinuingOps": 30378000, "discontinuedOperations": {}, "extraordinaryItems": {}, "effectOfAccountingCharges": {}, "otherItems": {}, "netIncome": 30378000, "netIncomeApplicableToCommonShares": 30378000}, {"maxAge": 1, "endDate": "2019-12-31", "totalRevenue": 317654000, "costOfRevenue": 242558000, "grossProfit": 75096000, "researchDevelopment": {}, "sellingGeneralAdministrative": 68622000, "nonRecurring": {}, "otherOperatingExpenses": 87040000, "totalOperatingExpenses": 422570000, "operatingIncome": -104916000, "totalOtherIncomeExpenseNet": 28023000, "ebit": -104916000, "interestExpense": -593000, "incomeBeforeTax": -76893000, "incomeTaxExpense": -21544000, "minorityInterest": {}, "netIncomeFromContinuingOps": -55349000, "discontinuedOperations": {}, "extraordinaryItems": {}, "effectOfAccountingCharges": {}, "otherItems": {}, "netIncome": -55349000, "netIncomeApplicableToCommonShares": -55349000}, {"maxAge": 1, "endDate": "2019-09-30", "totalRevenue": 547853000, "costOfRevenue": 353426000, "grossProfit": 194427000, "researchDevelopment": {}, "sellingGeneralAdministrative": 75382000, "nonRecurring": {}, "otherOperatingExpenses": 59700000, "totalOperatingExpenses": 514352000, "operatingIncome": 33501000, "totalOtherIncomeExpenseNet": 59881000, "ebit": 33501000, "interestExpense": -593000, "incomeBeforeTax": 93382000, "incomeTaxExpense": 35567000, "minorityInterest": {}, "netIncomeFromContinuingOps": 57815000, "discontinuedOperations": {}, "extraordinaryItems": {}, "effectOfAccountingCharges": {}, "otherItems": {}, "netIncome": 57815000, "netIncomeApplicableToCommonShares": 57815000}], "maxAge": 86400}, "cashflowStatementHistoryQuarterly": {"cashflowStatements": [{"maxAge": 1, "endDate": "2020-06-30", "netIncome": -17877000, "changeToLiabilities": 0}, {"maxAge": 1, "endDate": "2020-03-31", "netIncome": 30378000, "changeToLiabilities": 0}, {"maxAge": 1, "endDate": "2019-12-31", "netIncome": -55349000, "changeToLiabilities": 0}, {"maxAge": 1, "endDate": "2019-09-30", "netIncome": 57815000, "changeToLiabilities": 0}], "maxAge": 86400}, "insiderHolders": {"holders": [{"maxAge": 1, "name": "Bombay Dyeing & Manufacturing Co. Ltd.", "relation": "Promoter", "url": "", "transactionDescription": "Other", "latestTransDate": "2020-08-28", "positionDirect": 61000, "positionDirectDate": "2020-08-28"}, {"maxAge": 1, "name": "Wadia (Ness N)", "relation": "Non Executive Chairman", "url": "", "transactionDescription": "Acquisition", "latestTransDate": "2018-11-22", "positionDirect": 4600, "positionDirectDate": "2018-11-22"}], "maxAge": 1}, "earnings": {"maxAge": 86400, "earningsChart": {"quarterly": [{"date": "1Q2017", "actual": 20.47, "estimate": 15.85}, {"date": "4Q2017", "actual": 36.05, "estimate": 25.77}], "currentQuarterEstimateDate": "1Q", "currentQuarterEstimateYear": 2018, "earningsDate": []}, "financialsChart": {"yearly": [{"date": 2017, "revenue": 2330903000, "earnings": 386351000}, {"date": 2018, "revenue": 3063069000, "earnings": 958371000}, {"date": 2019, "revenue": 4022796000, "earnings": 1537968000}, {"date": 2020, "revenue": 1912301000, "earnings": 179156000}], "quarterly": [{"date": "3Q2019", "revenue": 547853000, "earnings": 57815000}, {"date": "4Q2019", "revenue": 317654000, "earnings": -55349000}, {"date": "1Q2020", "revenue": 475001000, "earnings": 30378000}, {"date": "2Q2020", "revenue": 304624000, "earnings": -17877000}]}, "financialCurrency": "INR"}, "calendarEvents": {"maxAge": 1, "earnings": {"earningsDate": [], "revenueAverage": 1005440000}}, "price": {"maxAge": 1, "regularMarketChangePercent": -0.052886583, "regularMarketChange": -138.59985, "regularMarketTime": "2021-04-30 15:59:32", "priceHint": 2, "regularMarketPrice": 2482.1, "regularMarketDayHigh": 2649.0, "regularMarketDayLow": 2451.0, "regularMarketVolume": 19469, "averageDailyVolume10Day": 5269, "averageDailyVolume3Month": 5603, "regularMarketPreviousClose": 2620.7, "regularMarketSource": "FREE_REALTIME", "regularMarketOpen": 2590.0, "exchange": "BSE", "exchangeName": "BSE", "exchangeDataDelayedBy": 0, "marketState": "CLOSED", "quoteType": "EQUITY", "symbol": "NATPEROX.BO", "underlyingSymbol": null, "shortName": "NATIONAL PEROXIDE LTD.", "longName": "National Peroxide Limited", "currency": "INR", "quoteSourceName": "Delayed Quote", "currencySymbol": "\u20b9", "fromCurrency": null, "toCurrency": null, "lastMarket": null, "marketCap": 14264629248}, "balanceSheetHistory": {"balanceSheetStatements": [{"maxAge": 1, "endDate": "2020-03-31", "cash": 22213000, "netReceivables": 1448168000, "inventory": 244022000, "otherCurrentAssets": 75745000, "totalCurrentAssets": 1861617000, "longTermInvestments": 4923986000, "propertyPlantEquipment": 3715403000, "intangibleAssets": 8502000, "otherAssets": 71678000, "totalAssets": 10581186000, "accountsPayable": 186751000, "shortLongTermDebt": 1567083000, "otherCurrentLiab": 267715000, "otherLiab": 421316000, "totalCurrentLiabilities": 2138464000, "totalLiab": 2560159000, "commonStock": 57470000, "retainedEarnings": 4092199000, "treasuryStock": 3871358000, "otherStockholderEquity": 3871358000, "totalStockholderEquity": 8021027000, "netTangibleAssets": 8012525000}, {"maxAge": 1, "endDate": "2019-03-31", "cash": 107899000, "netReceivables": 2704279000, "inventory": 318063000, "otherCurrentAssets": 95658000, "totalCurrentAssets": 3328384000, "longTermInvestments": 7426326000, "propertyPlantEquipment": 2411508000, "otherAssets": 251713000, "totalAssets": 13417931000, "accountsPayable": 239858000, "otherCurrentLiab": 162050000, "longTermDebt": 746216000, "otherLiab": 348482000, "totalCurrentLiabilities": 585380000, "totalLiab": 1680078000, "commonStock": 57470000, "retainedEarnings": 4363012000, "treasuryStock": 7317371000, "otherStockholderEquity": 7317371000, "totalStockholderEquity": 11737853000, "netTangibleAssets": 11737853000}, {"maxAge": 1, "endDate": "2018-03-31", "cash": 32095000, "netReceivables": 1189101000, "inventory": 147270000, "otherCurrentAssets": 18104000, "totalCurrentAssets": 2096786000, "longTermInvestments": 6912468000, "propertyPlantEquipment": 1752923000, "otherAssets": 165540000, "totalAssets": 10927717000, "accountsPayable": 202703000, "otherCurrentLiab": 43020000, "otherLiab": 365136000, "totalCurrentLiabilities": 394012000, "totalLiab": 759148000, "commonStock": 57470000, "retainedEarnings": 3275162000, "treasuryStock": 6835937000, "otherStockholderEquity": 6835937000, "totalStockholderEquity": 10168569000, "netTangibleAssets": 10168569000}, {"maxAge": 1, "endDate": "2017-03-31", "cash": 813000, "netReceivables": 643909000, "inventory": 111072000, "otherCurrentAssets": 24097000, "totalCurrentAssets": 1289172000, "longTermInvestments": 4874104000, "propertyPlantEquipment": 1801626000, "otherAssets": 109039000, "totalAssets": 8073941000, "accountsPayable": 192346000, "shortLongTermDebt": 99930000, "otherCurrentLiab": 17467000, "otherLiab": 274448000, "totalCurrentLiabilities": 383608000, "totalLiab": 658056000, "commonStock": 57470000, "retainedEarnings": 2550933000, "treasuryStock": 4807482000, "otherStockholderEquity": 4807482000, "totalStockholderEquity": 7415885000, "netTangibleAssets": 7415885000}], "maxAge": 86400}, "earningsTrend": {"trend": [{"maxAge": 1, "period": "0q", "endDate": "2018-03-31", "growth": {}, "earningsEstimate": {"avg": 0.0, "low": 0.0, "high": 0.0, "yearAgoEps": {}, "numberOfAnalysts": 0, "growth": {}}, "revenueEstimate": {"avg": 1005440000, "low": 0, "high": 0, "numberOfAnalysts": 0, "yearAgoRevenue": 675447000, "growth": 0.48900002}, "epsTrend": {"current": 0.0, "7daysAgo": 0.0, "30daysAgo": 0.0, "60daysAgo": 0.0, "90daysAgo": 0.0}, "epsRevisions": {"upLast7days": 0, "upLast30days": 0, "downLast30days": 0, "downLast90days": {}}}, {"maxAge": 1, "period": "+1q", "endDate": "2018-06-30", "growth": {}, "earningsEstimate": {"avg": 0.0, "low": 0.0, "high": 0.0, "yearAgoEps": {}, "numberOfAnalysts": 0, "growth": {}}, "revenueEstimate": {"avg": 1078450000, "low": 0, "high": 0, "numberOfAnalysts": 0, "yearAgoRevenue": 787696000, "growth": 0.36900002}, "epsTrend": {"current": 0.0, "7daysAgo": 0.0, "30daysAgo": 0.0, "60daysAgo": 0.0, "90daysAgo": 0.0}, "epsRevisions": {"upLast7days": 0, "upLast30days": 0, "downLast30days": 0, "downLast90days": {}}}, {"maxAge": 1, "period": "0y", "endDate": "2018-03-31", "growth": {}, "earningsEstimate": {"avg": 0.0, "low": 0.0, "high": 0.0, "yearAgoEps": {}, "numberOfAnalysts": 0, "growth": {}}, "revenueEstimate": {"avg": 3018780000, "low": 2887030000, "high": 2887030000, "numberOfAnalysts": 1, "yearAgoRevenue": 2554560000, "growth": 0.18200001}, "epsTrend": {"current": 0.0, "7daysAgo": 138.61, "30daysAgo": 138.61, "60daysAgo": 138.61, "90daysAgo": 138.61}, "epsRevisions": {"upLast7days": 0, "upLast30days": 0, "downLast30days": 0, "downLast90days": {}}}, {"maxAge": 1, "period": "+1y", "endDate": "2019-03-31", "growth": {}, "earningsEstimate": {"avg": 0.0, "low": 0.0, "high": 0.0, "yearAgoEps": {}, "numberOfAnalysts": 0, "growth": {}}, "revenueEstimate": {"avg": 3276770000, "low": 3276770000, "high": 3276770000, "numberOfAnalysts": 1, "yearAgoRevenue": 3018780000, "growth": 0.085}, "epsTrend": {"current": 0.0, "7daysAgo": 163.89, "30daysAgo": 163.89, "60daysAgo": 163.89, "90daysAgo": 163.89}, "epsRevisions": {"upLast7days": 0, "upLast30days": 0, "downLast30days": 0, "downLast90days": {}}}, {"maxAge": 1, "period": "+5y", "endDate": null, "growth": {}, "earningsEstimate": {"avg": {}, "low": {}, "high": {}, "yearAgoEps": {}, "numberOfAnalysts": {}, "growth": {}}, "revenueEstimate": {"avg": {}, "low": {}, "high": {}, "numberOfAnalysts": {}, "yearAgoRevenue": {}, "growth": {}}, "epsTrend": {"current": {}, "7daysAgo": {}, "30daysAgo": {}, "60daysAgo": {}, "90daysAgo": {}}, "epsRevisions": {"upLast7days": {}, "upLast30days": {}, "downLast30days": {}, "downLast90days": {}}}, {"maxAge": 1, "period": "-5y", "endDate": null, "growth": {}, "earningsEstimate": {"avg": {}, "low": {}, "high": {}, "yearAgoEps": {}, "numberOfAnalysts": {}, "growth": {}}, "revenueEstimate": {"avg": {}, "low": {}, "high": {}, "numberOfAnalysts": {}, "yearAgoRevenue": {}, "growth": {}}, "epsTrend": {"current": {}, "7daysAgo": {}, "30daysAgo": {}, "60daysAgo": {}, "90daysAgo": {}}, "epsRevisions": {"upLast7days": {}, "upLast30days": {}, "downLast30days": {}, "downLast90days": {}}}], "maxAge": 1}, "financialData": {"maxAge": 86400, "currentPrice": 2482.1, "targetHighPrice": 579.0, "targetLowPrice": 579.0, "targetMeanPrice": 579.0, "targetMedianPrice": 579.0, "recommendationKey": "none", "numberOfAnalystOpinions": 1, "grossProfits": 753982000, "financialCurrency": "INR"}}}