{"NATRAJPR.BO": {"cashflowStatementHistory": {"cashflowStatements": [{"maxAge": 1, "endDate": "2020-03-31", "netIncome": 3388795, "depreciation": 6317370, "changeToNetincome": 34192607, "changeToAccountReceivables": 19985023, "changeToLiabilities": 0, "changeToInventory": -10425519, "changeToOperatingActivities": -34599535, "totalCashFromOperatingActivities": 17358741, "capitalExpenditures": -1555370, "otherCashflowsFromInvestingActivities": 2688588, "totalCashflowsFromInvestingActivities": 1133218, "netBorrowings": -149766, "otherCashflowsFromFinancingActivities": -36109210, "totalCashFromFinancingActivities": -36258976, "changeInCash": -17767018}, {"maxAge": 1, "endDate": "2019-03-31", "netIncome": 11465756, "depreciation": 6502619, "changeToNetincome": 43023301, "changeToAccountReceivables": -55187797, "changeToLiabilities": 0, "changeToInventory": 402452651, "changeToOperatingActivities": -108517543, "totalCashFromOperatingActivities": 296838987, "capitalExpenditures": -4773456, "otherCashflowsFromInvestingActivities": 20401722, "totalCashflowsFromInvestingActivities": 15628266, "netBorrowings": -233066972, "otherCashflowsFromFinancingActivities": -42080758, "totalCashFromFinancingActivities": -275147730, "changeInCash": 37319523}, {"maxAge": 1, "endDate": "2018-03-31", "netIncome": 16056185, "depreciation": 5992246, "changeToNetincome": 42210117, "changeToAccountReceivables": -32435689, "changeToLiabilities": 0, "changeToInventory": -455901111, "changeToOperatingActivities": 54551272, "totalCashFromOperatingActivities": -374526980, "capitalExpenditures": -25800, "otherCashflowsFromInvestingActivities": 33233611, "totalCashflowsFromInvestingActivities": 33207811, "netBorrowings": 353026062, "otherCashflowsFromFinancingActivities": -42736937, "totalCashFromFinancingActivities": 310289125, "changeInCash": -31030043}, {"maxAge": 1, "endDate": "2017-03-31", "netIncome": 2273048, "depreciation": 6343585, "changeToNetincome": 31114579, "changeToAccountReceivables": -54938644, "changeToLiabilities": 0, "changeToInventory": 89223535, "changeToOperatingActivities": -47502819, "totalCashFromOperatingActivities": 28677474, "capitalExpenditures": -35309, "otherCashflowsFromInvestingActivities": -20013532, "totalCashflowsFromInvestingActivities": -20048841, "netBorrowings": 526959, "otherCashflowsFromFinancingActivities": -35626212, "totalCashFromFinancingActivities": -35099253, "changeInCash": -26470619}], "maxAge": 86400}, "institutionOwnership": {"maxAge": 1, "ownershipList": []}, "balanceSheetHistoryQuarterly": {"balanceSheetStatements": [{"maxAge": 1, "endDate": "2020-06-30", "totalStockholderEquity": 356367000, "netTangibleAssets": 356367000}, {"maxAge": 1, "endDate": "2020-03-31", "cash": 23418831, "netReceivables": 207835106, "inventory": 421824595, "otherCurrentAssets": 1029999, "totalCurrentAssets": 654108531, "propertyPlantEquipment": 30596629, "otherAssets": 23236608, "totalAssets": 707941768, "accountsPayable": 21039444, "otherCurrentLiab": 1055784, "otherLiab": 8680103, "totalCurrentLiabilities": 342894358, "totalLiab": 351574461, "commonStock": 37470000, "retainedEarnings": 314120607, "treasuryStock": 4776700, "otherStockholderEquity": 4776700, "totalStockholderEquity": 356367307, "netTangibleAssets": 356367307}, {"maxAge": 1, "endDate": "2019-12-31", "totalStockholderEquity": 354508000, "netTangibleAssets": 354508000}, {"maxAge": 1, "endDate": "2019-09-30", "cash": 6245000, "netReceivables": 206954000, "inventory": 385695000, "totalCurrentAssets": 598894000, "propertyPlantEquipment": 33672000, "otherAssets": 22665000, "totalAssets": 655231000, "accountsPayable": 23284000, "otherCurrentLiab": 21144000, "otherLiab": 9290000, "totalCurrentLiabilities": 291433000, "totalLiab": 300723000, "commonStock": 37470000, "treasuryStock": 317038000, "otherStockholderEquity": 317038000, "totalStockholderEquity": 354508000, "netTangibleAssets": 354508000}], "maxAge": 86400}, "indexTrend": {"maxAge": 1, "symbol": "SP5", "peRatio": 19.7411, "pegRatio": 1.34172, "estimates": [{"period": "0q", "growth": 0.549}, {"period": "+1q", "growth": 0.431}, {"period": "0y", "growth": 0.305}, {"period": "+1y", "growth": 0.109}, {"period": "+5y", "growth": 0.120859005}, {"period": "-5y"}]}, "quoteType": {"exchange": "BSE", "quoteType": "EQUITY", "symbol": "NATRAJPR.BO", "underlyingSymbol": "NATRAJPR.BO", "shortName": "NATRAJ PROTEINS LTD.", "longName": "Natraj Proteins Limited", "firstTradeDateEpochUtc": "2003-11-19 09:15:00", "timeZoneFullName": "Asia/Kolkata", "timeZoneShortName": "IST", "uuid": "b90484c1-a591-300b-84ce-0fab19162f60", "messageBoardId": null, "gmtOffSetMilliseconds": 19800000, "maxAge": 1}, "incomeStatementHistory": {"incomeStatementHistory": [{"maxAge": 1, "endDate": "2020-03-31", "totalRevenue": 1541221438, "costOfRevenue": 1436463223, "grossProfit": 104758215, "researchDevelopment": {}, "sellingGeneralAdministrative": 13245607, "nonRecurring": {}, "otherOperatingExpenses": 46305773, "totalOperatingExpenses": 1502331973, "operatingIncome": 38889465, "totalOtherIncomeExpenseNet": -35648361, "ebit": 38889465, "interestExpense": -34188730, "incomeBeforeTax": 3241104, "incomeTaxExpense": -147691, "minorityInterest": {}, "netIncomeFromContinuingOps": 3388795, "discontinuedOperations": {}, "extraordinaryItems": {}, "effectOfAccountingCharges": {}, "otherItems": {}, "netIncome": 3388795, "netIncomeApplicableToCommonShares": 3388795}, {"maxAge": 1, "endDate": "2019-03-31", "totalRevenue": 1907232403, "costOfRevenue": 1730617341, "grossProfit": 176615062, "researchDevelopment": {}, "sellingGeneralAdministrative": 12522087, "nonRecurring": {}, "otherOperatingExpenses": 102617501, "totalOperatingExpenses": 1852259548, "operatingIncome": 54972855, "totalOtherIncomeExpenseNet": -41439522, "ebit": 54972855, "interestExpense": -40511062, "incomeBeforeTax": 13533333, "incomeTaxExpense": 2067577, "minorityInterest": {}, "netIncomeFromContinuingOps": 11465756, "discontinuedOperations": {}, "extraordinaryItems": {}, "effectOfAccountingCharges": {}, "otherItems": {}, "netIncome": 11465756, "netIncomeApplicableToCommonShares": 11465756}, {"maxAge": 1, "endDate": "2018-03-31", "totalRevenue": 1955364957, "costOfRevenue": 1717448701, "grossProfit": 237916256, "researchDevelopment": {}, "sellingGeneralAdministrative": 12463530, "nonRecurring": {}, "otherOperatingExpenses": 161212742, "totalOperatingExpenses": 1897117219, "operatingIncome": 58247738, "totalOtherIncomeExpenseNet": -40418500, "ebit": 58247738, "interestExpense": -41292970, "incomeBeforeTax": 17829238, "incomeTaxExpense": 1773053, "minorityInterest": {}, "netIncomeFromContinuingOps": 16056185, "discontinuedOperations": {}, "extraordinaryItems": {}, "effectOfAccountingCharges": {}, "otherItems": {}, "netIncome": 16056185, "netIncomeApplicableToCommonShares": 16056185}, {"maxAge": 1, "endDate": "2017-03-31", "totalRevenue": 2584308476, "costOfRevenue": 2382787746, "grossProfit": 201520730, "researchDevelopment": {}, "sellingGeneralAdministrative": 12762422, "nonRecurring": {}, "otherOperatingExpenses": 149079351, "totalOperatingExpenses": 2550973104, "operatingIncome": 33335372, "totalOtherIncomeExpenseNet": -30191132, "ebit": 33335372, "interestExpense": -31732094, "incomeBeforeTax": 3144240, "incomeTaxExpense": 871192, "minorityInterest": {}, "netIncomeFromContinuingOps": 2273048, "discontinuedOperations": {}, "extraordinaryItems": {}, "effectOfAccountingCharges": {}, "otherItems": {}, "netIncome": 2273048, "netIncomeApplicableToCommonShares": 2273048}], "maxAge": 86400}, "fundOwnership": {"maxAge": 1, "ownershipList": []}, "summaryDetail": {"maxAge": 1, "priceHint": 2, "previousClose": 36.25, "open": 38.0, "dayLow": 38.0, "dayHigh": 38.05, "regularMarketPreviousClose": 36.25, "regularMarketOpen": 38.0, "regularMarketDayLow": 38.0, "regularMarketDayHigh": 38.05, "volume": 47, "regularMarketVolume": 47, "averageVolume": 592, "averageVolume10days": 580, "averageDailyVolume10Day": 580, "bid": 34.55, "ask": 0.0, "bidSize": 0, "askSize": 0, "marketCap": 142573344, "fiftyTwoWeekLow": 14.0, "fiftyTwoWeekHigh": 38.05, "fiftyDayAverage": 17.81353, "twoHundredDayAverage": 17.6, "currency": "INR", "fromCurrency": null, "toCurrency": null, "lastMarket": null, "algorithm": null, "tradeable": false}, "incomeStatementHistoryQuarterly": {"incomeStatementHistory": [{"maxAge": 1, "endDate": "2020-06-30", "totalRevenue": 238277000, "costOfRevenue": 236350000, "grossProfit": 1927000, "researchDevelopment": {}, "sellingGeneralAdministrative": 2908000, "nonRecurring": {}, "otherOperatingExpenses": 7712000, "totalOperatingExpenses": 248505000, "operatingIncome": -10228000, "totalOtherIncomeExpenseNet": -6788000, "ebit": -10228000, "interestExpense": -6788000, "incomeBeforeTax": -17016000, "incomeTaxExpense": 0, "minorityInterest": {}, "netIncomeFromContinuingOps": -17016000, "discontinuedOperations": {}, "extraordinaryItems": {}, "effectOfAccountingCharges": {}, "otherItems": {}, "netIncome": -17016000, "netIncomeApplicableToCommonShares": -17016000}, {"maxAge": 1, "endDate": "2020-03-31", "totalRevenue": 370729438, "costOfRevenue": 348275223, "grossProfit": 22454215, "researchDevelopment": {}, "sellingGeneralAdministrative": 3556607, "nonRecurring": {}, "otherOperatingExpenses": 12507773, "totalOperatingExpenses": 365939973, "operatingIncome": 4789465, "totalOtherIncomeExpenseNet": -8211361, "ebit": 4789465, "interestExpense": -6751730, "incomeBeforeTax": -3421896, "incomeTaxExpense": -1519691, "minorityInterest": {}, "netIncomeFromContinuingOps": -1902205, "discontinuedOperations": {}, "extraordinaryItems": {}, "effectOfAccountingCharges": {}, "otherItems": {}, "netIncome": -1902205, "netIncomeApplicableToCommonShares": -1902205}, {"maxAge": 1, "endDate": "2019-12-31", "totalRevenue": 692393000, "costOfRevenue": 655900000, "grossProfit": 36493000, "researchDevelopment": {}, "sellingGeneralAdministrative": 3368000, "nonRecurring": {}, "otherOperatingExpenses": 18456000, "totalOperatingExpenses": 679207000, "operatingIncome": 13186000, "totalOtherIncomeExpenseNet": -7268000, "ebit": 13186000, "interestExpense": -7268000, "incomeBeforeTax": 5918000, "incomeTaxExpense": 1219000, "minorityInterest": {}, "netIncomeFromContinuingOps": 4699000, "discontinuedOperations": {}, "extraordinaryItems": {}, "effectOfAccountingCharges": {}, "otherItems": {}, "netIncome": 4699000, "netIncomeApplicableToCommonShares": 4699000}, {"maxAge": 1, "endDate": "2019-09-30", "totalRevenue": 248039000, "costOfRevenue": 225586000, "grossProfit": 22453000, "researchDevelopment": {}, "sellingGeneralAdministrative": 3312000, "nonRecurring": {}, "otherOperatingExpenses": 8345000, "totalOperatingExpenses": 238784000, "operatingIncome": 9255000, "totalOtherIncomeExpenseNet": -9585000, "ebit": 9255000, "interestExpense": -9585000, "incomeBeforeTax": -330000, "incomeTaxExpense": -68000, "minorityInterest": {}, "netIncomeFromContinuingOps": -262000, "discontinuedOperations": {}, "extraordinaryItems": {}, "effectOfAccountingCharges": {}, "otherItems": {}, "netIncome": -262000, "netIncomeApplicableToCommonShares": -262000}], "maxAge": 86400}, "cashflowStatementHistoryQuarterly": {"cashflowStatements": [{"maxAge": 1, "endDate": "2020-06-30", "netIncome": -17016000, "changeToLiabilities": 0}, {"maxAge": 1, "endDate": "2020-03-31", "netIncome": -1902205, "changeToLiabilities": 0}, {"maxAge": 1, "endDate": "2019-12-31", "netIncome": 4699000, "changeToLiabilities": 0}, {"maxAge": 1, "endDate": "2019-09-30", "netIncome": -262000, "changeToLiabilities": 0}], "maxAge": 86400}, "insiderHolders": {"holders": [], "maxAge": 1}, "calendarEvents": {"maxAge": 1, "earnings": {"earningsDate": []}}, "price": {"maxAge": 1, "regularMarketChangePercent": 0.04965515, "regularMarketChange": 1.7999992, "regularMarketTime": "2021-04-30 10:20:55", "priceHint": 2, "regularMarketPrice": 38.05, "regularMarketDayHigh": 38.05, "regularMarketDayLow": 38.0, "regularMarketVolume": 47, "averageDailyVolume10Day": 580, "averageDailyVolume3Month": 592, "regularMarketPreviousClose": 36.25, "regularMarketSource": "FREE_REALTIME", "regularMarketOpen": 38.0, "exchange": "BSE", "exchangeName": "BSE", "exchangeDataDelayedBy": 0, "marketState": "CLOSED", "quoteType": "EQUITY", "symbol": "NATRAJPR.BO", "underlyingSymbol": null, "shortName": "NATRAJ PROTEINS LTD.", "longName": "Natraj Proteins Limited", "currency": "INR", "quoteSourceName": "Delayed Quote", "currencySymbol": "\u20b9", "fromCurrency": null, "toCurrency": null, "lastMarket": null, "marketCap": 142573344}, "balanceSheetHistory": {"balanceSheetStatements": [{"maxAge": 1, "endDate": "2020-03-31", "cash": 23418831, "netReceivables": 207835106, "inventory": 421824595, "otherCurrentAssets": 1029999, "totalCurrentAssets": 654108531, "propertyPlantEquipment": 30596629, "otherAssets": 23236608, "totalAssets": 707941768, "accountsPayable": 21039444, "otherCurrentLiab": 1055784, "otherLiab": 8680103, "totalCurrentLiabilities": 342894358, "totalLiab": 351574461, "commonStock": 37470000, "retainedEarnings": 314120607, "treasuryStock": 4776700, "otherStockholderEquity": 4776700, "totalStockholderEquity": 356367307, "netTangibleAssets": 356367307}, {"maxAge": 1, "endDate": "2019-03-31", "cash": 41185849, "netReceivables": 208950202, "inventory": 411398378, "otherCurrentAssets": 67769, "totalCurrentAssets": 661602198, "propertyPlantEquipment": 35359327, "otherAssets": 25464347, "totalAssets": 722425872, "accountsPayable": 39291436, "otherCurrentLiab": 1000825, "longTermDebt": 500000, "otherLiab": 9290259, "totalCurrentLiabilities": 358811500, "totalLiab": 368601759, "commonStock": 37470000, "retainedEarnings": 310965255, "treasuryStock": 5388858, "otherStockholderEquity": 5388858, "totalStockholderEquity": 353824113, "netTangibleAssets": 353824113}, {"maxAge": 1, "endDate": "2018-03-31", "cash": 3866327, "netReceivables": 157195519, "inventory": 813851030, "otherCurrentAssets": 2749749, "totalCurrentAssets": 977662625, "propertyPlantEquipment": 37088490, "otherAssets": 45224830, "totalAssets": 1059975945, "accountsPayable": 150878574, "otherCurrentLiab": 3616622, "longTermDebt": 750000, "otherLiab": 10008761, "totalCurrentLiabilities": 706158860, "totalLiab": 716917621, "commonStock": 37470000, "retainedEarnings": 299491491, "treasuryStock": 6096833, "otherStockholderEquity": 6096833, "totalStockholderEquity": 343058324, "netTangibleAssets": 343058324}, {"maxAge": 1, "endDate": "2017-03-31", "cash": 34896370, "netReceivables": 145625463, "inventory": 357949919, "totalCurrentAssets": 538471752, "propertyPlantEquipment": 43054936, "otherAssets": 72289753, "totalAssets": 653816441, "accountsPayable": 105332925, "otherCurrentLiab": 8973456, "longTermDebt": 750000, "otherLiab": 10568708, "totalCurrentLiabilities": 315596908, "totalLiab": 326915616, "commonStock": 37470000, "retainedEarnings": 283094773, "treasuryStock": 6336052, "otherStockholderEquity": 6336052, "totalStockholderEquity": 326900825, "netTangibleAssets": 326900825}], "maxAge": 86400}, "financialData": {"maxAge": 86400, "currentPrice": 38.05, "recommendationKey": "none", "grossProfits": 104758215, "financialCurrency": "INR"}}}