{"NAVBLDR.BO": {"cashflowStatementHistory": {"cashflowStatements": [{"maxAge": 1, "endDate": "2020-03-31", "netIncome": 3900000, "depreciation": 1260418, "changeToNetincome": -10769897, "changeToAccountReceivables": 271040872, "changeToLiabilities": -515053055, "changeToInventory": -55719943, "changeToOperatingActivities": 162804168, "totalCashFromOperatingActivities": -142537437, "capitalExpenditures": -4448851, "otherCashflowsFromInvestingActivities": 1961460, "totalCashflowsFromInvestingActivities": -2311752, "netBorrowings": 24835749, "otherCashflowsFromFinancingActivities": -19714258, "totalCashFromFinancingActivities": 5121491, "changeInCash": -139727698}, {"maxAge": 1, "endDate": "2019-03-31", "netIncome": 55590321, "depreciation": 8779231, "changeToNetincome": -1131757, "changeToAccountReceivables": -1275890, "changeToLiabilities": 386974603, "changeToInventory": -22868053, "changeToOperatingActivities": -287028443, "totalCashFromOperatingActivities": 139040012, "capitalExpenditures": -8896193, "otherCashflowsFromInvestingActivities": 7719605, "totalCashflowsFromInvestingActivities": -15173761, "netBorrowings": 9088407, "otherCashflowsFromFinancingActivities": -15959643, "totalCashFromFinancingActivities": -6871236, "changeInCash": 116995015}, {"maxAge": 1, "endDate": "2018-03-31", "netIncome": 5352646, "depreciation": 7941137, "changeToNetincome": 36579667, "changeToAccountReceivables": -215588920, "changeToLiabilities": 251315226, "changeToInventory": 3029006, "changeToOperatingActivities": -80294101, "totalCashFromOperatingActivities": 8334661, "capitalExpenditures": -8896193, "investments": 690360, "otherCashflowsFromInvestingActivities": -16041160, "totalCashflowsFromInvestingActivities": 8544260, "dividendsPaid": -1745440, "netBorrowings": -56006807, "otherCashflowsFromFinancingActivities": -19692792, "totalCashFromFinancingActivities": -26687539, "changeInCash": -9808618, "issuanceOfStock": 50757500}, {"maxAge": 1, "endDate": "2017-03-31", "netIncome": 3788763, "depreciation": 8389754, "changeToNetincome": 22008604, "changeToAccountReceivables": -175802869, "changeToLiabilities": 286415277, "changeToInventory": -62680607, "changeToOperatingActivities": -67515809, "totalCashFromOperatingActivities": 14603113, "capitalExpenditures": -8896193, "investments": 690360, "otherCashflowsFromInvestingActivities": -6399400, "totalCashflowsFromInvestingActivities": 15197033, "dividendsPaid": -8726650, "netBorrowings": 6049858, "otherCashflowsFromFinancingActivities": -21849444, "totalCashFromFinancingActivities": -24526236, "changeInCash": 5273911, "issuanceOfStock": 50757500}], "maxAge": 86400}, "institutionOwnership": {"maxAge": 1, "ownershipList": []}, "balanceSheetHistoryQuarterly": {"balanceSheetStatements": [{"maxAge": 1, "endDate": "2020-06-30", "totalStockholderEquity": 778603025, "netTangibleAssets": 778603025}, {"maxAge": 1, "endDate": "2020-03-31", "cash": 28091929, "netReceivables": 690137797, "inventory": 184694198, "totalCurrentAssets": 902923924, "longTermInvestments": 5432947, "propertyPlantEquipment": 557495052, "otherAssets": 7646309, "totalAssets": 1473498232, "accountsPayable": 411944562, "otherCurrentLiab": 138385316, "longTermDebt": 14527558, "otherLiab": 20155982, "totalCurrentLiabilities": 660211667, "totalLiab": 694895207, "commonStock": 198838000, "treasuryStock": 579765025, "otherStockholderEquity": 579765025, "totalStockholderEquity": 778603025, "netTangibleAssets": 778603025}, {"maxAge": 1, "endDate": "2019-12-31", "totalStockholderEquity": 784505000, "netTangibleAssets": 784505000}, {"maxAge": 1, "endDate": "2019-09-30", "cash": 29080000, "shortTermInvestments": 156005000, "netReceivables": 280298000, "inventory": 74539000, "totalCurrentAssets": 539922000, "propertyPlantEquipment": 558826000, "otherAssets": 5924000, "totalAssets": 1104672000, "accountsPayable": 139545000, "otherCurrentLiab": 47332000, "longTermDebt": 4205000, "otherLiab": 20092000, "totalCurrentLiabilities": 295870000, "totalLiab": 320167000, "commonStock": 198838000, "treasuryStock": 585667000, "otherStockholderEquity": 585667000, "totalStockholderEquity": 784505000, "netTangibleAssets": 784505000}], "maxAge": 86400}, "indexTrend": {"maxAge": 1, "symbol": "SP5", "peRatio": 19.7411, "pegRatio": 1.34172, "estimates": [{"period": "0q", "growth": 0.549}, {"period": "+1q", "growth": 0.431}, {"period": "0y", "growth": 0.305}, {"period": "+1y", "growth": 0.109}, {"period": "+5y", "growth": 0.120859005}, {"period": "-5y"}]}, "insiderTransactions": {"transactions": [{"maxAge": 1, "shares": 774167, "filerUrl": "", "transactionText": "", "filerName": "Manubhai (Shah Ullasbhai)", "filerRelation": "Promoter", "moneyText": "", "startDate": "2013-08-05", "ownership": "D"}, {"maxAge": 1, "shares": 387083, "filerUrl": "", "transactionText": "", "filerName": "Navkar Fiscal Services Pvt Ltd", "filerRelation": "Promoter", "moneyText": "", "startDate": "2013-08-05", "ownership": "D"}, {"maxAge": 1, "shares": 387084, "filerUrl": "", "transactionText": "", "filerName": "Shah (Dakshesh Rameshchandra)", "filerRelation": "Executive Chairman", "moneyText": "", "startDate": "2013-08-05", "ownership": "D"}], "maxAge": 1}, "quoteType": {"exchange": "BSE", "quoteType": "EQUITY", "symbol": "NAVBLDR.BO", "underlyingSymbol": "NAVBLDR.BO", "shortName": "NAVKAR BUILDERS LTD.", "longName": "Navkar Builders Limited", "firstTradeDateEpochUtc": "2007-01-03 09:15:00", "timeZoneFullName": "Asia/Kolkata", "timeZoneShortName": "IST", "uuid": "7d12a6a9-16f3-385e-9781-5a0facfc3292", "messageBoardId": null, "gmtOffSetMilliseconds": 19800000, "maxAge": 1}, "incomeStatementHistory": {"incomeStatementHistory": [{"maxAge": 1, "endDate": "2020-03-31", "totalRevenue": 444560000, "costOfRevenue": 411497000, "grossProfit": 33063000, "researchDevelopment": {}, "sellingGeneralAdministrative": 4390000, "nonRecurring": {}, "otherOperatingExpenses": 5920000, "totalOperatingExpenses": 430907000, "operatingIncome": 13653000, "totalOtherIncomeExpenseNet": -4159000, "ebit": 13653000, "interestExpense": -17992000, "incomeBeforeTax": 9494000, "incomeTaxExpense": 5594000, "minorityInterest": {}, "netIncomeFromContinuingOps": 3900000, "discontinuedOperations": {}, "extraordinaryItems": {}, "effectOfAccountingCharges": {}, "otherItems": {}, "netIncome": 3900000, "netIncomeApplicableToCommonShares": 3900000}, {"maxAge": 1, "endDate": "2019-03-31", "totalRevenue": 1548218962, "costOfRevenue": 1433634537, "grossProfit": 114584425, "researchDevelopment": {}, "sellingGeneralAdministrative": 5377018, "nonRecurring": {}, "otherOperatingExpenses": 13855980, "totalOperatingExpenses": 1461646766, "operatingIncome": 86572196, "totalOtherIncomeExpenseNet": -7954790, "ebit": 86572196, "interestExpense": -12665533, "incomeBeforeTax": 78617406, "incomeTaxExpense": 23027085, "minorityInterest": {}, "netIncomeFromContinuingOps": 55590321, "discontinuedOperations": {}, "extraordinaryItems": {}, "effectOfAccountingCharges": {}, "otherItems": {}, "netIncome": 55590321, "netIncomeApplicableToCommonShares": 55590321}, {"maxAge": 1, "endDate": "2018-03-31", "totalRevenue": 580645634, "costOfRevenue": 422338543, "grossProfit": 158307091, "researchDevelopment": {}, "sellingGeneralAdministrative": 5080642, "nonRecurring": {}, "otherOperatingExpenses": 108295388, "totalOperatingExpenses": 543655710, "operatingIncome": 36989924, "totalOtherIncomeExpenseNet": -32436224, "ebit": 36989924, "interestExpense": -18164532, "incomeBeforeTax": 4553700, "incomeTaxExpense": -798946, "minorityInterest": {}, "netIncomeFromContinuingOps": 5352646, "discontinuedOperations": {}, "extraordinaryItems": {}, "effectOfAccountingCharges": {}, "otherItems": {}, "netIncome": 5352646, "netIncomeApplicableToCommonShares": 5352646}, {"maxAge": 1, "endDate": "2017-03-31", "totalRevenue": 419782735, "costOfRevenue": 218386659, "grossProfit": 201396076, "researchDevelopment": {}, "sellingGeneralAdministrative": 10474424, "nonRecurring": {}, "otherOperatingExpenses": 152070229, "totalOperatingExpenses": 389321066, "operatingIncome": 30461669, "totalOtherIncomeExpenseNet": -28727844, "ebit": 30461669, "interestExpense": -20060557, "incomeBeforeTax": 1733825, "incomeTaxExpense": -2054938, "minorityInterest": {}, "netIncomeFromContinuingOps": 3788763, "discontinuedOperations": {}, "extraordinaryItems": {}, "effectOfAccountingCharges": {}, "otherItems": {}, "netIncome": 3788763, "netIncomeApplicableToCommonShares": 3788763}], "maxAge": 86400}, "fundOwnership": {"maxAge": 1, "ownershipList": []}, "summaryDetail": {"maxAge": 1, "priceHint": 2, "previousClose": 10.0, "open": 10.3, "dayLow": 10.1, "dayHigh": 10.3, "regularMarketPreviousClose": 10.0, "regularMarketOpen": 10.3, "regularMarketDayLow": 10.1, "regularMarketDayHigh": 10.3, "trailingPE": 77.27273, "volume": 305, "regularMarketVolume": 305, "averageVolume": 2723, "averageVolume10days": 361, "averageDailyVolume10Day": 361, "bid": 10.15, "ask": 10.25, "bidSize": 0, "askSize": 0, "marketCap": 202814752, "fiftyTwoWeekLow": 6.0, "fiftyTwoWeekHigh": 14.36, "fiftyDayAverage": 11.695714, "twoHundredDayAverage": 9.923504, "trailingAnnualDividendRate": 0.1, "trailingAnnualDividendYield": 0.01, "currency": "INR", "fromCurrency": null, "toCurrency": null, "lastMarket": null, "algorithm": null, "tradeable": false}, "incomeStatementHistoryQuarterly": {"incomeStatementHistory": [{"maxAge": 1, "endDate": "2020-06-30", "totalRevenue": 21418000, "costOfRevenue": 16297000, "grossProfit": 5121000, "researchDevelopment": {}, "sellingGeneralAdministrative": 386000, "nonRecurring": {}, "otherOperatingExpenses": 241000, "totalOperatingExpenses": 16924000, "operatingIncome": 4494000, "totalOtherIncomeExpenseNet": -3704000, "ebit": 4494000, "interestExpense": -4077000, "incomeBeforeTax": 790000, "incomeTaxExpense": 0, "minorityInterest": {}, "netIncomeFromContinuingOps": 790000, "discontinuedOperations": {}, "extraordinaryItems": {}, "effectOfAccountingCharges": {}, "otherItems": {}, "netIncome": 790000, "netIncomeApplicableToCommonShares": 790000}, {"maxAge": 1, "endDate": "2020-03-31", "totalRevenue": 21503000, "costOfRevenue": 39105000, "grossProfit": -17602000, "researchDevelopment": {}, "sellingGeneralAdministrative": 861000, "nonRecurring": {}, "otherOperatingExpenses": 848000, "totalOperatingExpenses": 42389000, "operatingIncome": -20886000, "totalOtherIncomeExpenseNet": 4340000, "ebit": -20886000, "interestExpense": -4961000, "incomeBeforeTax": -16546000, "incomeTaxExpense": 1891000, "minorityInterest": {}, "netIncomeFromContinuingOps": -18437000, "discontinuedOperations": {}, "extraordinaryItems": {}, "effectOfAccountingCharges": {}, "otherItems": {}, "netIncome": -18437000, "netIncomeApplicableToCommonShares": -18437000}, {"maxAge": 1, "endDate": "2019-12-31", "totalRevenue": 26732000, "costOfRevenue": 15660000, "grossProfit": 11072000, "researchDevelopment": {}, "sellingGeneralAdministrative": 2239000, "nonRecurring": {}, "otherOperatingExpenses": 693000, "totalOperatingExpenses": 20767000, "operatingIncome": 5965000, "totalOtherIncomeExpenseNet": -4826000, "ebit": 5965000, "interestExpense": -4913000, "incomeBeforeTax": 1139000, "incomeTaxExpense": 296000, "minorityInterest": {}, "netIncomeFromContinuingOps": 843000, "discontinuedOperations": {}, "extraordinaryItems": {}, "effectOfAccountingCharges": {}, "otherItems": {}, "netIncome": 843000, "netIncomeApplicableToCommonShares": 843000}, {"maxAge": 1, "endDate": "2019-09-30", "totalRevenue": 269552000, "costOfRevenue": 249290000, "grossProfit": 20262000, "researchDevelopment": {}, "sellingGeneralAdministrative": 428000, "nonRecurring": {}, "otherOperatingExpenses": 3701000, "totalOperatingExpenses": 255594000, "operatingIncome": 13958000, "totalOtherIncomeExpenseNet": -3546000, "ebit": 13958000, "interestExpense": -4552000, "incomeBeforeTax": 10412000, "incomeTaxExpense": 2707000, "minorityInterest": {}, "netIncomeFromContinuingOps": 7705000, "discontinuedOperations": {}, "extraordinaryItems": {}, "effectOfAccountingCharges": {}, "otherItems": {}, "netIncome": 7705000, "netIncomeApplicableToCommonShares": 7705000}], "maxAge": 86400}, "cashflowStatementHistoryQuarterly": {"cashflowStatements": [{"maxAge": 1, "endDate": "2020-06-30", "netIncome": 790000, "changeToLiabilities": 0}, {"maxAge": 1, "endDate": "2020-03-31", "netIncome": -18437000, "changeToLiabilities": 0}, {"maxAge": 1, "endDate": "2019-12-31", "netIncome": 843000, "changeToLiabilities": 0}, {"maxAge": 1, "endDate": "2019-09-30", "netIncome": 7705000, "changeToLiabilities": 0}], "maxAge": 86400}, "insiderHolders": {"holders": [{"maxAge": 1, "name": "Manubhai (Shah Ullasbhai)", "relation": "Promoter", "url": "", "transactionDescription": "Other", "latestTransDate": "2013-08-05", "positionDirect": 0, "positionDirectDate": "2013-08-05"}, {"maxAge": 1, "name": "Navkar Fiscal Services Pvt Ltd", "relation": "Promoter", "url": "", "transactionDescription": "Acquisition", "latestTransDate": "2013-08-05", "positionDirect": 5030583, "positionDirectDate": "2013-08-05"}, {"maxAge": 1, "name": "Shah (Dakshesh Rameshchandra)", "relation": "Executive Chairman", "url": "", "transactionDescription": "Other", "latestTransDate": "2013-08-05", "positionDirect": 1161250, "positionDirectDate": "2013-08-05"}], "maxAge": 1}, "calendarEvents": {"maxAge": 1, "earnings": {"earningsDate": ["2020-09-14 05:30:S"]}}, "price": {"maxAge": 1, "regularMarketChangePercent": 0.01999998, "regularMarketChange": 0.19999981, "regularMarketTime": "2021-04-30 15:18:32", "priceHint": 2, "regularMarketPrice": 10.2, "regularMarketDayHigh": 10.3, "regularMarketDayLow": 10.1, "regularMarketVolume": 305, "averageDailyVolume10Day": 361, "averageDailyVolume3Month": 2723, "regularMarketPreviousClose": 10.0, "regularMarketSource": "FREE_REALTIME", "regularMarketOpen": 10.3, "exchange": "BSE", "exchangeName": "BSE", "exchangeDataDelayedBy": 0, "marketState": "CLOSED", "quoteType": "EQUITY", "symbol": "NAVBLDR.BO", "underlyingSymbol": null, "shortName": "NAVKAR BUILDERS LTD.", "longName": "Navkar Builders Limited", "currency": "INR", "quoteSourceName": "Delayed Quote", "currencySymbol": "\u20b9", "fromCurrency": null, "toCurrency": null, "lastMarket": null, "marketCap": 202814752}, "balanceSheetHistory": {"balanceSheetStatements": [{"maxAge": 1, "endDate": "2020-03-31", "cash": 28091929, "netReceivables": 690137797, "inventory": 184694198, "totalCurrentAssets": 902923924, "longTermInvestments": 5432947, "propertyPlantEquipment": 557495052, "otherAssets": 7646309, "totalAssets": 1473498232, "accountsPayable": 411944562, "otherCurrentLiab": 138385316, "longTermDebt": 14527558, "otherLiab": 20155982, "totalCurrentLiabilities": 660211667, "totalLiab": 694895207, "commonStock": 198838000, "treasuryStock": 579765025, "otherStockholderEquity": 579765025, "totalStockholderEquity": 778603025, "netTangibleAssets": 778603025}, {"maxAge": 1, "endDate": "2019-03-31", "cash": 130745438, "netReceivables": 677031750, "inventory": 128974255, "otherCurrentAssets": 428056505, "totalCurrentAssets": 1364807948, "propertyPlantEquipment": 573895073, "otherAssets": 5923810, "totalAssets": 1944626831, "accountsPayable": 926997617, "otherCurrentLiab": 107457486, "longTermDebt": 15171291, "otherLiab": 20092000, "totalCurrentLiabilities": 1134660200, "totalLiab": 1169923491, "commonStock": 198838000, "retainedEarnings": 176871489, "treasuryStock": 371966351, "capitalSurplus": 27027500, "otherStockholderEquity": 371966351, "totalStockholderEquity": 774703340, "netTangibleAssets": 774703340}, {"maxAge": 1, "endDate": "2018-03-31", "cash": 13750423, "shortTermInvestments": 129555000, "netReceivables": 735532836, "inventory": 106106202, "otherCurrentAssets": 19811927, "totalCurrentAssets": 875201388, "propertyPlantEquipment": 559780935, "otherAssets": 6046937, "totalAssets": 1441029260, "accountsPayable": 540023014, "shortLongTermDebt": 224448, "otherCurrentLiab": 62828667, "longTermDebt": 8867000, "otherLiab": 21364916, "totalCurrentLiabilities": 686912216, "totalLiab": 717144132, "commonStock": 198838000, "retainedEarnings": 126053277, "treasuryStock": 371966351, "capitalSurplus": 27027500, "otherStockholderEquity": 371966351, "totalStockholderEquity": 723885128, "netTangibleAssets": 723885128}, {"maxAge": 1, "endDate": "2017-03-31", "cash": 23559040, "netReceivables": 495277691, "inventory": 109135208, "otherCurrentAssets": 18315118, "totalCurrentAssets": 646287057, "longTermInvestments": 690363, "propertyPlantEquipment": 252935364, "otherAssets": 6847094, "totalAssets": 906759878, "accountsPayable": 288707788, "shortLongTermDebt": 856358, "otherCurrentLiab": 98702362, "longTermDebt": 13719799, "otherLiab": 27094862, "totalCurrentLiabilities": 534768244, "totalLiab": 575582905, "commonStock": 174533000, "retainedEarnings": 149119610, "treasuryStock": 4801863, "capitalSurplus": 2722500, "otherStockholderEquity": 4801863, "totalStockholderEquity": 331176973, "netTangibleAssets": 331176973}], "maxAge": 86400}, "financialData": {"maxAge": 86400, "currentPrice": 10.2, "recommendationKey": "none", "grossProfits": 33063000, "financialCurrency": "INR"}}}