{"NAVKARCORP.NS": {"assetProfile": {"address1": "Goodwill Infinity", "address2": "4th Floor, Plot No. E/3A Sector - 12, Near Utsav Chowk Kharghar", "city": "Navi Mumbai", "zip": "410210", "country": "India", "phone": "91 22 3800 6500", "fax": "91 22 3800 6509", "website": "http://www.navkarcfs.com", "industry": "Integrated Freight & Logistics", "sector": "Industrials", "longBusinessSummary": "Navkar Corporation Limited provides container freight station, inland container depot, and other related services in India. The company operates a private railway freight terminal, which loads and unloads cargo/containers; and owns and operates trailers for the transportation of cargo. It also operates a buffer yard and warehouses for storage of various export and import related cargoes, such as bagged, unpacked, heavy lifts, grains, chemicals, steel, metals, project cargoes, etc., as well as provides consolidation of cargoes. In addition, the company handles various refrigerated containers, and over-dimensional cargoes and out-of-gauge cargoes; manages temperature-controlled chambers; stores and handles hazardous cargoes; and operates customs facility for examining and clearance of cargoes. In addition, it offers bonded warehousing and empty container storage services; palletizing, shrink-wrapping, packing and re-packing, surveying, fumigation and pest control, bar-coding and labeling, and other related services for cargoes or processes; and maintenance and repair services for various containers as per the requirements of shipping lines. Navkar Corporation Limited was incorporated in 2008 and is based in Navi Mumbai, India.", "fullTimeEmployees": 499, "companyOfficers": [{"maxAge": 1, "name": "Mr. Shantilal Jayavantraj Mehta", "age": 68, "title": "Chairman & MD", "yearBorn": 1952, "fiscalYear": 2020, "totalPay": 8000000, "exercisedValue": 0, "unexercisedValue": 0}, {"maxAge": 1, "name": "Mr. Anish Sewaram Maheshwari", "age": 40, "title": "Chief Financial Officer", "yearBorn": 1980, "fiscalYear": 2020, "totalPay": 4500000, "exercisedValue": 0, "unexercisedValue": 0}, {"maxAge": 1, "name": "Ms. Deepa  Gehani", "title": "Company Sec. & Compliance Officer", "fiscalYear": 2020, "totalPay": 1200000, "exercisedValue": 0, "unexercisedValue": 0}, {"maxAge": 1, "name": "Mr. Nemichand Jayavantraj Mehta", "age": 57, "title": "Whole Time Director", "yearBorn": 1963, "fiscalYear": 2020, "totalPay": 8000000, "exercisedValue": 0, "unexercisedValue": 0}, {"maxAge": 1, "name": "Mr. Dinesh Mohanlal Jain", "age": 45, "title": "CEO & VP of Infrastructure", "yearBorn": 1975, "fiscalYear": 2017, "exercisedValue": 0, "unexercisedValue": 0}, {"maxAge": 1, "name": "Mr. Pravin J. Agrawal", "age": 56, "title": "Gen. Mang. of Accounts & Fin.", "yearBorn": 1964, "exercisedValue": 0, "unexercisedValue": 0}, {"maxAge": 1, "name": "Mr. Ashok  Devadiga", "age": 37, "title": "Mang. of HR & Admin.", "yearBorn": 1983, "exercisedValue": 0, "unexercisedValue": 0}, {"maxAge": 1, "name": "Ms. Ekta  Chuglani", "age": 40, "title": "Sr. Mang. of Legal & Secretarial", "yearBorn": 1980, "exercisedValue": 0, "unexercisedValue": 0}, {"maxAge": 1, "name": "Captain Manish  Sharma", "age": 49, "title": "Chief Commercial Officer", "yearBorn": 1971, "fiscalYear": 2017, "exercisedValue": 0, "unexercisedValue": 0}], "compensationAsOfEpochDate": "2020-12-31 05:30:00", "maxAge": 86400}, "recommendationTrend": {"trend": [{"period": "0m", "strongBuy": 0, "buy": 0, "hold": 0, "sell": 0, "strongSell": 0}, {"period": "-1m", "strongBuy": 0, "buy": 0, "hold": 0, "sell": 0, "strongSell": 0}, {"period": "-2m", "strongBuy": 0, "buy": 0, "hold": 0, "sell": 0, "strongSell": 0}, {"period": "-3m", "strongBuy": 0, "buy": 0, "hold": 0, "sell": 0, "strongSell": 0}], "maxAge": 86400}, "cashflowStatementHistory": {"cashflowStatements": [{"maxAge": 1, "endDate": "2020-03-31", "netIncome": 453127000, "depreciation": 412762000, "changeToNetincome": 719024000, "changeToAccountReceivables": -106309000, "changeToLiabilities": 150606000, "changeToInventory": -3202000, "changeToOperatingActivities": 13522000, "totalCashFromOperatingActivities": 1647767000, "capitalExpenditures": -1760091000, "otherCashflowsFromInvestingActivities": 43898000, "totalCashflowsFromInvestingActivities": -1699389000, "netBorrowings": 396856000, "otherCashflowsFromFinancingActivities": -383490000, "totalCashFromFinancingActivities": 13366000, "changeInCash": -38256000}, {"maxAge": 1, "endDate": "2019-03-31", "netIncome": 528193000, "depreciation": 392809000, "changeToNetincome": 460610000, "changeToAccountReceivables": -181224000, "changeToLiabilities": -28334000, "changeToInventory": -23053000, "changeToOperatingActivities": 124667000, "totalCashFromOperatingActivities": 1280985000, "capitalExpenditures": -1861008000, "otherCashflowsFromInvestingActivities": 52199000, "totalCashflowsFromInvestingActivities": -1806044000, "netBorrowings": 859915000, "otherCashflowsFromFinancingActivities": -368821000, "totalCashFromFinancingActivities": 491094000, "changeInCash": -33965000}, {"maxAge": 1, "endDate": "2018-03-31", "netIncome": 1009177000, "depreciation": 226860000, "changeToNetincome": 230134000, "changeToAccountReceivables": -64136000, "changeToLiabilities": -392128000, "changeToInventory": -13516000, "changeToOperatingActivities": -264721000, "totalCashFromOperatingActivities": 734175000, "capitalExpenditures": -1925568000, "otherCashflowsFromInvestingActivities": 839675000, "totalCashflowsFromInvestingActivities": -1077231000, "netBorrowings": -1157076000, "otherCashflowsFromFinancingActivities": -235632000, "totalCashFromFinancingActivities": 55034000, "changeInCash": -288022000, "issuanceOfStock": 1447742000}, {"maxAge": 1, "endDate": "2017-03-31", "netIncome": 887888000, "depreciation": 199420000, "changeToNetincome": 24893000, "changeToAccountReceivables": 27631000, "changeToLiabilities": -110868000, "changeToInventory": -17039000, "changeToOperatingActivities": 70274000, "totalCashFromOperatingActivities": 1083570000, "capitalExpenditures": -2538086000, "otherCashflowsFromInvestingActivities": 2036541000, "totalCashflowsFromInvestingActivities": -472216000, "netBorrowings": 36167000, "otherCashflowsFromFinancingActivities": -312364000, "totalCashFromFinancingActivities": -276197000, "changeInCash": 335157000, "issuanceOfStock": 1447742000}], "maxAge": 86400}, "indexTrend": {"maxAge": 1, "symbol": "SP5", "peRatio": 19.7411, "pegRatio": 1.34172, "estimates": [{"period": "0q", "growth": 0.549}, {"period": "+1q", "growth": 0.431}, {"period": "0y", "growth": 0.305}, {"period": "+1y", "growth": 0.109}, {"period": "+5y", "growth": 0.120865}, {"period": "-5y"}]}, "defaultKeyStatistics": {"maxAge": 1, "priceHint": 2, "enterpriseValue": 9505165312, "forwardPE": 2.6920033, "profitMargins": 0.027190002, "floatShares": 39492890, "sharesOutstanding": 150519008, "heldPercentInsiders": 0.70754, "heldPercentInstitutions": 0.07403, "beta": 1.016902, "category": null, "bookValue": 120.037, "priceToBook": 0.28324598, "fundFamily": null, "legalType": null, "lastFiscalYearEnd": "2020-03-31 05:30:00", "nextFiscalYearEnd": "2022-03-31 05:30:00", "mostRecentQuarter": "2020-12-31 05:30:00", "earningsQuarterlyGrowth": -0.077, "netIncomeToCommon": 167091008, "trailingEps": 1.109, "forwardEps": 12.63, "lastSplitFactor": null, "enterpriseToRevenue": 1.547, "enterpriseToEbitda": 7.085, "52WeekChange": 0.5962441, "SandP52WeekChange": 0.48148263}, "industryTrend": {"maxAge": 1, "symbol": null, "estimates": []}, "quoteType": {"exchange": "NSI", "quoteType": "EQUITY", "symbol": "NAVKARCORP.NS", "underlyingSymbol": "NAVKARCORP.NS", "shortName": "NAVKAR CORPORATION", "longName": "Navkar Corporation Limited", "firstTradeDateEpochUtc": "2015-09-09 09:15:00", "timeZoneFullName": "Asia/Kolkata", "timeZoneShortName": "IST", "uuid": "901a1446-e56e-3c00-8f06-99f65e6f4ca0", "messageBoardId": "finmb_228666306", "gmtOffSetMilliseconds": 19800000, "maxAge": 1}, "incomeStatementHistory": {"incomeStatementHistory": [{"maxAge": 1, "endDate": "2020-03-31", "totalRevenue": 5670982000, "costOfRevenue": 3335929000, "grossProfit": 2335053000, "researchDevelopment": {}, "sellingGeneralAdministrative": 13663000, "nonRecurring": {}, "otherOperatingExpenses": 634834000, "totalOperatingExpenses": 4405425000, "operatingIncome": 1265557000, "totalOtherIncomeExpenseNet": -491429000, "ebit": 1265557000, "interestExpense": -459385000, "incomeBeforeTax": 774128000, "incomeTaxExpense": 321001000, "minorityInterest": {}, "netIncomeFromContinuingOps": 453127000, "discontinuedOperations": {}, "extraordinaryItems": {}, "effectOfAccountingCharges": {}, "otherItems": {}, "netIncome": 453127000, "netIncomeApplicableToCommonShares": 453127000}, {"maxAge": 1, "endDate": "2019-03-31", "totalRevenue": 4825839000, "costOfRevenue": 2728786000, "grossProfit": 2097053000, "researchDevelopment": {}, "sellingGeneralAdministrative": 39654000, "nonRecurring": {}, "otherOperatingExpenses": 461638000, "totalOperatingExpenses": 3630204000, "operatingIncome": 1195635000, "totalOtherIncomeExpenseNet": -508579000, "ebit": 1195635000, "interestExpense": -431945000, "incomeBeforeTax": 687056000, "incomeTaxExpense": 158863000, "minorityInterest": {}, "netIncomeFromContinuingOps": 528193000, "discontinuedOperations": {}, "extraordinaryItems": {}, "effectOfAccountingCharges": {}, "otherItems": {}, "netIncome": 528193000, "netIncomeApplicableToCommonShares": 528193000}, {"maxAge": 1, "endDate": "2018-03-31", "totalRevenue": 4281736000, "costOfRevenue": 2172536000, "grossProfit": 2109200000, "researchDevelopment": {}, "sellingGeneralAdministrative": 10245000, "nonRecurring": {}, "otherOperatingExpenses": 407098000, "totalOperatingExpenses": 2819244000, "operatingIncome": 1462492000, "totalOtherIncomeExpenseNet": -178658000, "ebit": 1462492000, "interestExpense": -168632000, "incomeBeforeTax": 1283834000, "incomeTaxExpense": 274657000, "minorityInterest": {}, "netIncomeFromContinuingOps": 1009177000, "discontinuedOperations": {}, "extraordinaryItems": {}, "effectOfAccountingCharges": {}, "otherItems": {}, "netIncome": 1009177000, "netIncomeApplicableToCommonShares": 1009177000}, {"maxAge": 1, "endDate": "2017-03-31", "totalRevenue": 3709053000, "costOfRevenue": 1979993000, "grossProfit": 1729060000, "researchDevelopment": {}, "sellingGeneralAdministrative": 10193000, "nonRecurring": {}, "otherOperatingExpenses": 325786000, "totalOperatingExpenses": 2516763000, "operatingIncome": 1192290000, "totalOtherIncomeExpenseNet": -200174000, "ebit": 1192290000, "interestExpense": -299611000, "incomeBeforeTax": 992116000, "incomeTaxExpense": 104228000, "minorityInterest": {}, "netIncomeFromContinuingOps": 887888000, "discontinuedOperations": {}, "extraordinaryItems": {}, "effectOfAccountingCharges": {}, "otherItems": {}, "netIncome": 887888000, "netIncomeApplicableToCommonShares": 887888000}], "maxAge": 86400}, "fundOwnership": {"maxAge": 1, "ownershipList": []}, "summaryDetail": {"maxAge": 1, "priceHint": 2, "previousClose": 34.15, "open": 34.15, "dayLow": 33.8, "dayHigh": 34.95, "regularMarketPreviousClose": 34.15, "regularMarketOpen": 34.15, "regularMarketDayLow": 33.8, "regularMarketDayHigh": 34.95, "payoutRatio": 0.0, "beta": 1.016902, "trailingPE": 30.65825, "forwardPE": 2.6920033, "volume": 302306, "regularMarketVolume": 302306, "averageVolume": 856443, "averageVolume10days": 1044488, "averageDailyVolume10Day": 1044488, "bid": 0.0, "ask": 0.0, "bidSize": 0, "askSize": 0, "marketCap": 5117646336, "fiftyTwoWeekLow": 19.7, "fiftyTwoWeekHigh": 49.5, "priceToSalesTrailing12Months": 0.8326703, "fiftyDayAverage": 35.036766, "twoHundredDayAverage": 35.62867, "currency": "INR", "fromCurrency": null, "toCurrency": null, "lastMarket": null, "algorithm": null, "tradeable": false}, "insiderHolders": {"holders": [{"maxAge": 1, "name": "Mehta (Nemichand J)", "relation": "Promoter", "url": "", "transactionDescription": "Sale", "latestTransDate": "2017-02-13", "positionDirect": 28900000, "positionDirectDate": "2017-02-13"}, {"maxAge": 1, "name": "Mehta (Shaileja Nemichand)", "relation": "Promoter", "url": "", "transactionDescription": "Sale", "latestTransDate": "2017-02-13", "positionDirect": 18365000, "positionDirectDate": "2017-02-13"}, {"maxAge": 1, "name": "Mehta (Shantilal Jayavantraj)", "relation": "Chairman of the Board", "url": "", "transactionDescription": "Sale", "latestTransDate": "2017-02-13", "positionDirect": 45075000, "positionDirectDate": "2017-02-13"}, {"maxAge": 1, "name": "Sidhhartha Corporation Pvt Ltd", "relation": "Promoter", "url": "", "transactionDescription": "Acquisition", "latestTransDate": "2017-02-13", "positionDirect": 9248347, "positionDirectDate": "2017-02-13"}], "maxAge": 1}, "calendarEvents": {"maxAge": 1, "earnings": {"earningsDate": []}}, "price": {"maxAge": 1, "regularMarketChangePercent": -0.004392431, "regularMarketChange": -0.15000153, "regularMarketTime": "2021-04-30 15:29:53", "priceHint": 2, "regularMarketPrice": 34.0, "regularMarketDayHigh": 34.95, "regularMarketDayLow": 33.8, "regularMarketVolume": 302306, "averageDailyVolume10Day": 1044488, "averageDailyVolume3Month": 856443, "regularMarketPreviousClose": 34.15, "regularMarketSource": "FREE_REALTIME", "regularMarketOpen": 34.15, "exchange": "NSI", "exchangeName": "NSE", "exchangeDataDelayedBy": 15, "marketState": "CLOSED", "quoteType": "EQUITY", "symbol": "NAVKARCORP.NS", "underlyingSymbol": null, "shortName": "NAVKAR CORPORATION", "longName": "Navkar Corporation Limited", "currency": "INR", "quoteSourceName": "Delayed Quote", "currencySymbol": "\u20b9", "fromCurrency": null, "toCurrency": null, "lastMarket": null, "marketCap": 5117646336}, "balanceSheetHistory": {"balanceSheetStatements": [{"maxAge": 1, "endDate": "2020-03-31", "cash": 23709000, "shortTermInvestments": 10938000, "netReceivables": 1269381000, "inventory": 96628000, "otherCurrentAssets": 180695000, "totalCurrentAssets": 1628816000, "propertyPlantEquipment": 21449532000, "intangibleAssets": 114519000, "otherAssets": 1078374000, "deferredLongTermAssetCharges": 381401000, "totalAssets": 24271241000, "accountsPayable": 336212000, "shortLongTermDebt": 694953000, "otherCurrentLiab": 300354000, "longTermDebt": 4104180000, "otherLiab": 57230000, "totalCurrentLiabilities": 2117379000, "totalLiab": 6278789000, "commonStock": 1505192000, "retainedEarnings": 5902443000, "treasuryStock": 636023000, "capitalSurplus": 9948794000, "otherStockholderEquity": 636023000, "totalStockholderEquity": 17992452000, "netTangibleAssets": 17877933000}, {"maxAge": 1, "endDate": "2019-03-31", "cash": 61965000, "shortTermInvestments": 5455000, "netReceivables": 1036583000, "inventory": 93426000, "otherCurrentAssets": 159320000, "totalCurrentAssets": 1388219000, "longTermInvestments": 60997000, "propertyPlantEquipment": 20285221000, "intangibleAssets": 20275000, "otherAssets": 1239384000, "deferredLongTermAssetCharges": 566294000, "totalAssets": 22933099000, "accountsPayable": 185605000, "shortLongTermDebt": 793546000, "otherCurrentLiab": 108477000, "longTermDebt": 3735603000, "otherLiab": 63698000, "totalCurrentLiabilities": 1592224000, "totalLiab": 5391525000, "commonStock": 1505192000, "retainedEarnings": 5475749000, "treasuryStock": 611839000, "capitalSurplus": 9948794000, "otherStockholderEquity": 611839000, "totalStockholderEquity": 17541574000, "netTangibleAssets": 17521299000}, {"maxAge": 1, "endDate": "2018-03-31", "cash": 95930000, "shortTermInvestments": 4765000, "netReceivables": 847407000, "inventory": 70373000, "otherCurrentAssets": 291580000, "totalCurrentAssets": 1347739000, "propertyPlantEquipment": 18829408000, "intangibleAssets": 14462000, "otherAssets": 1249859000, "deferredLongTermAssetCharges": 576102000, "totalAssets": 21441468000, "accountsPayable": 213939000, "shortLongTermDebt": 514943000, "otherCurrentLiab": 158099000, "longTermDebt": 3284965000, "otherLiab": 49425000, "totalCurrentLiabilities": 1094283000, "totalLiab": 4428673000, "commonStock": 1505192000, "retainedEarnings": 4966137000, "treasuryStock": 592672000, "capitalSurplus": 9948794000, "otherStockholderEquity": 592672000, "totalStockholderEquity": 17012795000, "netTangibleAssets": 16998333000}, {"maxAge": 1, "endDate": "2017-03-31", "cash": 383952000, "shortTermInvestments": 13372000, "netReceivables": 719145000, "inventory": 56857000, "otherCurrentAssets": 923273000, "totalCurrentAssets": 2131870000, "propertyPlantEquipment": 17182532000, "intangibleAssets": 15368000, "otherAssets": 1667088000, "totalAssets": 20996858000, "accountsPayable": 606067000, "shortLongTermDebt": 1321640000, "otherCurrentLiab": 126515000, "longTermDebt": 3393424000, "otherLiab": 460954000, "totalCurrentLiabilities": 2533739000, "totalLiab": 6388117000, "commonStock": 1426080000, "retainedEarnings": 3974880000, "treasuryStock": 573505000, "capitalSurplus": 8634276000, "otherStockholderEquity": 573505000, "totalStockholderEquity": 14608741000, "netTangibleAssets": 14593373000}], "maxAge": 86400}, "earningsTrend": {"trend": [{"maxAge": 1, "period": "0q", "endDate": "2018-06-30", "growth": {}, "earningsEstimate": {"avg": 0.0, "low": 0.0, "high": 0.0, "yearAgoEps": 1.52, "numberOfAnalysts": 0, "growth": {}}, "revenueEstimate": {"avg": 0, "low": 0, "high": 0, "numberOfAnalysts": 0, "yearAgoRevenue": {}, "growth": {}}, "epsTrend": {"current": 0.0, "7daysAgo": 0.0, "30daysAgo": 0.0, "60daysAgo": 0.0, "90daysAgo": 0.0}, "epsRevisions": {"upLast7days": 0, "upLast30days": 0, "downLast30days": 0, "downLast90days": {}}}, {"maxAge": 1, "period": "+1q", "endDate": "2018-09-30", "growth": {}, "earningsEstimate": {"avg": 0.0, "low": 0.0, "high": 0.0, "yearAgoEps": 1.74, "numberOfAnalysts": 0, "growth": {}}, "revenueEstimate": {"avg": 0, "low": 0, "high": 0, "numberOfAnalysts": 0, "yearAgoRevenue": {}, "growth": {}}, "epsTrend": {"current": 0.0, "7daysAgo": 0.0, "30daysAgo": 0.0, "60daysAgo": 0.0, "90daysAgo": 0.0}, "epsRevisions": {"upLast7days": 0, "upLast30days": 0, "downLast30days": 0, "downLast90days": {}}}, {"maxAge": 1, "period": "0y", "endDate": "2019-03-31", "growth": 0.344, "earningsEstimate": {"avg": 9.3, "low": 7.21, "high": 11.8, "yearAgoEps": 6.92, "numberOfAnalysts": 8, "growth": 0.344}, "revenueEstimate": {"avg": 5706040000, "low": 4743350000, "high": 7153000000, "numberOfAnalysts": 8, "yearAgoRevenue": 4281740000, "growth": 0.333}, "epsTrend": {"current": 9.3, "7daysAgo": 9.3, "30daysAgo": 9.3, "60daysAgo": 10.03, "90daysAgo": 9.76}, "epsRevisions": {"upLast7days": 0, "upLast30days": 0, "downLast30days": 0, "downLast90days": {}}}, {"maxAge": 1, "period": "+1y", "endDate": "2020-03-31", "growth": 0.35799998, "earningsEstimate": {"avg": 12.63, "low": 9.4, "high": 15.6, "yearAgoEps": 9.3, "numberOfAnalysts": 7, "growth": 0.35799998}, "revenueEstimate": {"avg": 7298710000, "low": 5862000000, "high": 8968000000, "numberOfAnalysts": 7, "yearAgoRevenue": 5706040000, "growth": 0.27899998}, "epsTrend": {"current": 12.63, "7daysAgo": 12.63, "30daysAgo": 12.63, "60daysAgo": 13.7, "90daysAgo": 13.7}, "epsRevisions": {"upLast7days": 0, "upLast30days": 0, "downLast30days": 0, "downLast90days": {}}}, {"maxAge": 1, "period": "+5y", "endDate": null, "growth": {}, "earningsEstimate": {"avg": {}, "low": {}, "high": {}, "yearAgoEps": {}, "numberOfAnalysts": {}, "growth": {}}, "revenueEstimate": {"avg": {}, "low": {}, "high": {}, "numberOfAnalysts": {}, "yearAgoRevenue": {}, "growth": {}}, "epsTrend": {"current": {}, "7daysAgo": {}, "30daysAgo": {}, "60daysAgo": {}, "90daysAgo": {}}, "epsRevisions": {"upLast7days": {}, "upLast30days": {}, "downLast30days": {}, "downLast90days": {}}}, {"maxAge": 1, "period": "-5y", "endDate": null, "growth": -0.032980002, "earningsEstimate": {"avg": {}, "low": {}, "high": {}, "yearAgoEps": {}, "numberOfAnalysts": {}, "growth": {}}, "revenueEstimate": {"avg": {}, "low": {}, "high": {}, "numberOfAnalysts": {}, "yearAgoRevenue": {}, "growth": {}}, "epsTrend": {"current": {}, "7daysAgo": {}, "30daysAgo": {}, "60daysAgo": {}, "90daysAgo": {}}, "epsRevisions": {"upLast7days": {}, "upLast30days": {}, "downLast30days": {}, "downLast90days": {}}}], "maxAge": 1}, "institutionOwnership": {"maxAge": 1, "ownershipList": []}, "majorHoldersBreakdown": {"maxAge": 1, "insidersPercentHeld": 0.70754, "institutionsPercentHeld": 0.07403, "institutionsFloatPercentHeld": 0.25314, "institutionsCount": 2}, "balanceSheetHistoryQuarterly": {"balanceSheetStatements": [{"maxAge": 1, "endDate": "2020-12-31", "totalStockholderEquity": 17930266000, "netTangibleAssets": 17819801000}, {"maxAge": 1, "endDate": "2020-09-30", "cash": 51787000, "shortTermInvestments": 51880000, "netReceivables": 910138000, "inventory": 40558000, "otherCurrentAssets": 414725000, "totalCurrentAssets": 1469088000, "longTermInvestments": 68373000, "propertyPlantEquipment": 21629380000, "intangibleAssets": 110465000, "otherAssets": 952217000, "deferredLongTermAssetCharges": 323520000, "totalAssets": 24229523000, "accountsPayable": 277176000, "otherCurrentLiab": 1226158000, "longTermDebt": 3873743000, "otherLiab": 204414000, "totalCurrentLiabilities": 2221100000, "totalLiab": 6299257000, "commonStock": 1505192000, "treasuryStock": 16425074000, "otherStockholderEquity": 16425074000, "totalStockholderEquity": 17930266000, "netTangibleAssets": 17819801000}, {"maxAge": 1, "endDate": "2020-06-30", "totalStockholderEquity": 17992452000, "netTangibleAssets": 17877933000}, {"maxAge": 1, "endDate": "2020-03-31", "cash": 23709000, "shortTermInvestments": 10938000, "netReceivables": 1269381000, "inventory": 96628000, "otherCurrentAssets": 180695000, "totalCurrentAssets": 1628816000, "propertyPlantEquipment": 21449532000, "intangibleAssets": 114519000, "otherAssets": 1078374000, "deferredLongTermAssetCharges": 381401000, "totalAssets": 24271241000, "accountsPayable": 336212000, "shortLongTermDebt": 694953000, "otherCurrentLiab": 300354000, "longTermDebt": 4104180000, "otherLiab": 57230000, "totalCurrentLiabilities": 2117379000, "totalLiab": 6278789000, "commonStock": 1505192000, "retainedEarnings": 5902443000, "treasuryStock": 636023000, "capitalSurplus": 9948794000, "otherStockholderEquity": 636023000, "totalStockholderEquity": 17992452000, "netTangibleAssets": 17877933000}], "maxAge": 86400}, "earningsHistory": {"history": [{"maxAge": 1, "epsActual": 1.52, "epsEstimate": 1.63, "epsDifference": -0.11, "surprisePercent": -0.067, "quarter": "2017-06-30", "period": "-4q"}, {"maxAge": 1, "epsActual": 1.74, "epsEstimate": 1.64, "epsDifference": 0.1, "surprisePercent": 0.061, "quarter": "2017-09-30", "period": "-3q"}, {"maxAge": 1, "epsActual": 1.59, "epsEstimate": 1.4, "epsDifference": 0.19, "surprisePercent": 0.136, "quarter": "2017-12-31", "period": "-2q"}, {"maxAge": 1, "epsActual": 1.84, "epsEstimate": 1.74, "epsDifference": 0.1, "surprisePercent": 0.056999996, "quarter": "2018-03-31", "period": "-1q"}], "maxAge": 86400}, "summaryProfile": {"address1": "Goodwill Infinity", "address2": "4th Floor, Plot No. E/3A Sector - 12, Near Utsav Chowk Kharghar", "city": "Navi Mumbai", "zip": "410210", "country": "India", "phone": "91 22 3800 6500", "fax": "91 22 3800 6509", "website": "http://www.navkarcfs.com", "industry": "Integrated Freight & Logistics", "sector": "Industrials", "longBusinessSummary": "Navkar Corporation Limited provides container freight station, inland container depot, and other related services in India. The company operates a private railway freight terminal, which loads and unloads cargo/containers; and owns and operates trailers for the transportation of cargo. It also operates a buffer yard and warehouses for storage of various export and import related cargoes, such as bagged, unpacked, heavy lifts, grains, chemicals, steel, metals, project cargoes, etc., as well as provides consolidation of cargoes. In addition, the company handles various refrigerated containers, and over-dimensional cargoes and out-of-gauge cargoes; manages temperature-controlled chambers; stores and handles hazardous cargoes; and operates customs facility for examining and clearance of cargoes. In addition, it offers bonded warehousing and empty container storage services; palletizing, shrink-wrapping, packing and re-packing, surveying, fumigation and pest control, bar-coding and labeling, and other related services for cargoes or processes; and maintenance and repair services for various containers as per the requirements of shipping lines. Navkar Corporation Limited was incorporated in 2008 and is based in Navi Mumbai, India.", "fullTimeEmployees": 499, "companyOfficers": [], "maxAge": 86400}, "netSharePurchaseActivity": {"maxAge": 1, "period": "6m", "buyInfoCount": 0, "buyInfoShares": 0, "sellInfoCount": 0, "netInfoCount": 0, "netInfoShares": 0, "netPercentInsiderShares": 0.0, "totalInsiderShares": 107027728}, "insiderTransactions": {"transactions": [{"maxAge": 1, "shares": 2000000, "filerUrl": "", "transactionText": "", "filerName": "Mehta (Nemichand J)", "filerRelation": "Promoter", "moneyText": "", "startDate": "2017-02-13", "ownership": "D"}, {"maxAge": 1, "shares": 1735000, "filerUrl": "", "transactionText": "", "filerName": "Mehta (Shaileja Nemichand)", "filerRelation": "Promoter", "moneyText": "", "startDate": "2017-02-13", "ownership": "D"}, {"maxAge": 1, "shares": 3225000, "filerUrl": "", "transactionText": "", "filerName": "Mehta (Shantilal Jayavantraj)", "filerRelation": "Chairman of the Board", "moneyText": "", "startDate": "2017-02-13", "ownership": "D"}, {"maxAge": 1, "shares": 6960000, "filerUrl": "", "transactionText": "", "filerName": "Sidhhartha Corporation Pvt Ltd", "filerRelation": "Promoter", "moneyText": "", "startDate": "2017-02-13", "ownership": "D"}], "maxAge": 1}, "sectorTrend": {"maxAge": 1, "symbol": null, "estimates": []}, "incomeStatementHistoryQuarterly": {"incomeStatementHistory": [{"maxAge": 1, "endDate": "2020-12-31", "totalRevenue": 1900428000, "costOfRevenue": 1261653000, "grossProfit": 638775000, "researchDevelopment": {}, "sellingGeneralAdministrative": {}, "nonRecurring": {}, "otherOperatingExpenses": 173637000, "totalOperatingExpenses": 1567883000, "operatingIncome": 332545000, "totalOtherIncomeExpenseNet": -151999000, "ebit": 332545000, "interestExpense": -154024000, "incomeBeforeTax": 180546000, "incomeTaxExpense": 41380000, "minorityInterest": {}, "netIncomeFromContinuingOps": 139166000, "discontinuedOperations": {}, "extraordinaryItems": {}, "effectOfAccountingCharges": {}, "otherItems": {}, "netIncome": 139166000, "netIncomeApplicableToCommonShares": 139166000}, {"maxAge": 1, "endDate": "2020-09-30", "totalRevenue": 1472112000, "costOfRevenue": 997047000, "grossProfit": 475065000, "researchDevelopment": {}, "sellingGeneralAdministrative": {}, "nonRecurring": {}, "otherOperatingExpenses": 93430000, "totalOperatingExpenses": 1225688000, "operatingIncome": 246424000, "totalOtherIncomeExpenseNet": -150356000, "ebit": 246424000, "interestExpense": -155512000, "incomeBeforeTax": 96068000, "incomeTaxExpense": 30344000, "minorityInterest": {}, "netIncomeFromContinuingOps": 65724000, "discontinuedOperations": {}, "extraordinaryItems": {}, "effectOfAccountingCharges": {}, "otherItems": {}, "netIncome": 65724000, "netIncomeApplicableToCommonShares": 65724000}, {"maxAge": 1, "endDate": "2020-06-30", "totalRevenue": 1214984000, "costOfRevenue": 899362000, "grossProfit": 315622000, "researchDevelopment": {}, "sellingGeneralAdministrative": {}, "nonRecurring": {}, "otherOperatingExpenses": 156011000, "totalOperatingExpenses": 1171289000, "operatingIncome": 43695000, "totalOtherIncomeExpenseNet": -139538000, "ebit": 43695000, "interestExpense": -140969000, "incomeBeforeTax": -95843000, "incomeTaxExpense": 29120000, "minorityInterest": {}, "netIncomeFromContinuingOps": -124963000, "discontinuedOperations": {}, "extraordinaryItems": {}, "effectOfAccountingCharges": {}, "otherItems": {}, "netIncome": -124963000, "netIncomeApplicableToCommonShares": -124963000}, {"maxAge": 1, "endDate": "2020-03-31", "totalRevenue": 1558542000, "costOfRevenue": 1029756000, "grossProfit": 528786000, "researchDevelopment": {}, "sellingGeneralAdministrative": 13663000, "nonRecurring": {}, "otherOperatingExpenses": 123739000, "totalOperatingExpenses": 1267389000, "operatingIncome": 291153000, "totalOtherIncomeExpenseNet": -144187000, "ebit": 291153000, "interestExpense": -107594000, "incomeBeforeTax": 146966000, "incomeTaxExpense": 59802000, "minorityInterest": {}, "netIncomeFromContinuingOps": 87164000, "discontinuedOperations": {}, "extraordinaryItems": {}, "effectOfAccountingCharges": {}, "otherItems": {}, "netIncome": 87164000, "netIncomeApplicableToCommonShares": 87164000}], "maxAge": 86400}, "cashflowStatementHistoryQuarterly": {"cashflowStatements": [{"maxAge": 1, "endDate": "2020-12-31", "netIncome": 139166000, "changeToLiabilities": 0}, {"maxAge": 1, "endDate": "2020-09-30", "netIncome": 65724000, "changeToLiabilities": 0}, {"maxAge": 1, "endDate": "2020-06-30", "netIncome": -124963000, "changeToLiabilities": 0}, {"maxAge": 1, "endDate": "2020-03-31", "netIncome": 87164000, "changeToLiabilities": 0}], "maxAge": 86400}, "earnings": {"maxAge": 86400, "earningsChart": {"quarterly": [{"date": "2Q2017", "actual": 1.52, "estimate": 1.63}, {"date": "3Q2017", "actual": 1.74, "estimate": 1.64}, {"date": "4Q2017", "actual": 1.59, "estimate": 1.4}, {"date": "1Q2018", "actual": 1.84, "estimate": 1.74}], "currentQuarterEstimateDate": "2Q", "currentQuarterEstimateYear": 2018, "earningsDate": []}, "financialsChart": {"yearly": [{"date": 2017, "revenue": 3709053000, "earnings": 887888000}, {"date": 2018, "revenue": 4281736000, "earnings": 1009177000}, {"date": 2019, "revenue": 4825839000, "earnings": 528193000}, {"date": 2020, "revenue": 5670982000, "earnings": 453127000}], "quarterly": [{"date": "1Q2020", "revenue": 1558542000, "earnings": 87164000}, {"date": "2Q2020", "revenue": 1214984000, "earnings": -124963000}, {"date": "3Q2020", "revenue": 1472112000, "earnings": 65724000}, {"date": "4Q2020", "revenue": 1900428000, "earnings": 139166000}]}, "financialCurrency": "INR"}, "financialData": {"maxAge": 86400, "currentPrice": 34.0, "targetHighPrice": 240.0, "targetLowPrice": 165.0, "targetMeanPrice": 198.57, "targetMedianPrice": 196.0, "recommendationMean": 1.8, "recommendationKey": "buy", "numberOfAnalystOpinions": 7, "totalCash": 103667000, "totalCashPerShare": 0.685, "ebitda": 1341543808, "totalDebt": 4465740800, "totalRevenue": 6146065920, "debtToEquity": 24.906, "revenuePerShare": 40.791, "grossProfits": 2335053000, "earningsGrowth": -0.08, "revenueGrowth": 0.317, "grossMargins": 0.31862, "ebitdaMargins": 0.21827999, "operatingMargins": 0.14868, "profitMargins": 0.027190002, "financialCurrency": "INR"}}}