{"NAVKARCORP.BO": {"recommendationTrend": {"trend": [{"period": "0m", "strongBuy": 0, "buy": 0, "hold": 0, "sell": 0, "strongSell": 0}, {"period": "-1m", "strongBuy": 0, "buy": 0, "hold": 0, "sell": 0, "strongSell": 0}, {"period": "-2m", "strongBuy": 0, "buy": 0, "hold": 0, "sell": 0, "strongSell": 0}, {"period": "-3m", "strongBuy": 0, "buy": 0, "hold": 0, "sell": 0, "strongSell": 0}], "maxAge": 86400}, "cashflowStatementHistory": {"cashflowStatements": [{"maxAge": 1, "endDate": "2020-03-31", "netIncome": 453127000, "depreciation": 412762000, "changeToNetincome": 719024000, "changeToAccountReceivables": -106309000, "changeToLiabilities": 150606000, "changeToInventory": -3202000, "changeToOperatingActivities": 13522000, "totalCashFromOperatingActivities": 1647767000, "capitalExpenditures": -1760091000, "otherCashflowsFromInvestingActivities": 43898000, "totalCashflowsFromInvestingActivities": -1699389000, "netBorrowings": 396856000, "otherCashflowsFromFinancingActivities": -383490000, "totalCashFromFinancingActivities": 13366000, "changeInCash": -38256000}, {"maxAge": 1, "endDate": "2019-03-31", "netIncome": 528193000, "depreciation": 392809000, "changeToNetincome": 460610000, "changeToAccountReceivables": -181224000, "changeToLiabilities": -28334000, "changeToInventory": -23053000, "changeToOperatingActivities": 124667000, "totalCashFromOperatingActivities": 1280985000, "capitalExpenditures": -1861008000, "otherCashflowsFromInvestingActivities": 52199000, "totalCashflowsFromInvestingActivities": -1806044000, "netBorrowings": 859915000, "otherCashflowsFromFinancingActivities": -368821000, "totalCashFromFinancingActivities": 491094000, "changeInCash": -33965000}, {"maxAge": 1, "endDate": "2018-03-31", "netIncome": 1009177000, "depreciation": 226860000, "changeToNetincome": 230134000, "changeToAccountReceivables": -64136000, "changeToLiabilities": -392128000, "changeToInventory": -13516000, "changeToOperatingActivities": -264721000, "totalCashFromOperatingActivities": 734175000, "capitalExpenditures": -1925568000, "otherCashflowsFromInvestingActivities": 839675000, "totalCashflowsFromInvestingActivities": -1077231000, "netBorrowings": -1157076000, "otherCashflowsFromFinancingActivities": -235632000, "totalCashFromFinancingActivities": 55034000, "changeInCash": -288022000, "issuanceOfStock": 1447742000}, {"maxAge": 1, "endDate": "2017-03-31", "netIncome": 887888000, "depreciation": 199420000, "changeToNetincome": 24893000, "changeToAccountReceivables": 27631000, "changeToLiabilities": -110868000, "changeToInventory": -17039000, "changeToOperatingActivities": 70274000, "totalCashFromOperatingActivities": 1083570000, "capitalExpenditures": -2538086000, "otherCashflowsFromInvestingActivities": 2036541000, "totalCashflowsFromInvestingActivities": -472216000, "netBorrowings": 36167000, "otherCashflowsFromFinancingActivities": -312364000, "totalCashFromFinancingActivities": -276197000, "changeInCash": 335157000, "issuanceOfStock": 1447742000}], "maxAge": 86400}, "institutionOwnership": {"ownershipList": [], "maxAge": 1}, "balanceSheetHistoryQuarterly": {"balanceSheetStatements": [{"maxAge": 1, "endDate": "2020-06-30", "totalStockholderEquity": 17992452000, "netTangibleAssets": 17877933000}, {"maxAge": 1, "endDate": "2020-03-31", "cash": 23709000, "shortTermInvestments": 10938000, "netReceivables": 1269381000, "inventory": 96628000, "otherCurrentAssets": 180695000, "totalCurrentAssets": 1628816000, "propertyPlantEquipment": 21449532000, "intangibleAssets": 114519000, "otherAssets": 1078374000, "deferredLongTermAssetCharges": 381401000, "totalAssets": 24271241000, "accountsPayable": 336212000, "shortLongTermDebt": 694953000, "otherCurrentLiab": 300354000, "longTermDebt": 4104180000, "otherLiab": 57230000, "totalCurrentLiabilities": 2117379000, "totalLiab": 6278789000, "commonStock": 1505192000, "retainedEarnings": 5902443000, "treasuryStock": 636023000, "capitalSurplus": 9948794000, "otherStockholderEquity": 636023000, "totalStockholderEquity": 17992452000, "netTangibleAssets": 17877933000}, {"maxAge": 1, "endDate": "2019-12-31", "totalStockholderEquity": 17755354000, "netTangibleAssets": 17738291000}, {"maxAge": 1, "endDate": "2019-09-30", "cash": 22912000, "shortTermInvestments": 54460000, "netReceivables": 731783000, "inventory": 103384000, "otherCurrentAssets": 522420000, "totalCurrentAssets": 1434959000, "longTermInvestments": 55900000, "propertyPlantEquipment": 20706197000, "intangibleAssets": 17063000, "otherAssets": 1307722000, "deferredLongTermAssetCharges": 469481000, "totalAssets": 23521841000, "accountsPayable": 241377000, "shortLongTermDebt": 1185356000, "otherCurrentLiab": 565000, "longTermDebt": 3597880000, "otherLiab": 72041000, "totalCurrentLiabilities": 2096566000, "totalLiab": 5766487000, "commonStock": 1505192000, "treasuryStock": 16250162000, "otherStockholderEquity": 16250162000, "totalStockholderEquity": 17755354000, "netTangibleAssets": 17738291000}], "maxAge": 86400}, "earningsHistory": {"history": [{"maxAge": 1, "epsActual": 1.59, "epsEstimate": 1.4, "epsDifference": 0.19, "surprisePercent": 0.136, "quarter": "2017-12-31", "period": "-4q"}, {"maxAge": 1, "epsActual": 1.84, "epsEstimate": 1.74, "epsDifference": 0.1, "surprisePercent": 0.056999996, "quarter": "2018-03-31", "period": "-3q"}, {"maxAge": 1, "epsActual": 2.0, "epsEstimate": 1.95, "epsDifference": 0.05, "surprisePercent": 0.025999999, "quarter": "2018-06-30", "period": "-2q"}, {"maxAge": 1, "epsActual": 0.22, "epsEstimate": 1.9, "epsDifference": -1.68, "surprisePercent": -0.884, "quarter": "2018-09-30", "period": "-1q"}], "maxAge": 86400}, "indexTrend": {"maxAge": 1, "symbol": "SP5", "peRatio": 19.7411, "pegRatio": 1.34172, "estimates": [{"period": "0q", "growth": 0.549}, {"period": "+1q", "growth": 0.431}, {"period": "0y", "growth": 0.305}, {"period": "+1y", "growth": 0.109}, {"period": "+5y", "growth": 0.120865}, {"period": "-5y"}]}, "industryTrend": {"maxAge": 1, "symbol": null, "estimates": []}, "insiderTransactions": {"transactions": [{"maxAge": 1, "shares": 2000000, "filerUrl": "", "transactionText": "", "filerName": "Mehta (Nemichand J)", "filerRelation": "Promoter", "moneyText": "", "startDate": "2017-02-13", "ownership": "D"}, {"maxAge": 1, "shares": 1735000, "filerUrl": "", "transactionText": "", "filerName": "Mehta (Shaileja Nemichand)", "filerRelation": "Promoter", "moneyText": "", "startDate": "2017-02-13", "ownership": "D"}, {"maxAge": 1, "shares": 3225000, "filerUrl": "", "transactionText": "", "filerName": "Mehta (Shantilal Jayavantraj)", "filerRelation": "Chairman of the Board", "moneyText": "", "startDate": "2017-02-13", "ownership": "D"}, {"maxAge": 1, "shares": 6960000, "filerUrl": "", "transactionText": "", "filerName": "Sidhhartha Corporation Pvt Ltd", "filerRelation": "Promoter", "moneyText": "", "startDate": "2017-02-13", "ownership": "D"}], "maxAge": 1}, "quoteType": {"exchange": "BSE", "quoteType": "EQUITY", "symbol": "NAVKARCORP.BO", "underlyingSymbol": "NAVKARCORP.BO", "shortName": "Navkar Corporation Limited", "longName": "Navkar Corporation Limited", "firstTradeDateEpochUtc": "2015-09-09 09:15:00", "timeZoneFullName": "Asia/Kolkata", "timeZoneShortName": "IST", "uuid": "27aca72c-76c1-3855-9e1a-d59a6ab74ca2", "gmtOffSetMilliseconds": 19800000, "maxAge": 1}, "incomeStatementHistory": {"incomeStatementHistory": [{"maxAge": 1, "endDate": "2020-03-31", "totalRevenue": 5670982000, "costOfRevenue": 3335929000, "grossProfit": 2335053000, "researchDevelopment": {}, "sellingGeneralAdministrative": 13663000, "nonRecurring": {}, "otherOperatingExpenses": 634834000, "totalOperatingExpenses": 4405425000, "operatingIncome": 1265557000, "totalOtherIncomeExpenseNet": -491429000, "ebit": 1265557000, "interestExpense": -459385000, "incomeBeforeTax": 774128000, "incomeTaxExpense": 321001000, "minorityInterest": {}, "netIncomeFromContinuingOps": 453127000, "discontinuedOperations": {}, "extraordinaryItems": {}, "effectOfAccountingCharges": {}, "otherItems": {}, "netIncome": 453127000, "netIncomeApplicableToCommonShares": 453127000}, {"maxAge": 1, "endDate": "2019-03-31", "totalRevenue": 4825839000, "costOfRevenue": 2728786000, "grossProfit": 2097053000, "researchDevelopment": {}, "sellingGeneralAdministrative": 39654000, "nonRecurring": {}, "otherOperatingExpenses": 461638000, "totalOperatingExpenses": 3630204000, "operatingIncome": 1195635000, "totalOtherIncomeExpenseNet": -508579000, "ebit": 1195635000, "interestExpense": -431945000, "incomeBeforeTax": 687056000, "incomeTaxExpense": 158863000, "minorityInterest": {}, "netIncomeFromContinuingOps": 528193000, "discontinuedOperations": {}, "extraordinaryItems": {}, "effectOfAccountingCharges": {}, "otherItems": {}, "netIncome": 528193000, "netIncomeApplicableToCommonShares": 528193000}, {"maxAge": 1, "endDate": "2018-03-31", "totalRevenue": 4281736000, "costOfRevenue": 2172536000, "grossProfit": 2109200000, "researchDevelopment": {}, "sellingGeneralAdministrative": 10245000, "nonRecurring": {}, "otherOperatingExpenses": 407098000, "totalOperatingExpenses": 2819244000, "operatingIncome": 1462492000, "totalOtherIncomeExpenseNet": -178658000, "ebit": 1462492000, "interestExpense": -168632000, "incomeBeforeTax": 1283834000, "incomeTaxExpense": 274657000, "minorityInterest": {}, "netIncomeFromContinuingOps": 1009177000, "discontinuedOperations": {}, "extraordinaryItems": {}, "effectOfAccountingCharges": {}, "otherItems": {}, "netIncome": 1009177000, "netIncomeApplicableToCommonShares": 1009177000}, {"maxAge": 1, "endDate": "2017-03-31", "totalRevenue": 3709053000, "costOfRevenue": 1979993000, "grossProfit": 1729060000, "researchDevelopment": {}, "sellingGeneralAdministrative": 10193000, "nonRecurring": {}, "otherOperatingExpenses": 325786000, "totalOperatingExpenses": 2516763000, "operatingIncome": 1192290000, "totalOtherIncomeExpenseNet": -200174000, "ebit": 1192290000, "interestExpense": -299611000, "incomeBeforeTax": 992116000, "incomeTaxExpense": 104228000, "minorityInterest": {}, "netIncomeFromContinuingOps": 887888000, "discontinuedOperations": {}, "extraordinaryItems": {}, "effectOfAccountingCharges": {}, "otherItems": {}, "netIncome": 887888000, "netIncomeApplicableToCommonShares": 887888000}], "maxAge": 86400}, "fundOwnership": {"ownershipList": [], "maxAge": 1}, "summaryDetail": {"maxAge": 1, "priceHint": 2, "previousClose": 34.15, "open": 34.9, "dayLow": 33.8, "dayHigh": 34.9, "regularMarketPreviousClose": 34.15, "regularMarketOpen": 34.9, "regularMarketDayLow": 33.8, "regularMarketDayHigh": 34.9, "trailingPE": 23.945147, "forwardPE": 4.2350745, "volume": 21877, "regularMarketVolume": 21877, "averageVolume": 142589, "averageVolume10days": 44206, "averageDailyVolume10Day": 44206, "bid": 34.0, "ask": 34.05, "bidSize": 0, "askSize": 0, "marketCap": 5104878080, "fiftyTwoWeekLow": 13.2, "fiftyTwoWeekHigh": 49.35, "fiftyDayAverage": 41.936363, "twoHundredDayAverage": 30.866177, "currency": "INR", "fromCurrency": null, "lastMarket": null, "algorithm": null, "tradeable": false}, "sectorTrend": {"maxAge": 1, "symbol": null, "estimates": []}, "incomeStatementHistoryQuarterly": {"incomeStatementHistory": [{"maxAge": 1, "endDate": "2020-06-30", "totalRevenue": 1214984000, "costOfRevenue": 899362000, "grossProfit": 315622000, "researchDevelopment": {}, "sellingGeneralAdministrative": {}, "nonRecurring": {}, "otherOperatingExpenses": 156011000, "totalOperatingExpenses": 1171289000, "operatingIncome": 43695000, "totalOtherIncomeExpenseNet": -139538000, "ebit": 43695000, "interestExpense": -140969000, "incomeBeforeTax": -95843000, "incomeTaxExpense": 29120000, "minorityInterest": {}, "netIncomeFromContinuingOps": -124963000, "discontinuedOperations": {}, "extraordinaryItems": {}, "effectOfAccountingCharges": {}, "otherItems": {}, "netIncome": -124963000, "netIncomeApplicableToCommonShares": -124963000}, {"maxAge": 1, "endDate": "2020-03-31", "totalRevenue": 1558542000, "costOfRevenue": 1029756000, "grossProfit": 528786000, "researchDevelopment": {}, "sellingGeneralAdministrative": 13663000, "nonRecurring": {}, "otherOperatingExpenses": 123739000, "totalOperatingExpenses": 1267389000, "operatingIncome": 291153000, "totalOtherIncomeExpenseNet": -144187000, "ebit": 291153000, "interestExpense": -107594000, "incomeBeforeTax": 146966000, "incomeTaxExpense": 59802000, "minorityInterest": {}, "netIncomeFromContinuingOps": 87164000, "discontinuedOperations": {}, "extraordinaryItems": {}, "effectOfAccountingCharges": {}, "otherItems": {}, "netIncome": 87164000, "netIncomeApplicableToCommonShares": 87164000}, {"maxAge": 1, "endDate": "2019-12-31", "totalRevenue": 1442508000, "costOfRevenue": 787035000, "grossProfit": 655473000, "researchDevelopment": {}, "sellingGeneralAdministrative": 13663000, "nonRecurring": {}, "otherOperatingExpenses": 189062000, "totalOperatingExpenses": 1084083000, "operatingIncome": 358425000, "totalOtherIncomeExpenseNet": -110563000, "ebit": 358425000, "interestExpense": -111874000, "incomeBeforeTax": 247862000, "incomeTaxExpense": 97132000, "minorityInterest": {}, "netIncomeFromContinuingOps": 150730000, "discontinuedOperations": {}, "extraordinaryItems": {}, "effectOfAccountingCharges": {}, "otherItems": {}, "netIncome": 150730000, "netIncomeApplicableToCommonShares": 150730000}, {"maxAge": 1, "endDate": "2019-09-30", "totalRevenue": 1305330000, "costOfRevenue": 725843000, "grossProfit": 579487000, "researchDevelopment": {}, "sellingGeneralAdministrative": 13663000, "nonRecurring": {}, "otherOperatingExpenses": 170151000, "totalOperatingExpenses": 1003263000, "operatingIncome": 302067000, "totalOtherIncomeExpenseNet": -119975000, "ebit": 302067000, "interestExpense": -120746000, "incomeBeforeTax": 182092000, "incomeTaxExpense": 80606000, "minorityInterest": {}, "netIncomeFromContinuingOps": 101486000, "discontinuedOperations": {}, "extraordinaryItems": {}, "effectOfAccountingCharges": {}, "otherItems": {}, "netIncome": 101486000, "netIncomeApplicableToCommonShares": 101486000}], "maxAge": 86400}, "cashflowStatementHistoryQuarterly": {"cashflowStatements": [{"maxAge": 1, "endDate": "2020-06-30", "netIncome": -124963000, "changeToLiabilities": 0}, {"maxAge": 1, "endDate": "2020-03-31", "netIncome": 87164000, "changeToLiabilities": 0}, {"maxAge": 1, "endDate": "2019-12-31", "netIncome": 150730000, "changeToLiabilities": 0}, {"maxAge": 1, "endDate": "2019-09-30", "netIncome": 101486000, "changeToLiabilities": 0}], "maxAge": 86400}, "insiderHolders": {"holders": [{"maxAge": 1, "name": "Mehta (Nemichand J)", "relation": "Promoter", "url": "", "transactionDescription": "Sale", "latestTransDate": "2017-02-13", "positionDirect": 28900000, "positionDirectDate": "2017-02-13"}, {"maxAge": 1, "name": "Mehta (Shaileja Nemichand)", "relation": "Promoter", "url": "", "transactionDescription": "Sale", "latestTransDate": "2017-02-13", "positionDirect": 18365000, "positionDirectDate": "2017-02-13"}, {"maxAge": 1, "name": "Mehta (Shantilal Jayavantraj)", "relation": "Chairman of the Board", "url": "", "transactionDescription": "Sale", "latestTransDate": "2017-02-13", "positionDirect": 45075000, "positionDirectDate": "2017-02-13"}, {"maxAge": 1, "name": "Sidhhartha Corporation Pvt Ltd", "relation": "Promoter", "url": "", "transactionDescription": "Acquisition", "latestTransDate": "2017-02-13", "positionDirect": 9248347, "positionDirectDate": "2017-02-13"}], "maxAge": 1}, "earnings": {"maxAge": 86400, "earningsChart": {"quarterly": [{"date": "4Q2017", "actual": 1.59, "estimate": 1.4}, {"date": "1Q2018", "actual": 1.84, "estimate": 1.74}, {"date": "2Q2018", "actual": 2.0, "estimate": 1.95}, {"date": "3Q2018", "actual": 0.22, "estimate": 1.9}], "currentQuarterEstimateDate": "4Q", "currentQuarterEstimateYear": 2018, "earningsDate": []}, "financialsChart": {"yearly": [{"date": 2017, "revenue": 3709053000, "earnings": 887888000}, {"date": 2018, "revenue": 4281736000, "earnings": 1009177000}, {"date": 2019, "revenue": 4825839000, "earnings": 528193000}, {"date": 2020, "revenue": 5670982000, "earnings": 453127000}], "quarterly": [{"date": "3Q2019", "revenue": 1305330000, "earnings": 101486000}, {"date": "4Q2019", "revenue": 1442508000, "earnings": 150730000}, {"date": "1Q2020", "revenue": 1558542000, "earnings": 87164000}, {"date": "2Q2020", "revenue": 1214984000, "earnings": -124963000}]}, "financialCurrency": "INR"}, "calendarEvents": {"maxAge": 1, "earnings": {"earningsDate": []}}, "upgradeDowngradeHistory": {"history": [], "maxAge": 86400}, "price": {"maxAge": 1, "regularMarketChangePercent": -0.0029283247, "regularMarketChange": -0.10000229, "regularMarketTime": "2021-04-30 15:29:35", "priceHint": 2, "regularMarketPrice": 34.05, "regularMarketDayHigh": 34.9, "regularMarketDayLow": 33.8, "regularMarketVolume": 21877, "averageDailyVolume10Day": 44206, "averageDailyVolume3Month": 142589, "regularMarketPreviousClose": 34.15, "regularMarketSource": "FREE_REALTIME", "regularMarketOpen": 34.9, "exchange": "BSE", "exchangeName": "BSE", "exchangeDataDelayedBy": 0, "marketState": "CLOSED", "quoteType": "EQUITY", "symbol": "NAVKARCORP.BO", "underlyingSymbol": null, "shortName": "Navkar Corporation Limited", "longName": "Navkar Corporation Limited", "currency": "INR", "quoteSourceName": "Delayed Quote", "currencySymbol": "\u20b9", "fromCurrency": null, "lastMarket": null, "marketCap": 5104878080}, "balanceSheetHistory": {"balanceSheetStatements": [{"maxAge": 1, "endDate": "2020-03-31", "cash": 23709000, "shortTermInvestments": 10938000, "netReceivables": 1269381000, "inventory": 96628000, "otherCurrentAssets": 180695000, "totalCurrentAssets": 1628816000, "propertyPlantEquipment": 21449532000, "intangibleAssets": 114519000, "otherAssets": 1078374000, "deferredLongTermAssetCharges": 381401000, "totalAssets": 24271241000, "accountsPayable": 336212000, "shortLongTermDebt": 694953000, "otherCurrentLiab": 300354000, "longTermDebt": 4104180000, "otherLiab": 57230000, "totalCurrentLiabilities": 2117379000, "totalLiab": 6278789000, "commonStock": 1505192000, "retainedEarnings": 5902443000, "treasuryStock": 636023000, "capitalSurplus": 9948794000, "otherStockholderEquity": 636023000, "totalStockholderEquity": 17992452000, "netTangibleAssets": 17877933000}, {"maxAge": 1, "endDate": "2019-03-31", "cash": 61965000, "shortTermInvestments": 5455000, "netReceivables": 1036583000, "inventory": 93426000, "otherCurrentAssets": 159320000, "totalCurrentAssets": 1388219000, "longTermInvestments": 60997000, "propertyPlantEquipment": 20285221000, "intangibleAssets": 20275000, "otherAssets": 1239384000, "deferredLongTermAssetCharges": 566294000, "totalAssets": 22933099000, "accountsPayable": 185605000, "shortLongTermDebt": 793546000, "otherCurrentLiab": 108477000, "longTermDebt": 3735603000, "otherLiab": 63698000, "totalCurrentLiabilities": 1592224000, "totalLiab": 5391525000, "commonStock": 1505192000, "retainedEarnings": 5475749000, "treasuryStock": 611839000, "capitalSurplus": 9948794000, "otherStockholderEquity": 611839000, "totalStockholderEquity": 17541574000, "netTangibleAssets": 17521299000}, {"maxAge": 1, "endDate": "2018-03-31", "cash": 95930000, "shortTermInvestments": 4765000, "netReceivables": 847407000, "inventory": 70373000, "otherCurrentAssets": 291580000, "totalCurrentAssets": 1347739000, "propertyPlantEquipment": 18829408000, "intangibleAssets": 14462000, "otherAssets": 1249859000, "deferredLongTermAssetCharges": 576102000, "totalAssets": 21441468000, "accountsPayable": 213939000, "shortLongTermDebt": 514943000, "otherCurrentLiab": 158099000, "longTermDebt": 3284965000, "otherLiab": 49425000, "totalCurrentLiabilities": 1094283000, "totalLiab": 4428673000, "commonStock": 1505192000, "retainedEarnings": 4966137000, "treasuryStock": 592672000, "capitalSurplus": 9948794000, "otherStockholderEquity": 592672000, "totalStockholderEquity": 17012795000, "netTangibleAssets": 16998333000}, {"maxAge": 1, "endDate": "2017-03-31", "cash": 383952000, "shortTermInvestments": 13372000, "netReceivables": 719145000, "inventory": 56857000, "otherCurrentAssets": 923273000, "totalCurrentAssets": 2131870000, "propertyPlantEquipment": 17182532000, "intangibleAssets": 15368000, "otherAssets": 1667088000, "totalAssets": 20996858000, "accountsPayable": 606067000, "shortLongTermDebt": 1321640000, "otherCurrentLiab": 126515000, "longTermDebt": 3393424000, "otherLiab": 460954000, "totalCurrentLiabilities": 2533739000, "totalLiab": 6388117000, "commonStock": 1426080000, "retainedEarnings": 3974880000, "treasuryStock": 573505000, "capitalSurplus": 8634276000, "otherStockholderEquity": 573505000, "totalStockholderEquity": 14608741000, "netTangibleAssets": 14593373000}], "maxAge": 86400}, "earningsTrend": {"trend": [{"maxAge": 1, "period": "0q", "endDate": "2018-12-31", "growth": {}, "earningsEstimate": {"avg": 0.0, "low": 0.0, "high": 0.0, "yearAgoEps": 1.59, "numberOfAnalysts": 0, "growth": {}}, "revenueEstimate": {"avg": 0, "low": 0, "high": 0, "numberOfAnalysts": 0, "yearAgoRevenue": {}, "growth": {}}, "epsTrend": {"current": 0.0, "7daysAgo": 0.0, "30daysAgo": 0.0, "60daysAgo": 0.0, "90daysAgo": 0.0}, "epsRevisions": {"upLast7days": 0, "upLast30days": 0, "downLast30days": 0, "downLast90days": {}}}, {"maxAge": 1, "period": "+1q", "endDate": "2019-03-31", "growth": {}, "earningsEstimate": {"avg": 0.0, "low": 0.0, "high": 0.0, "yearAgoEps": 1.84, "numberOfAnalysts": 0, "growth": {}}, "revenueEstimate": {"avg": 0, "low": 0, "high": 0, "numberOfAnalysts": 0, "yearAgoRevenue": {}, "growth": {}}, "epsTrend": {"current": 0.0, "7daysAgo": 0.0, "30daysAgo": 0.0, "60daysAgo": 0.0, "90daysAgo": 0.0}, "epsRevisions": {"upLast7days": 0, "upLast30days": 0, "downLast30days": 0, "downLast90days": {}}}, {"maxAge": 1, "period": "0y", "endDate": "2019-03-31", "growth": {}, "earningsEstimate": {"avg": 0.0, "low": 0.0, "high": 0.0, "yearAgoEps": {}, "numberOfAnalysts": 0, "growth": {}}, "revenueEstimate": {"avg": 5223400000, "low": 4842000000, "high": 5741000000, "numberOfAnalysts": 5, "yearAgoRevenue": 4281740000, "growth": 0.22}, "epsTrend": {"current": 0.0, "7daysAgo": 7.34, "30daysAgo": 7.34, "60daysAgo": 7.34, "90daysAgo": 7.34}, "epsRevisions": {"upLast7days": 0, "upLast30days": 0, "downLast30days": 0, "downLast90days": {}}}, {"maxAge": 1, "period": "+1y", "endDate": "2020-03-31", "growth": {}, "earningsEstimate": {"avg": 0.0, "low": 0.0, "high": 0.0, "yearAgoEps": {}, "numberOfAnalysts": 0, "growth": {}}, "revenueEstimate": {"avg": 6515400000, "low": 5862000000, "high": 7822000000, "numberOfAnalysts": 5, "yearAgoRevenue": 5223400000, "growth": 0.24700001}, "epsTrend": {"current": 0.0, "7daysAgo": 10.38, "30daysAgo": 10.38, "60daysAgo": 10.38, "90daysAgo": 10.38}, "epsRevisions": {"upLast7days": 0, "upLast30days": 0, "downLast30days": 0, "downLast90days": {}}}, {"maxAge": 1, "period": "+5y", "endDate": null, "growth": {}, "earningsEstimate": {"avg": {}, "low": {}, "high": {}, "yearAgoEps": {}, "numberOfAnalysts": {}, "growth": {}}, "revenueEstimate": {"avg": {}, "low": {}, "high": {}, "numberOfAnalysts": {}, "yearAgoRevenue": {}, "growth": {}}, "epsTrend": {"current": {}, "7daysAgo": {}, "30daysAgo": {}, "60daysAgo": {}, "90daysAgo": {}}, "epsRevisions": {"upLast7days": {}, "upLast30days": {}, "downLast30days": {}, "downLast90days": {}}}, {"maxAge": 1, "period": "-5y", "endDate": null, "growth": {}, "earningsEstimate": {"avg": {}, "low": {}, "high": {}, "yearAgoEps": {}, "numberOfAnalysts": {}, "growth": {}}, "revenueEstimate": {"avg": {}, "low": {}, "high": {}, "numberOfAnalysts": {}, "yearAgoRevenue": {}, "growth": {}}, "epsTrend": {"current": {}, "7daysAgo": {}, "30daysAgo": {}, "60daysAgo": {}, "90daysAgo": {}}, "epsRevisions": {"upLast7days": {}, "upLast30days": {}, "downLast30days": {}, "downLast90days": {}}}], "maxAge": 1}, "financialData": {"maxAge": 86400, "currentPrice": 34.05, "targetHighPrice": 205.0, "targetLowPrice": 100.0, "targetMeanPrice": 155.86, "targetMedianPrice": 165.0, "recommendationKey": "none", "numberOfAnalystOpinions": 7, "grossProfits": 2335053000, "financialCurrency": "INR"}}}