{"NAYSAA.BO": {"cashflowStatementHistory": {"cashflowStatements": [{"maxAge": 1, "endDate": "2020-03-31", "netIncome": 2800000, "depreciation": 118337, "changeToNetincome": 2768267, "changeToAccountReceivables": -9145922, "changeToLiabilities": 1133700, "changeToInventory": 4698978, "changeToOperatingActivities": 35756257, "totalCashFromOperatingActivities": 38129617, "capitalExpenditures": -26271, "investments": -46154327, "otherCashflowsFromInvestingActivities": 351662, "totalCashflowsFromInvestingActivities": -45828936, "otherCashflowsFromFinancingActivities": 5507821, "totalCashFromFinancingActivities": 5507821, "changeInCash": -2191498}, {"maxAge": 1, "endDate": "2019-03-31", "netIncome": -7638000, "depreciation": 118337, "changeToNetincome": 2768267, "changeToAccountReceivables": -9145922, "changeToLiabilities": 0, "changeToInventory": 4698978, "changeToOperatingActivities": 35756257, "totalCashFromOperatingActivities": 38129617, "capitalExpenditures": -26271, "investments": -46154327, "otherCashflowsFromInvestingActivities": 351662, "totalCashflowsFromInvestingActivities": -45828936, "otherCashflowsFromFinancingActivities": 5507821, "totalCashFromFinancingActivities": 5507821, "changeInCash": -2191498}, {"maxAge": 1, "endDate": "2018-03-31", "netIncome": -15865854, "depreciation": 177634, "changeToNetincome": -44970, "changeToAccountReceivables": 1164680, "changeToLiabilities": 47492753, "changeToInventory": -78955383, "changeToOperatingActivities": 47770995, "totalCashFromOperatingActivities": 2271521, "capitalExpenditures": -66690, "investments": 351312, "otherCashflowsFromInvestingActivities": 655605, "totalCashflowsFromInvestingActivities": 940227, "netBorrowings": -94202, "otherCashflowsFromFinancingActivities": -3295626, "totalCashFromFinancingActivities": -3389828, "changeInCash": -178080}, {"maxAge": 1, "endDate": "2017-03-31", "netIncome": -3432891, "depreciation": 235995, "changeToNetincome": -15243, "changeToAccountReceivables": 10129464, "changeToLiabilities": -5094915, "changeToInventory": -40162590, "changeToOperatingActivities": 31481798, "totalCashFromOperatingActivities": -6344814, "capitalExpenditures": -61100, "investments": 8152509, "otherCashflowsFromInvestingActivities": 237423, "totalCashflowsFromInvestingActivities": 8328832, "netBorrowings": -83516, "otherCashflowsFromFinancingActivities": -732407, "totalCashFromFinancingActivities": -815923, "changeInCash": 1168095}], "maxAge": 86400}, "institutionOwnership": {"ownershipList": [], "maxAge": 1}, "balanceSheetHistoryQuarterly": {"balanceSheetStatements": [{"maxAge": 1, "endDate": "2020-03-31", "cash": 13136000, "netReceivables": 20800000, "inventory": 14847000, "totalCurrentAssets": 48783000, "longTermInvestments": 46159000, "propertyPlantEquipment": 223000, "otherAssets": 6612000, "deferredLongTermAssetCharges": 5019000, "totalAssets": 101777000, "accountsPayable": 1171000, "otherCurrentLiab": 927000, "totalCurrentLiabilities": 75198000, "totalLiab": 75198000, "commonStock": 34768000, "treasuryStock": -8189000, "otherStockholderEquity": -8189000, "totalStockholderEquity": 26579000, "netTangibleAssets": 26579000}, {"maxAge": 1, "endDate": "2019-12-31", "cash": 13136000, "netReceivables": 20800000, "inventory": 14847000, "totalCurrentAssets": 48783000, "longTermInvestments": 46159000, "propertyPlantEquipment": 223000, "otherAssets": 6612000, "deferredLongTermAssetCharges": 5019000, "totalAssets": 101777000, "accountsPayable": 1171000, "otherCurrentLiab": 927000, "totalCurrentLiabilities": 75198000, "totalLiab": 75198000, "commonStock": 34768000, "treasuryStock": -8189000, "otherStockholderEquity": -8189000, "totalStockholderEquity": 26579000, "netTangibleAssets": 26579000}, {"maxAge": 1, "endDate": "2019-09-30", "cash": 9973000, "netReceivables": 10974000, "inventory": 43824000, "totalCurrentAssets": 64771000, "longTermInvestments": 5000, "propertyPlantEquipment": 283000, "otherAssets": 9893000, "deferredLongTermAssetCharges": 5300000, "totalAssets": 74952000, "accountsPayable": 37000, "otherCurrentLiab": 566000, "totalCurrentLiabilities": 57195000, "totalLiab": 57195000, "commonStock": 34768000, "treasuryStock": -17011000, "otherStockholderEquity": -17011000, "totalStockholderEquity": 17757000, "netTangibleAssets": 17757000}, {"maxAge": 1, "endDate": "2019-06-30", "cash": 9973000, "netReceivables": 10974000, "inventory": 43824000, "totalCurrentAssets": 64771000, "longTermInvestments": 5000, "propertyPlantEquipment": 283000, "otherAssets": 9893000, "deferredLongTermAssetCharges": 5300000, "totalAssets": 74952000, "accountsPayable": 37000, "otherCurrentLiab": 566000, "totalCurrentLiabilities": 57195000, "totalLiab": 57195000, "commonStock": 34768000, "treasuryStock": -17011000, "otherStockholderEquity": -17011000, "totalStockholderEquity": 17757000, "netTangibleAssets": 17757000}], "maxAge": 86400}, "indexTrend": {"maxAge": 1, "symbol": "SP5", "peRatio": 19.7411, "pegRatio": 1.34172, "estimates": [{"period": "0q", "growth": 0.549}, {"period": "+1q", "growth": 0.431}, {"period": "0y", "growth": 0.305}, {"period": "+1y", "growth": 0.109}, {"period": "+5y", "growth": 0.120859005}, {"period": "-5y"}]}, "quoteType": {"exchange": "BSE", "quoteType": "EQUITY", "symbol": "NAYSAA.BO", "underlyingSymbol": "NAYSAA.BO", "shortName": "Naysaa Securities Limited", "longName": "Naysaa Securities Limited", "firstTradeDateEpochUtc": "2014-09-25 09:15:00", "timeZoneFullName": "Asia/Kolkata", "timeZoneShortName": "IST", "uuid": "e2938fef-7f62-3b93-a5ae-41b3f2cf76c2", "gmtOffSetMilliseconds": 19800000, "maxAge": 1}, "incomeStatementHistory": {"incomeStatementHistory": [{"maxAge": 1, "endDate": "2020-03-31", "totalRevenue": 238780000, "costOfRevenue": 227549000, "grossProfit": 11231000, "researchDevelopment": {}, "sellingGeneralAdministrative": 3433000, "nonRecurring": {}, "otherOperatingExpenses": 4252000, "totalOperatingExpenses": 235352000, "operatingIncome": 3428000, "totalOtherIncomeExpenseNet": 0, "ebit": 0, "interestExpense": {}, "incomeBeforeTax": 3428000, "incomeTaxExpense": 628000, "minorityInterest": {}, "netIncomeFromContinuingOps": 2800000, "discontinuedOperations": {}, "extraordinaryItems": {}, "effectOfAccountingCharges": {}, "otherItems": {}, "netIncome": 2800000, "netIncomeApplicableToCommonShares": 2800000}, {"maxAge": 1, "endDate": "2019-03-31", "totalRevenue": 1035056000, "costOfRevenue": 1036028000, "grossProfit": -972000, "researchDevelopment": {}, "sellingGeneralAdministrative": 3550000, "nonRecurring": {}, "otherOperatingExpenses": 5110000, "totalOperatingExpenses": 1045361000, "operatingIncome": -10305000, "totalOtherIncomeExpenseNet": 0, "ebit": 0, "interestExpense": {}, "incomeBeforeTax": -10305000, "incomeTaxExpense": -2667000, "minorityInterest": {}, "netIncomeFromContinuingOps": -7638000, "discontinuedOperations": {}, "extraordinaryItems": {}, "effectOfAccountingCharges": {}, "otherItems": {}, "netIncome": -7638000, "netIncomeApplicableToCommonShares": -7638000}, {"maxAge": 1, "endDate": "2018-03-31", "totalRevenue": 1745043919, "costOfRevenue": 1752415547, "grossProfit": -7371628, "researchDevelopment": {}, "sellingGeneralAdministrative": 2312842, "nonRecurring": {}, "otherOperatingExpenses": 7754635, "totalOperatingExpenses": 1763192324, "operatingIncome": -18148405, "totalOtherIncomeExpenseNet": 1368, "ebit": 0, "interestExpense": {}, "incomeBeforeTax": -18147037, "incomeTaxExpense": -2281183, "minorityInterest": {}, "netIncomeFromContinuingOps": -15865854, "discontinuedOperations": {}, "extraordinaryItems": {}, "effectOfAccountingCharges": {}, "otherItems": {}, "netIncome": -15865854, "netIncomeApplicableToCommonShares": -15865854}, {"maxAge": 1, "endDate": "2017-03-31", "totalRevenue": 152773285, "costOfRevenue": 152674421, "grossProfit": 98864, "researchDevelopment": {}, "sellingGeneralAdministrative": 1537771, "nonRecurring": {}, "otherOperatingExpenses": 1802616, "totalOperatingExpenses": 156764371, "operatingIncome": -3991086, "totalOtherIncomeExpenseNet": 0, "ebit": 0, "interestExpense": {}, "incomeBeforeTax": -3991086, "incomeTaxExpense": -558195, "minorityInterest": {}, "netIncomeFromContinuingOps": -3432891, "discontinuedOperations": {}, "extraordinaryItems": {}, "effectOfAccountingCharges": {}, "otherItems": {}, "netIncome": -3432891, "netIncomeApplicableToCommonShares": -3432891}], "maxAge": 86400}, "fundOwnership": {"ownershipList": [], "maxAge": 1}, "summaryDetail": {"maxAge": 1, "priceHint": 2, "previousClose": 20.0, "open": 19.0, "dayLow": 18.0, "dayHigh": 21.0, "regularMarketPreviousClose": 20.0, "regularMarketOpen": 19.0, "regularMarketDayLow": 18.0, "regularMarketDayHigh": 21.0, "trailingPE": 25.925926, "volume": 24000, "regularMarketVolume": 24000, "averageVolume": 590, "averageVolume10days": 0, "averageDailyVolume10Day": 0, "bid": 16.0, "ask": 0.0, "bidSize": 0, "askSize": 0, "marketCap": 73011752, "fiftyTwoWeekLow": 18.0, "fiftyTwoWeekHigh": 39.75, "fiftyDayAverage": 30.0, "twoHundredDayAverage": 33.73015, "currency": "INR", "fromCurrency": null, "lastMarket": null, "algorithm": null, "tradeable": false}, "incomeStatementHistoryQuarterly": {"incomeStatementHistory": [{"maxAge": 1, "endDate": "2020-03-31", "totalRevenue": 83889000, "costOfRevenue": 76924500, "grossProfit": 6964500, "researchDevelopment": {}, "sellingGeneralAdministrative": 822000, "nonRecurring": {}, "otherOperatingExpenses": 1561000, "totalOperatingExpenses": 79337500, "operatingIncome": 4551500, "totalOtherIncomeExpenseNet": 0, "ebit": 0, "interestExpense": {}, "incomeBeforeTax": 4551500, "incomeTaxExpense": 140500, "minorityInterest": {}, "netIncomeFromContinuingOps": 4411000, "discontinuedOperations": {}, "extraordinaryItems": {}, "effectOfAccountingCharges": {}, "otherItems": {}, "netIncome": 4411000, "netIncomeApplicableToCommonShares": 4411000}, {"maxAge": 1, "endDate": "2019-12-31", "totalRevenue": 83889000, "costOfRevenue": 76924500, "grossProfit": 6964500, "researchDevelopment": {}, "sellingGeneralAdministrative": 822000, "nonRecurring": {}, "otherOperatingExpenses": 1561000, "totalOperatingExpenses": 79337500, "operatingIncome": 4551500, "totalOtherIncomeExpenseNet": 0, "ebit": 0, "interestExpense": {}, "incomeBeforeTax": 4551500, "incomeTaxExpense": 140500, "minorityInterest": {}, "netIncomeFromContinuingOps": 4411000, "discontinuedOperations": {}, "extraordinaryItems": {}, "effectOfAccountingCharges": {}, "otherItems": {}, "netIncome": 4411000, "netIncomeApplicableToCommonShares": 4411000}, {"maxAge": 1, "endDate": "2019-09-30", "totalRevenue": 35501000, "costOfRevenue": 36850000, "grossProfit": -1349000, "researchDevelopment": {}, "sellingGeneralAdministrative": 894500, "nonRecurring": {}, "otherOperatingExpenses": 565000, "totalOperatingExpenses": 38338500, "operatingIncome": -2837500, "totalOtherIncomeExpenseNet": 0, "ebit": 0, "interestExpense": {}, "incomeBeforeTax": -2837500, "incomeTaxExpense": 173500, "minorityInterest": {}, "netIncomeFromContinuingOps": -3011000, "discontinuedOperations": {}, "extraordinaryItems": {}, "effectOfAccountingCharges": {}, "otherItems": {}, "netIncome": -3011000, "netIncomeApplicableToCommonShares": -3011000}, {"maxAge": 1, "endDate": "2019-06-30", "totalRevenue": 35501000, "costOfRevenue": 36850000, "grossProfit": -1349000, "researchDevelopment": {}, "sellingGeneralAdministrative": 894500, "nonRecurring": {}, "otherOperatingExpenses": 565000, "totalOperatingExpenses": 38338500, "operatingIncome": -2837500, "totalOtherIncomeExpenseNet": 0, "ebit": 0, "interestExpense": {}, "incomeBeforeTax": -2837500, "incomeTaxExpense": 173500, "minorityInterest": {}, "netIncomeFromContinuingOps": -3011000, "discontinuedOperations": {}, "extraordinaryItems": {}, "effectOfAccountingCharges": {}, "otherItems": {}, "netIncome": -3011000, "netIncomeApplicableToCommonShares": -3011000}], "maxAge": 86400}, "cashflowStatementHistoryQuarterly": {"cashflowStatements": [{"maxAge": 1, "endDate": "2020-03-31", "netIncome": 4411000, "depreciation": 30328, "changeToNetincome": 254754, "changeToAccountReceivables": -4731557, "changeToLiabilities": 566850, "changeToInventory": 14488640, "changeToOperatingActivities": 8252951, "totalCashFromOperatingActivities": 23272966, "investments": -23077164, "otherCashflowsFromInvestingActivities": 109283, "totalCashflowsFromInvestingActivities": -22967880, "netBorrowings": -2500000, "otherCashflowsFromFinancingActivities": 3776706, "totalCashFromFinancingActivities": 1276705, "changeInCash": 1581790}, {"maxAge": 1, "endDate": "2019-12-31", "netIncome": 4411000, "depreciation": 30328, "changeToNetincome": 254754, "changeToAccountReceivables": -4731557, "changeToLiabilities": 566850, "changeToInventory": 14488640, "changeToOperatingActivities": 8252951, "totalCashFromOperatingActivities": 23272966, "investments": -23077164, "otherCashflowsFromInvestingActivities": 109283, "totalCashflowsFromInvestingActivities": -22967880, "netBorrowings": -2500000, "otherCashflowsFromFinancingActivities": 3776706, "totalCashFromFinancingActivities": 1276705, "changeInCash": 1581790}, {"maxAge": 1, "endDate": "2019-09-30", "netIncome": -3011000, "depreciation": 28841, "changeToNetincome": 1129380, "changeToAccountReceivables": 158596, "changeToLiabilities": 0, "changeToInventory": -12139151, "changeToOperatingActivities": 9625178, "totalCashFromOperatingActivities": -4208157, "capitalExpenditures": -13136, "investments": -23077164, "otherCashflowsFromInvestingActivities": 66548, "totalCashflowsFromInvestingActivities": 53412, "netBorrowings": 2500000, "otherCashflowsFromFinancingActivities": -1022795, "totalCashFromFinancingActivities": 1477206, "changeInCash": -2677539}, {"maxAge": 1, "endDate": "2019-06-30", "netIncome": -3011000, "depreciation": 28841, "changeToNetincome": 1129380, "changeToAccountReceivables": 158596, "changeToLiabilities": 0, "changeToInventory": -12139151, "changeToOperatingActivities": 9625178, "totalCashFromOperatingActivities": -4208157, "capitalExpenditures": -13136, "investments": -23077164, "otherCashflowsFromInvestingActivities": 66548, "totalCashflowsFromInvestingActivities": 53412, "netBorrowings": 2500000, "otherCashflowsFromFinancingActivities": -1022795, "totalCashFromFinancingActivities": 1477206, "changeInCash": -2677539}], "maxAge": 86400}, "insiderHolders": {"holders": [], "maxAge": 1}, "calendarEvents": {"maxAge": 1, "earnings": {"earningsDate": []}}, "upgradeDowngradeHistory": {"history": [], "maxAge": 86400}, "price": {"maxAge": 1, "regularMarketChangePercent": 0.05, "regularMarketChange": 1.0, "regularMarketTime": "2021-04-30 13:46:10", "priceHint": 2, "regularMarketPrice": 21.0, "regularMarketDayHigh": 21.0, "regularMarketDayLow": 18.0, "regularMarketVolume": 24000, "averageDailyVolume10Day": 0, "averageDailyVolume3Month": 590, "regularMarketPreviousClose": 20.0, "regularMarketSource": "FREE_REALTIME", "regularMarketOpen": 19.0, "exchange": "BSE", "exchangeName": "BSE", "exchangeDataDelayedBy": 0, "marketState": "CLOSED", "quoteType": "EQUITY", "symbol": "NAYSAA.BO", "underlyingSymbol": null, "shortName": "Naysaa Securities Limited", "longName": "Naysaa Securities Limited", "currency": "INR", "quoteSourceName": "Delayed Quote", "currencySymbol": "\u20b9", "fromCurrency": null, "lastMarket": null, "marketCap": 73011752}, "balanceSheetHistory": {"balanceSheetStatements": [{"maxAge": 1, "endDate": "2020-03-31", "cash": 13136000, "netReceivables": 20800000, "inventory": 14847000, "totalCurrentAssets": 48783000, "longTermInvestments": 46159000, "propertyPlantEquipment": 223000, "otherAssets": 6612000, "deferredLongTermAssetCharges": 5019000, "totalAssets": 101777000, "accountsPayable": 1171000, "otherCurrentLiab": 927000, "totalCurrentLiabilities": 75198000, "totalLiab": 75198000, "commonStock": 34768000, "treasuryStock": -8189000, "otherStockholderEquity": -8189000, "totalStockholderEquity": 26579000, "netTangibleAssets": 26579000}, {"maxAge": 1, "endDate": "2019-03-31", "cash": 15328000, "netReceivables": 11330000, "inventory": 19546000, "totalCurrentAssets": 46204000, "longTermInvestments": 5000, "propertyPlantEquipment": 315000, "otherAssets": 15239000, "deferredLongTermAssetCharges": 5646000, "totalAssets": 61763000, "accountsPayable": 37000, "otherCurrentLiab": 496000, "totalCurrentLiabilities": 37984000, "totalLiab": 37984000, "commonStock": 34768000, "treasuryStock": -10989000, "otherStockholderEquity": -10989000, "totalStockholderEquity": 23779000, "netTangibleAssets": 23779000}, {"maxAge": 1, "endDate": "2018-03-31", "cash": 4744129, "netReceivables": 3104404, "otherCurrentAssets": 692403, "totalCurrentAssets": 138276573, "longTermInvestments": 5000, "propertyPlantEquipment": 376999, "intangibleAssets": 21124, "otherAssets": 14573116, "deferredLongTermAssetCharges": 2980116, "totalAssets": 153252812, "accountsPayable": 49106218, "shortLongTermDebt": 94202, "otherCurrentLiab": 206290, "longTermDebt": 42731, "totalCurrentLiabilities": 121793596, "totalLiab": 121836327, "commonStock": 34767500, "retainedEarnings": -18734765, "capitalSurplus": 15383750, "totalStockholderEquity": 31416485, "netTangibleAssets": 31395361}, {"maxAge": 1, "endDate": "2017-03-31", "cash": 4922209, "netReceivables": 3819078, "otherCurrentAssets": 1127317, "totalCurrentAssets": 60648858, "longTermInvestments": 5000, "propertyPlantEquipment": 505147, "intangibleAssets": 22018, "otherAssets": 12239436, "deferredLongTermAssetCharges": 646436, "totalAssets": 73420459, "accountsPayable": 1613465, "shortLongTermDebt": 83516, "otherCurrentLiab": 1110000, "longTermDebt": 136933, "totalCurrentLiabilities": 26001187, "totalLiab": 26138120, "commonStock": 34767500, "retainedEarnings": -2868911, "capitalSurplus": 15383750, "totalStockholderEquity": 47282339, "netTangibleAssets": 47260321}], "maxAge": 86400}, "financialData": {"maxAge": 86400, "currentPrice": 21.0, "recommendationKey": "none", "grossProfits": 11231000, "financialCurrency": "INR"}}}