{"NAZARA.NS": {"assetProfile": {"address1": "51-57, Maker Chambers 3", "address2": "Nariman Point", "city": "Mumbai", "zip": "400021", "country": "India", "phone": "91 22 4033 0800", "fax": "91 22 2281 0606", "website": "http://corp.nazara.com", "industry": "Electronic Gaming & Multimedia", "sector": "Communication Services", "longBusinessSummary": "Nazara Technologies Limited operates as a diversified gaming and sports media platform in India, with presence in the Middle East, Africa, North America, and Asia. The company operates through Telco subscription, Early Learning, Freemium, E-sports, and Real Money Gaming segments. It offers interactive gaming, eSports, sports media, gamming subscription services, and gamified early learning ecosystems. The company engages in providing subscription/download of games/other contents through a consumer base. It owns the IP, including WCC and CarromClash in mobile games; Kiddopia in gamified early learning; Nodwin and Sportskeeda in eSports and eSports media; and Halaplay and Qunami in skill-based, fantasy and trivia games. Nazara Technologies Limited was formerly known as Nazara Technologies Private Limited. The company was incorporated in 1999 and is based in Mumbai, India with additional offices in Dubai and Singapore.", "fullTimeEmployees": 343, "companyOfficers": [{"maxAge": 1, "name": "Mr. Vikash  Mittersain", "title": "Chairman & MD", "exercisedValue": 0, "unexercisedValue": 0}, {"maxAge": 1, "name": "Mr. Manish  Agarwal", "title": "Chief Exec. Officer", "exercisedValue": 0, "unexercisedValue": 0}, {"maxAge": 1, "name": "Mr. Rakesh  Shah", "title": "Chief Financial Officer", "exercisedValue": 0, "unexercisedValue": 0}, {"maxAge": 1, "name": "Mr. Vamsi  Talasila", "title": "Chief Technology Officer", "exercisedValue": 0, "unexercisedValue": 0}, {"maxAge": 1, "name": "Ms. Pratibha  Mishra", "title": "Company Sec. & Compliance Officer", "exercisedValue": 0, "unexercisedValue": 0}, {"maxAge": 1, "name": "Mr. Nitish  Mittersain", "age": 41, "title": "Joint MD & Director", "yearBorn": 1979, "exercisedValue": 0, "unexercisedValue": 0}, {"maxAge": 1, "name": "Mr. Anuj  Tandon", "title": "Head of Mobile Game Publishing and Corp. Branding", "exercisedValue": 0, "unexercisedValue": 0}, {"maxAge": 1, "name": "Mr. Chirag  Shah", "title": "Head Carrier Relations", "exercisedValue": 0, "unexercisedValue": 0}, {"maxAge": 1, "name": "Mr. Rashmi Ranjan Mishra", "title": "Bus. Head", "exercisedValue": 0, "unexercisedValue": 0}, {"maxAge": 1, "name": "Mr. James Savio Saldanha", "title": "Chief Exec. Officer of Middle East & Africa", "exercisedValue": 0, "unexercisedValue": 0}], "maxAge": 86400}, "cashflowStatementHistory": {"cashflowStatements": [{"maxAge": 1, "endDate": "2020-03-31", "netIncome": 5010000, "depreciation": 204630000, "changeToNetincome": -487640000, "changeToAccountReceivables": -97300000, "changeToLiabilities": 191610000, "changeToOperatingActivities": 41310000, "totalCashFromOperatingActivities": -22060000, "capitalExpenditures": -70170000, "investments": 188020000, "otherCashflowsFromInvestingActivities": 38150000, "totalCashflowsFromInvestingActivities": 88950000, "netBorrowings": -55820000, "otherCashflowsFromFinancingActivities": 64030000, "totalCashFromFinancingActivities": 33660000, "effectOfExchangeRate": 87720000, "changeInCash": 188270000, "issuanceOfStock": 25450000}, {"maxAge": 1, "endDate": "2019-03-31", "netIncome": 151370000, "depreciation": 55640000, "changeToNetincome": -63770000, "changeToAccountReceivables": -150950000, "changeToLiabilities": -19900000, "changeToOperatingActivities": 63760000, "totalCashFromOperatingActivities": 136950000, "capitalExpenditures": -60400000, "investments": -655560000, "otherCashflowsFromInvestingActivities": 39370000, "totalCashflowsFromInvestingActivities": -676190000, "netBorrowings": -200000, "otherCashflowsFromFinancingActivities": -1260000, "totalCashFromFinancingActivities": 116210000, "effectOfExchangeRate": 69980000, "changeInCash": -353050000, "issuanceOfStock": 117670000}, {"maxAge": 1, "endDate": "2017-03-31", "netIncome": 597200000, "depreciation": 7900000, "changeToNetincome": 52680000, "changeToAccountReceivables": 5410000, "changeToLiabilities": -8410000, "changeToOperatingActivities": -90530000, "totalCashFromOperatingActivities": 567930000, "capitalExpenditures": -8130000, "investments": -580620000, "otherCashflowsFromInvestingActivities": 43990000, "totalCashflowsFromInvestingActivities": -544530000, "netBorrowings": -200000, "otherCashflowsFromFinancingActivities": -1260000, "totalCashFromFinancingActivities": 116210000, "effectOfExchangeRate": -69380000, "changeInCash": -45980000, "issuanceOfStock": 117670000}, {"maxAge": 1, "endDate": "2016-03-31", "netIncome": 645210000, "depreciation": 5970000, "changeToNetincome": 13470000, "changeToAccountReceivables": -133580000, "changeToLiabilities": 23030000, "changeToOperatingActivities": 33750000, "totalCashFromOperatingActivities": 591380000, "capitalExpenditures": -22380000, "investments": -79210000, "otherCashflowsFromInvestingActivities": 37040000, "totalCashflowsFromInvestingActivities": -64500000, "dividendsPaid": -198920000, "netBorrowings": -200000, "otherCashflowsFromFinancingActivities": -4200000, "totalCashFromFinancingActivities": -203120000, "effectOfExchangeRate": 7700000, "changeInCash": 331460000, "issuanceOfStock": 117670000}], "maxAge": 86400}, "institutionOwnership": {"maxAge": 1, "ownershipList": []}, "majorHoldersBreakdown": {"maxAge": 1, "insidersPercentHeld": 0.01762, "institutionsPercentHeld": 0.07559, "institutionsFloatPercentHeld": 0.07694, "institutionsCount": 15}, "balanceSheetHistoryQuarterly": {"balanceSheetStatements": [{"maxAge": 1, "endDate": "2020-09-30", "cash": 810520000, "shortTermInvestments": 1275080000, "netReceivables": 1845240000, "otherCurrentAssets": 219520000, "totalCurrentAssets": 4271340000, "longTermInvestments": 182360000, "propertyPlantEquipment": 67410000, "goodWill": 1596340000, "intangibleAssets": 1690040000, "otherAssets": 179060000, "deferredLongTermAssetCharges": 33900000, "totalAssets": 7986550000, "accountsPayable": 1075860000, "otherCurrentLiab": 564050000, "otherLiab": 395800000, "minorityInterest": 756550000, "totalCurrentLiabilities": 1870640000, "totalLiab": 2273500000, "commonStock": 114440000, "retainedEarnings": 1603790000, "treasuryStock": 1009670000, "capitalSurplus": 2228600000, "otherStockholderEquity": 1009670000, "totalStockholderEquity": 4956500000, "netTangibleAssets": 1670120000}, {"maxAge": 1, "endDate": "2020-06-30", "cash": 810520000, "shortTermInvestments": 1275080000, "netReceivables": 1845240000, "otherCurrentAssets": 219520000, "totalCurrentAssets": 4271340000, "longTermInvestments": 182360000, "propertyPlantEquipment": 67410000, "goodWill": 1596340000, "intangibleAssets": 1690040000, "otherAssets": 179060000, "deferredLongTermAssetCharges": 33900000, "totalAssets": 7986550000, "accountsPayable": 1075860000, "otherCurrentLiab": 564050000, "otherLiab": 395800000, "minorityInterest": 756550000, "totalCurrentLiabilities": 1870640000, "totalLiab": 2273500000, "commonStock": 114440000, "retainedEarnings": 1603790000, "treasuryStock": 1009670000, "capitalSurplus": 2228600000, "otherStockholderEquity": 1009670000, "totalStockholderEquity": 4956500000, "netTangibleAssets": 1670120000}, {"maxAge": 1, "endDate": "2017-09-30", "cash": 859850000, "shortTermInvestments": 736900000, "netReceivables": 755360000, "otherCurrentAssets": 54770000, "totalCurrentAssets": 2420710000, "longTermInvestments": 44590000, "propertyPlantEquipment": 9260000, "intangibleAssets": 8570000, "otherAssets": 100450000, "deferredLongTermAssetCharges": 36440000, "totalAssets": 2583580000, "accountsPayable": 307410000, "otherCurrentLiab": 110580000, "otherLiab": 13690000, "totalCurrentLiabilities": 452760000, "totalLiab": 466450000, "commonStock": 19890000, "retainedEarnings": 2013800000, "treasuryStock": 83440000, "otherStockholderEquity": 83440000, "totalStockholderEquity": 2117130000, "netTangibleAssets": 2108560000}, {"maxAge": 1, "endDate": "2017-06-30", "cash": 859850000, "shortTermInvestments": 736900000, "netReceivables": 755360000, "otherCurrentAssets": 54770000, "totalCurrentAssets": 2420710000, "longTermInvestments": 44590000, "propertyPlantEquipment": 9260000, "intangibleAssets": 8570000, "otherAssets": 100450000, "deferredLongTermAssetCharges": 36440000, "totalAssets": 2583580000, "accountsPayable": 307410000, "otherCurrentLiab": 110580000, "otherLiab": 13690000, "totalCurrentLiabilities": 452760000, "totalLiab": 466450000, "commonStock": 19890000, "retainedEarnings": 2013800000, "treasuryStock": 83440000, "otherStockholderEquity": 83440000, "totalStockholderEquity": 2117130000, "netTangibleAssets": 2108560000}], "maxAge": 86400}, "indexTrend": {"maxAge": 1, "symbol": "SP5", "peRatio": 19.7411, "pegRatio": 1.34172, "estimates": [{"period": "0q", "growth": 0.549}, {"period": "+1q", "growth": 0.431}, {"period": "0y", "growth": 0.305}, {"period": "+1y", "growth": 0.109}, {"period": "+5y", "growth": 0.120865}, {"period": "-5y"}]}, "defaultKeyStatistics": {"maxAge": 1, "priceHint": 2, "enterpriseValue": 48997396480, "profitMargins": 0.00202, "floatShares": 7907092, "sharesOutstanding": 30452800, "heldPercentInsiders": 0.01762, "heldPercentInstitutions": 0.07559, "category": null, "bookValue": 173.245, "priceToBook": 10.02482, "fundFamily": null, "legalType": null, "lastFiscalYearEnd": "2020-03-31 05:30:00", "nextFiscalYearEnd": "2022-03-31 05:30:00", "mostRecentQuarter": "2020-09-30 05:30:00", "netIncomeToCommon": 5010000, "trailingEps": 0.18, "lastSplitFactor": null, "enterpriseToRevenue": 19.796, "enterpriseToEbitda": -229.981, "52WeekChange": 0.09092331, "SandP52WeekChange": 0.48148263}, "summaryProfile": {"address1": "51-57, Maker Chambers 3", "address2": "Nariman Point", "city": "Mumbai", "zip": "400021", "country": "India", "phone": "91 22 4033 0800", "fax": "91 22 2281 0606", "website": "http://corp.nazara.com", "industry": "Electronic Gaming & Multimedia", "sector": "Communication Services", "longBusinessSummary": "Nazara Technologies Limited operates as a diversified gaming and sports media platform in India, with presence in the Middle East, Africa, North America, and Asia. The company operates through Telco subscription, Early Learning, Freemium, E-sports, and Real Money Gaming segments. It offers interactive gaming, eSports, sports media, gamming subscription services, and gamified early learning ecosystems. The company engages in providing subscription/download of games/other contents through a consumer base. It owns the IP, including WCC and CarromClash in mobile games; Kiddopia in gamified early learning; Nodwin and Sportskeeda in eSports and eSports media; and Halaplay and Qunami in skill-based, fantasy and trivia games. Nazara Technologies Limited was formerly known as Nazara Technologies Private Limited. The company was incorporated in 1999 and is based in Mumbai, India with additional offices in Dubai and Singapore.", "fullTimeEmployees": 343, "companyOfficers": [], "maxAge": 86400}, "netSharePurchaseActivity": {"maxAge": 1, "period": "6m", "buyInfoCount": 0, "buyInfoShares": 0, "sellInfoCount": 0, "netInfoCount": 0, "netInfoShares": 0, "netPercentInsiderShares": 0.0, "totalInsiderShares": 510172}, "insiderTransactions": {"transactions": [{"maxAge": 1, "shares": 40000, "value": 803268, "filerUrl": "", "transactionText": "Sale at price 20.08 per share.", "filerName": "Saldanha (James Savio)", "filerRelation": "UNREPORTED", "moneyText": "", "startDate": "2021-03-31", "ownership": "D"}, {"maxAge": 1, "shares": 3844, "value": 78652, "filerUrl": "", "transactionText": "Sale at price 20.46 per share.", "filerName": "Redkar (Prashant)", "filerRelation": "UNREPORTED", "moneyText": "", "startDate": "2021-03-31", "ownership": "D"}, {"maxAge": 1, "shares": 100, "value": 2068, "filerUrl": "", "transactionText": "Sale at price 20.69 per share.", "filerName": "Shah (Amit)", "filerRelation": "UNREPORTED", "moneyText": "", "startDate": "2021-03-31", "ownership": "D"}, {"maxAge": 1, "shares": 282678, "value": 5745995, "filerUrl": "", "transactionText": "Sale at price 20.33 per share.", "filerName": "IIFL Blended FUND - Series A", "filerRelation": "Promoter", "moneyText": "", "startDate": "2021-03-31", "ownership": "D"}, {"maxAge": 1, "shares": 1000, "value": 20509, "filerUrl": "", "transactionText": "Sale at price 20.51 per share.", "filerName": "Shah (Chirag)", "filerRelation": "UNREPORTED", "moneyText": "", "startDate": "2021-03-31", "ownership": "D"}, {"maxAge": 1, "shares": 1500, "value": 31379, "filerUrl": "", "transactionText": "Sale at price 20.92 per share.", "filerName": "Deshpande (Amol)", "filerRelation": "UNREPORTED", "moneyText": "", "startDate": "2021-03-31", "ownership": "D"}, {"maxAge": 1, "shares": 24576, "value": 489254, "filerUrl": "", "transactionText": "Sale at price 19.91 per share.", "filerName": "Shah (Rakesh)", "filerRelation": "UNREPORTED", "moneyText": "", "startDate": "2021-03-31", "ownership": "D"}, {"maxAge": 1, "shares": 3000, "value": 69811, "filerUrl": "", "transactionText": "Sale at price 23.27 per share.", "filerName": "Sarang (Vipul)", "filerRelation": "UNREPORTED", "moneyText": "", "startDate": "2021-03-30", "ownership": "D"}, {"maxAge": 1, "shares": 500, "value": 12799, "filerUrl": "", "transactionText": "Sale at price 25.60 per share.", "filerName": "Shah (Amit)", "filerRelation": "UNREPORTED", "moneyText": "", "startDate": "2021-03-30", "ownership": "D"}, {"maxAge": 1, "shares": 465572, "value": 10371174, "filerUrl": "", "transactionText": "Sale at price 22.28 per share.", "filerName": "IIFL India Growth Fund", "filerRelation": "Promoter", "moneyText": "", "startDate": "2021-03-30", "ownership": "D"}, {"maxAge": 1, "shares": 57500, "value": 1409900, "filerUrl": "", "transactionText": "Sale at price 24.52 per share.", "filerName": "Shah (Rakesh)", "filerRelation": "UNREPORTED", "moneyText": "", "startDate": "2021-03-30", "ownership": "D"}, {"maxAge": 1, "shares": 500, "value": 12186, "filerUrl": "", "transactionText": "Sale at price 24.37 per share.", "filerName": "Deshpande (Amol)", "filerRelation": "UNREPORTED", "moneyText": "", "startDate": "2021-03-30", "ownership": "D"}, {"maxAge": 1, "shares": 1000, "value": 21552, "filerUrl": "", "transactionText": "Sale at price 21.55 per share.", "filerName": "Talasila (Vamsi)", "filerRelation": "UNREPORTED", "moneyText": "", "startDate": "2021-03-30", "ownership": "D"}, {"maxAge": 1, "shares": 3000, "value": 78023, "filerUrl": "", "transactionText": "Sale at price 26.01 per share.", "filerName": "Agarwal (Manish)", "filerRelation": "Chief Executive Officer", "moneyText": "", "startDate": "2021-03-30", "ownership": "D"}], "maxAge": 1}, "quoteType": {"exchange": "NSI", "quoteType": "EQUITY", "symbol": "NAZARA.NS", "underlyingSymbol": "NAZARA.NS", "shortName": "Nazara Technologies Ltd", "longName": "Nazara Technologies Limited", "firstTradeDateEpochUtc": "2021-03-30 09:15:00", "timeZoneFullName": "Asia/Kolkata", "timeZoneShortName": "IST", "uuid": "8c34c973-f303-3da2-8ae1-0b35c5960638", "messageBoardId": "finmb_24368595", "gmtOffSetMilliseconds": 19800000, "maxAge": 1}, "incomeStatementHistory": {"incomeStatementHistory": [{"maxAge": 1, "endDate": "2020-03-31", "totalRevenue": 2475090000, "costOfRevenue": 515830000, "grossProfit": 1959260000, "researchDevelopment": {}, "sellingGeneralAdministrative": 1731390000, "nonRecurring": {}, "otherOperatingExpenses": 263460000, "totalOperatingExpenses": 2835630000, "operatingIncome": -360540000, "totalOtherIncomeExpenseNet": 103040000, "ebit": -360540000, "interestExpense": -7960000, "incomeBeforeTax": -257500000, "incomeTaxExpense": -8200000, "minorityInterest": 906660000, "netIncomeFromContinuingOps": -249300000, "discontinuedOperations": {}, "extraordinaryItems": {}, "effectOfAccountingCharges": {}, "otherItems": {}, "netIncome": 5010000, "netIncomeApplicableToCommonShares": 5010000}, {"maxAge": 1, "endDate": "2019-03-31", "totalRevenue": 1698310000, "costOfRevenue": 454850000, "grossProfit": 1243460000, "researchDevelopment": {}, "sellingGeneralAdministrative": 814840000, "nonRecurring": {}, "otherOperatingExpenses": 262550000, "totalOperatingExpenses": 1688700000, "operatingIncome": 9610000, "totalOtherIncomeExpenseNet": 83180000, "ebit": 9610000, "interestExpense": -5620000, "incomeBeforeTax": 92790000, "incomeTaxExpense": 49000000, "minorityInterest": 409490000, "netIncomeFromContinuingOps": 43790000, "discontinuedOperations": {}, "extraordinaryItems": {}, "effectOfAccountingCharges": {}, "otherItems": {}, "netIncome": 151370000, "netIncomeApplicableToCommonShares": 151370000}, {"maxAge": 1, "endDate": "2017-03-31", "totalRevenue": 1901580000, "costOfRevenue": 352440000, "grossProfit": 1549140000, "researchDevelopment": {}, "sellingGeneralAdministrative": 576340000, "nonRecurring": {}, "otherOperatingExpenses": 225320000, "totalOperatingExpenses": 1178440000, "operatingIncome": 723140000, "totalOtherIncomeExpenseNet": -25060000, "ebit": 723140000, "interestExpense": -850000, "incomeBeforeTax": 698080000, "incomeTaxExpense": 100880000, "minorityInterest": 409490000, "netIncomeFromContinuingOps": 597200000, "discontinuedOperations": {}, "extraordinaryItems": {}, "effectOfAccountingCharges": {}, "otherItems": {}, "netIncome": 597200000, "netIncomeApplicableToCommonShares": 597200000}, {"maxAge": 1, "endDate": "2016-03-31", "totalRevenue": 2111630000, "costOfRevenue": 349300000, "grossProfit": 1762330000, "researchDevelopment": {}, "sellingGeneralAdministrative": 709250000, "nonRecurring": {}, "otherOperatingExpenses": 251570000, "totalOperatingExpenses": 1326480000, "operatingIncome": 785150000, "totalOtherIncomeExpenseNet": 39940000, "ebit": 785150000, "interestExpense": -1010000, "incomeBeforeTax": 825090000, "incomeTaxExpense": 179880000, "minorityInterest": 409490000, "netIncomeFromContinuingOps": 645210000, "discontinuedOperations": {}, "extraordinaryItems": {}, "effectOfAccountingCharges": {}, "otherItems": {}, "netIncome": 645210000, "netIncomeApplicableToCommonShares": 645210000}], "maxAge": 86400}, "fundOwnership": {"maxAge": 1, "ownershipList": []}, "summaryDetail": {"maxAge": 1, "priceHint": 2, "previousClose": 1749.5, "open": 1720.0, "dayLow": 1720.0, "dayHigh": 1782.0, "regularMarketPreviousClose": 1749.5, "regularMarketOpen": 1720.0, "regularMarketDayLow": 1720.0, "regularMarketDayHigh": 1782.0, "payoutRatio": 0.0, "trailingPE": 9648.61, "volume": 257644, "regularMarketVolume": 257644, "averageVolume": 1033296, "averageVolume10days": 438495, "averageDailyVolume10Day": 438495, "bid": 0.0, "ask": 0.0, "marketCap": 52783132672, "fiftyTwoWeekLow": 1432.0, "fiftyTwoWeekHigh": 2024.9, "priceToSalesTrailing12Months": 21.325743, "fiftyDayAverage": 1636.1771, "twoHundredDayAverage": 1636.1771, "currency": "INR", "fromCurrency": null, "toCurrency": null, "lastMarket": null, "algorithm": null, "tradeable": false}, "incomeStatementHistoryQuarterly": {"incomeStatementHistory": [{"maxAge": 1, "endDate": "2020-09-30", "totalRevenue": 1002285000, "costOfRevenue": 78040000, "grossProfit": 924245000, "researchDevelopment": {}, "sellingGeneralAdministrative": 820745000, "nonRecurring": {}, "otherOperatingExpenses": 45035000, "totalOperatingExpenses": 1037435000, "operatingIncome": -35150000, "totalOtherIncomeExpenseNet": -5705000, "ebit": -35150000, "interestExpense": -1575000, "incomeBeforeTax": -40855000, "incomeTaxExpense": 9680000, "minorityInterest": 756550000, "netIncomeFromContinuingOps": -50535000, "discontinuedOperations": {}, "extraordinaryItems": {}, "effectOfAccountingCharges": {}, "otherItems": {}, "netIncome": -25075000, "netIncomeApplicableToCommonShares": -25075000}, {"maxAge": 1, "endDate": "2020-06-30", "totalRevenue": 1002285000, "costOfRevenue": 78040000, "grossProfit": 924245000, "researchDevelopment": {}, "sellingGeneralAdministrative": 820745000, "nonRecurring": {}, "otherOperatingExpenses": 45035000, "totalOperatingExpenses": 1037435000, "operatingIncome": -35150000, "totalOtherIncomeExpenseNet": -5705000, "ebit": -35150000, "interestExpense": -1575000, "incomeBeforeTax": -40855000, "incomeTaxExpense": 9680000, "minorityInterest": 756550000, "netIncomeFromContinuingOps": -50535000, "discontinuedOperations": {}, "extraordinaryItems": {}, "effectOfAccountingCharges": {}, "otherItems": {}, "netIncome": -25075000, "netIncomeApplicableToCommonShares": -25075000}, {"maxAge": 1, "endDate": "2017-09-30", "totalRevenue": 419465000, "costOfRevenue": 100365000, "grossProfit": 319100000, "researchDevelopment": {}, "sellingGeneralAdministrative": 130390000, "nonRecurring": {}, "otherOperatingExpenses": 38855000, "totalOperatingExpenses": 274340000, "operatingIncome": 145125000, "totalOtherIncomeExpenseNet": 9715000, "ebit": 145125000, "interestExpense": -200000, "incomeBeforeTax": 154840000, "incomeTaxExpense": 55615000, "minorityInterest": 756550000, "netIncomeFromContinuingOps": 99225000, "discontinuedOperations": {}, "extraordinaryItems": {}, "effectOfAccountingCharges": {}, "otherItems": {}, "netIncome": 99225000, "netIncomeApplicableToCommonShares": 99225000}, {"maxAge": 1, "endDate": "2017-06-30", "totalRevenue": 419465000, "costOfRevenue": 100365000, "grossProfit": 319100000, "researchDevelopment": {}, "sellingGeneralAdministrative": 130390000, "nonRecurring": {}, "otherOperatingExpenses": 38855000, "totalOperatingExpenses": 274340000, "operatingIncome": 145125000, "totalOtherIncomeExpenseNet": 9715000, "ebit": 145125000, "interestExpense": -200000, "incomeBeforeTax": 154840000, "incomeTaxExpense": 55615000, "minorityInterest": 756550000, "netIncomeFromContinuingOps": 99225000, "discontinuedOperations": {}, "extraordinaryItems": {}, "effectOfAccountingCharges": {}, "otherItems": {}, "netIncome": 99225000, "netIncomeApplicableToCommonShares": 99225000}], "maxAge": 86400}, "cashflowStatementHistoryQuarterly": {"cashflowStatements": [{"maxAge": 1, "endDate": "2020-09-30", "netIncome": -25075000, "depreciation": 80190000, "changeToNetincome": -14370000, "changeToAccountReceivables": -334560000, "changeToLiabilities": 210650000, "changeToOperatingActivities": 36910000, "totalCashFromOperatingActivities": -32830000, "capitalExpenditures": -5085000, "investments": 116150000, "otherCashflowsFromInvestingActivities": 8565000, "totalCashflowsFromInvestingActivities": 94925000, "netBorrowings": -12245000, "otherCashflowsFromFinancingActivities": 1175000, "totalCashFromFinancingActivities": -11070000, "effectOfExchangeRate": -6205000, "changeInCash": 44820000}, {"maxAge": 1, "endDate": "2020-06-30", "netIncome": -25075000, "depreciation": 80190000, "changeToNetincome": -14370000, "changeToAccountReceivables": -334560000, "changeToLiabilities": 210650000, "changeToOperatingActivities": 36910000, "totalCashFromOperatingActivities": -32830000, "capitalExpenditures": -5085000, "investments": 116150000, "otherCashflowsFromInvestingActivities": 8565000, "totalCashflowsFromInvestingActivities": 94925000, "netBorrowings": -12245000, "otherCashflowsFromFinancingActivities": 1175000, "totalCashFromFinancingActivities": -11070000, "effectOfExchangeRate": -6205000, "changeInCash": 44820000}, {"maxAge": 1, "endDate": "2017-09-30", "netIncome": 99225000, "depreciation": 1835000, "changeToNetincome": 25525000, "changeToAccountReceivables": -60085000, "changeToLiabilities": 44520000, "changeToOperatingActivities": -70425000, "totalCashFromOperatingActivities": 41735000, "capitalExpenditures": -2035000, "investments": 60145000, "otherCashflowsFromInvestingActivities": 10980000, "totalCashflowsFromInvestingActivities": 69090000, "dividendsPaid": -150190000, "netBorrowings": -12245000, "otherCashflowsFromFinancingActivities": 1175000, "totalCashFromFinancingActivities": -150190000, "effectOfExchangeRate": -6205000, "changeInCash": -39365000}, {"maxAge": 1, "endDate": "2017-06-30", "netIncome": 99225000, "depreciation": 1835000, "changeToNetincome": 25525000, "changeToAccountReceivables": -60085000, "changeToLiabilities": 44520000, "changeToOperatingActivities": -70425000, "totalCashFromOperatingActivities": 41735000, "capitalExpenditures": -2035000, "investments": 60145000, "otherCashflowsFromInvestingActivities": 10980000, "totalCashflowsFromInvestingActivities": 69090000, "dividendsPaid": -150190000, "netBorrowings": -12245000, "otherCashflowsFromFinancingActivities": 1175000, "totalCashFromFinancingActivities": -150190000, "effectOfExchangeRate": -6205000, "changeInCash": -39365000}], "maxAge": 86400}, "insiderHolders": {"holders": [{"maxAge": 1, "name": "Deshpande (Amol)", "relation": "UNREPORTED", "url": "", "transactionDescription": "Sale", "latestTransDate": "2021-03-31", "positionDirect": 2364, "positionDirectDate": "2021-03-31"}, {"maxAge": 1, "name": "IIFL Blended FUND - Series A", "relation": "Promoter", "url": "", "transactionDescription": "Sale", "latestTransDate": "2021-03-31", "positionDirect": 1066037, "positionDirectDate": "2021-03-31"}, {"maxAge": 1, "name": "IIFL India Growth Fund", "relation": "Promoter", "url": "", "transactionDescription": "Sale", "latestTransDate": "2021-03-30", "positionDirect": 1348715, "positionDirectDate": "2021-03-30"}, {"maxAge": 1, "name": "Redkar (Prashant)", "relation": "UNREPORTED", "url": "", "transactionDescription": "Sale", "latestTransDate": "2021-03-31", "positionDirect": 0, "positionDirectDate": "2021-03-31"}, {"maxAge": 1, "name": "Saldanha (James Savio)", "relation": "UNREPORTED", "url": "", "transactionDescription": "Sale", "latestTransDate": "2021-03-31", "positionDirect": 24000, "positionDirectDate": "2021-03-31"}, {"maxAge": 1, "name": "Sarang (Vipul)", "relation": "UNREPORTED", "url": "", "transactionDescription": "Sale", "latestTransDate": "2021-03-30", "positionDirect": 1851, "positionDirectDate": "2021-03-30"}, {"maxAge": 1, "name": "Shah (Amit)", "relation": "UNREPORTED", "url": "", "transactionDescription": "Sale", "latestTransDate": "2021-03-31", "positionDirect": 4264, "positionDirectDate": "2021-03-31"}, {"maxAge": 1, "name": "Shah (Chirag)", "relation": "UNREPORTED", "url": "", "transactionDescription": "Sale", "latestTransDate": "2021-03-31", "positionDirect": 42204, "positionDirectDate": "2021-03-31"}, {"maxAge": 1, "name": "Shah (Rakesh)", "relation": "UNREPORTED", "url": "", "transactionDescription": "Sale", "latestTransDate": "2021-03-31", "positionDirect": 1, "positionDirectDate": "2021-03-31"}, {"maxAge": 1, "name": "Talasila (Vamsi)", "relation": "UNREPORTED", "url": "", "transactionDescription": "Sale", "latestTransDate": "2021-03-30", "positionDirect": 28013, "positionDirectDate": "2021-03-30"}], "maxAge": 1}, "calendarEvents": {"maxAge": 1, "earnings": {"earningsDate": []}}, "price": {"maxAge": 1, "regularMarketChangePercent": -0.0072877966, "regularMarketChange": -12.75, "regularMarketTime": "2021-04-30 15:30:00", "priceHint": 2, "regularMarketPrice": 1736.75, "regularMarketDayHigh": 1782.0, "regularMarketDayLow": 1720.0, "regularMarketVolume": 257644, "averageDailyVolume10Day": 438495, "averageDailyVolume3Month": 1033296, "regularMarketPreviousClose": 1749.5, "regularMarketSource": "FREE_REALTIME", "regularMarketOpen": 1720.0, "exchange": "NSI", "exchangeName": "NSE", "exchangeDataDelayedBy": 15, "marketState": "CLOSED", "quoteType": "EQUITY", "symbol": "NAZARA.NS", "underlyingSymbol": null, "shortName": "Nazara Technologies Ltd", "longName": "Nazara Technologies Limited", "currency": "INR", "quoteSourceName": "Delayed Quote", "currencySymbol": "\u20b9", "fromCurrency": null, "toCurrency": null, "lastMarket": null, "marketCap": 52783132672}, "balanceSheetHistory": {"balanceSheetStatements": [{"maxAge": 1, "endDate": "2020-03-31", "cash": 720880000, "shortTermInvestments": 1512700000, "netReceivables": 1276650000, "otherCurrentAssets": 156690000, "totalCurrentAssets": 3743510000, "longTermInvestments": 216450000, "propertyPlantEquipment": 108790000, "goodWill": 1491040000, "intangibleAssets": 2030980000, "otherAssets": 315020000, "deferredLongTermAssetCharges": 89580000, "totalAssets": 7905790000, "accountsPayable": 689760000, "otherCurrentLiab": 470810000, "otherLiab": 460640000, "minorityInterest": 906660000, "totalCurrentLiabilities": 1431570000, "totalLiab": 1912310000, "commonStock": 111990000, "retainedEarnings": 1835040000, "treasuryStock": 1355000000, "capitalSurplus": 1784790000, "otherStockholderEquity": 1355000000, "totalStockholderEquity": 5086820000, "netTangibleAssets": 1564800000}, {"maxAge": 1, "endDate": "2019-03-31", "cash": 532610000, "shortTermInvestments": 1637970000, "netReceivables": 867630000, "otherCurrentAssets": 89240000, "totalCurrentAssets": 3149570000, "longTermInvestments": 435290000, "propertyPlantEquipment": 15400000, "goodWill": 574730000, "intangibleAssets": 845540000, "otherAssets": 197190000, "deferredLongTermAssetCharges": 62950000, "totalAssets": 5217720000, "accountsPayable": 249040000, "otherCurrentLiab": 61350000, "otherLiab": 240020000, "minorityInterest": 409490000, "totalCurrentLiabilities": 489120000, "totalLiab": 729140000, "commonStock": 109890000, "retainedEarnings": 1866420000, "treasuryStock": 697870000, "capitalSurplus": 1404910000, "otherStockholderEquity": 697870000, "totalStockholderEquity": 4079090000, "netTangibleAssets": 2658820000}, {"maxAge": 1, "endDate": "2017-03-31", "cash": 1138310000, "shortTermInvestments": 656310000, "netReceivables": 587330000, "otherCurrentAssets": 22280000, "totalCurrentAssets": 2419620000, "longTermInvestments": 38050000, "propertyPlantEquipment": 10280000, "intangibleAssets": 9440000, "otherAssets": 105430000, "deferredLongTermAssetCharges": 42460000, "totalAssets": 2582820000, "accountsPayable": 240160000, "otherCurrentLiab": 124480000, "otherLiab": 13050000, "totalCurrentLiabilities": 405570000, "totalLiab": 418620000, "commonStock": 19890000, "retainedEarnings": 2115730000, "treasuryStock": 28580000, "otherStockholderEquity": 28580000, "totalStockholderEquity": 2164200000, "netTangibleAssets": 2154760000}, {"maxAge": 1, "endDate": "2016-03-31", "cash": 763430000, "shortTermInvestments": 528150000, "netReceivables": 559670000, "otherCurrentAssets": 24200000, "totalCurrentAssets": 1886460000, "longTermInvestments": 24000000, "propertyPlantEquipment": 15170000, "intangibleAssets": 8130000, "otherAssets": 65130000, "deferredLongTermAssetCharges": 18280000, "totalAssets": 1998890000, "accountsPayable": 261650000, "otherCurrentLiab": 116330000, "otherLiab": 11680000, "totalCurrentLiabilities": 402450000, "totalLiab": 414130000, "commonStock": 19890000, "retainedEarnings": 1518530000, "treasuryStock": 46340000, "otherStockholderEquity": 46340000, "totalStockholderEquity": 1584760000, "netTangibleAssets": 1576630000}], "maxAge": 86400}, "financialData": {"maxAge": 86400, "currentPrice": 1736.75, "recommendationKey": "none", "totalCash": 2085600000, "totalCashPerShare": 72.031, "ebitda": -213050000, "totalDebt": 40310000, "quickRatio": 2.44, "currentRatio": 2.615, "totalRevenue": 2475089920, "debtToEquity": 0.706, "revenuePerShare": 89.182, "returnOnAssets": -0.03434, "returnOnEquity": -0.04757, "grossProfits": 1959260000, "freeCashflow": 375717504, "operatingCashflow": -22060000, "grossMargins": 0.79159, "ebitdaMargins": -0.08608, "operatingMargins": -0.14567, "profitMargins": 0.00202, "financialCurrency": "INR"}}}