{"NBCC.NS": {"assetProfile": {"address1": "NBCC Bhawan", "address2": "Lodhi Road", "city": "New Delhi", "zip": "110003", "country": "India", "phone": "91 11 2436 7314", "fax": "91 11 2436 6995", "website": "http://www.nbccindia.com", "industry": "Engineering & Construction", "sector": "Industrials", "longBusinessSummary": "NBCC (India) Limited engages in project management consultancy and real estate development businesses in India and internationally. The company also provides engineering, procurement, and construction (EPC) contracting services. Its Project Management Consultancy segment offers services for various civil construction projects, including residential and commercial complexes, re-development of colonies, hospitals, educational institutions, infrastructure works for security personnel, and border fencing projects, as well as infrastructure projects, such as roads, water supply systems, storm water drainage systems, water storage solutions, and solid waste management schemes. The company's EPC segment executes various projects, which include chimneys, cooling towers, coal handling plants, roads, bridges, flyovers, metro stations, metro elevated tracks, water and sewage treatment plants, solid waste management systems, TV towers, airports, runways, border fencing, etc. Its Real Estate Development segment develops residential, commercial, and institutional projects. The company is also involved in the provision of post-construction maintenance services; construction of harbors and electricity network; implementation of integrated steel plants; procurement, supply, installation, and commissioning of medical equipment; and environment and sustainability business. The company was formerly known as National Buildings Construction Corporation Limited and changed its name to NBCC (India) Limited in May 2016. NBCC (India) Limited was founded in 1960 and is headquartered in New Delhi, India.", "fullTimeEmployees": 1699, "companyOfficers": [{"maxAge": 1, "name": "Mr. Pawan Kumar Gupta", "age": 57, "title": "Chairman & MD", "yearBorn": 1963, "fiscalYear": 2020, "totalPay": 3125965, "exercisedValue": 0, "unexercisedValue": 0}, {"maxAge": 1, "name": "Ms. Baldev Kaur Sokhey", "age": 56, "title": "Director of Fin. & Director", "yearBorn": 1964, "fiscalYear": 2020, "totalPay": 3502505, "exercisedValue": 0, "unexercisedValue": 0}, {"maxAge": 1, "name": "Ms. Deepti  Gambhir", "title": "Compliance Officer & Company Sec.", "fiscalYear": 2020, "totalPay": 2803000, "exercisedValue": 0, "unexercisedValue": 0}, {"maxAge": 1, "name": "Mr. Rajendra Ramsharan Chaudhari", "age": 55, "title": "Director of Commercial & Director", "yearBorn": 1965, "fiscalYear": 2020, "totalPay": 6646548, "exercisedValue": 0, "unexercisedValue": 0}, {"maxAge": 1, "name": "Mr. Neelesh Kumar Manherlal Shah", "age": 59, "title": "Director of Projects & Additional Director", "yearBorn": 1961, "fiscalYear": 2020, "totalPay": 6257836, "exercisedValue": 0, "unexercisedValue": 0}, {"maxAge": 1, "name": "Ms. Sunita  Purswani", "title": "Chief Gen. Mang. of Tech", "exercisedValue": 0, "unexercisedValue": 0}, {"maxAge": 1, "name": "Mr. Manas  Kaviraj", "title": "Exec. Director of Human Resource Management", "exercisedValue": 0, "unexercisedValue": 0}, {"maxAge": 1, "name": "Mr. Ram Lal Mehra", "age": 63, "title": "Exec. Director of Engineering and Head of Regional Bus. Group - East", "yearBorn": 1957, "fiscalYear": 2011, "exercisedValue": 0, "unexercisedValue": 0}], "compensationAsOfEpochDate": "2020-12-31 05:30:00", "maxAge": 86400}, "recommendationTrend": {"trend": [{"period": "0m", "strongBuy": 0, "buy": 0, "hold": 0, "sell": 0, "strongSell": 0}, {"period": "-1m", "strongBuy": 2, "buy": 2, "hold": 3, "sell": 1, "strongSell": 1}, {"period": "-2m", "strongBuy": 2, "buy": 2, "hold": 3, "sell": 1, "strongSell": 1}, {"period": "-3m", "strongBuy": 2, "buy": 2, "hold": 3, "sell": 1, "strongSell": 1}], "maxAge": 86400}, "cashflowStatementHistory": {"cashflowStatements": [{"maxAge": 1, "endDate": "2020-03-31", "netIncome": 782335000, "depreciation": 64683000, "changeToNetincome": 943499000, "changeToAccountReceivables": 4617210000, "changeToLiabilities": -6477076000, "changeToInventory": 474995000, "changeToOperatingActivities": 1109550000, "totalCashFromOperatingActivities": 1128334000, "capitalExpenditures": -126462000, "investments": -1197114000, "otherCashflowsFromInvestingActivities": 1853290000, "totalCashflowsFromInvestingActivities": 881409000, "dividendsPaid": -1283190000, "netBorrowings": -6419000, "otherCashflowsFromFinancingActivities": -307520000, "totalCashFromFinancingActivities": -1597129000, "changeInCash": 412614000}, {"maxAge": 1, "endDate": "2019-03-31", "netIncome": 3751596000, "depreciation": 42966000, "changeToNetincome": -686506000, "changeToAccountReceivables": 665085000, "changeToLiabilities": 2942361000, "changeToInventory": 1644360000, "changeToOperatingActivities": -1952575000, "totalCashFromOperatingActivities": 6378568000, "capitalExpenditures": -61776000, "investments": -1181132000, "otherCashflowsFromInvestingActivities": 2001866000, "totalCashflowsFromInvestingActivities": -2087199000, "dividendsPaid": -1153432000, "netBorrowings": -6419000, "otherCashflowsFromFinancingActivities": -344233000, "totalCashFromFinancingActivities": -1497665000, "changeInCash": 2793704000}, {"maxAge": 1, "endDate": "2018-03-31", "netIncome": 3782910000, "depreciation": 58363000, "changeToNetincome": 718605000, "changeToAccountReceivables": -1948850000, "changeToLiabilities": 6264112000, "changeToInventory": -868711000, "changeToOperatingActivities": 1018601000, "totalCashFromOperatingActivities": 9067444000, "capitalExpenditures": -51396000, "investments": -6059839000, "otherCashflowsFromInvestingActivities": 1366804000, "totalCashflowsFromInvestingActivities": -4742270000, "dividendsPaid": -1918631000, "netBorrowings": -59346000, "otherCashflowsFromFinancingActivities": -297832000, "totalCashFromFinancingActivities": -2473548000, "changeInCash": 1851626000, "repurchaseOfStock": -495571000}, {"maxAge": 1, "endDate": "2017-03-31", "netIncome": 3547157000, "depreciation": 53691000, "changeToNetincome": -670380000, "changeToAccountReceivables": -4796829000, "changeToLiabilities": 6321503000, "changeToInventory": -1480083000, "changeToOperatingActivities": 3446205000, "totalCashFromOperatingActivities": 6049206000, "capitalExpenditures": -140793000, "investments": 1615121000, "otherCashflowsFromInvestingActivities": 1345600000, "totalCashflowsFromInvestingActivities": 2821315000, "dividendsPaid": -1677000000, "netBorrowings": -5240557000, "otherCashflowsFromFinancingActivities": 1900134000, "totalCashFromFinancingActivities": -5017423000, "changeInCash": 3853097000, "repurchaseOfStock": -495571000}], "maxAge": 86400}, "indexTrend": {"maxAge": 1, "symbol": "SP5", "peRatio": 19.7411, "pegRatio": 1.34172, "estimates": [{"period": "0q", "growth": 0.549}, {"period": "+1q", "growth": 0.431}, {"period": "0y", "growth": 0.305}, {"period": "+1y", "growth": 0.109}, {"period": "+5y", "growth": 0.120865}, {"period": "-5y"}]}, "defaultKeyStatistics": {"maxAge": 1, "priceHint": 2, "enterpriseValue": 8584472576, "forwardPE": 15.037036, "profitMargins": 0.033010002, "floatShares": 687105678, "sharesOutstanding": 1800000000, "heldPercentInsiders": 0.61755, "heldPercentInstitutions": 0.1499, "beta": 1.452261, "category": null, "bookValue": 8.403, "priceToBook": 4.831608, "fundFamily": null, "legalType": null, "lastFiscalYearEnd": "2020-03-31 05:30:00", "nextFiscalYearEnd": "2022-03-31 05:30:00", "mostRecentQuarter": "2020-12-31 05:30:00", "earningsQuarterlyGrowth": 0.886, "netIncomeToCommon": 2211442944, "trailingEps": 1.209, "forwardEps": 2.7, "lastSplitFactor": "2:1", "lastSplitDate": "2018-04-25 05:30:00", "enterpriseToRevenue": 0.128, "enterpriseToEbitda": 16.805, "52WeekChange": 1.1145833, "SandP52WeekChange": 0.48148263, "lastDividendValue": 0.135, "lastDividendDate": 1606348800}, "industryTrend": {"maxAge": 1, "symbol": null, "estimates": []}, "quoteType": {"exchange": "NSI", "quoteType": "EQUITY", "symbol": "NBCC.NS", "underlyingSymbol": "NBCC.NS", "shortName": "NBCC (INDIA) LTD", "longName": "NBCC (India) Limited", "firstTradeDateEpochUtc": "2012-04-12 09:15:00", "timeZoneFullName": "Asia/Kolkata", "timeZoneShortName": "IST", "uuid": "4f597804-c365-3975-9e20-3bd32860eda6", "messageBoardId": "finmb_9663761", "gmtOffSetMilliseconds": 19800000, "maxAge": 1}, "incomeStatementHistory": {"incomeStatementHistory": [{"maxAge": 1, "endDate": "2020-03-31", "totalRevenue": 80416559000, "costOfRevenue": 74931492000, "grossProfit": 5485067000, "researchDevelopment": {}, "sellingGeneralAdministrative": 3354766000, "nonRecurring": {}, "otherOperatingExpenses": 1292873000, "totalOperatingExpenses": 79682763000, "operatingIncome": 733796000, "totalOtherIncomeExpenseNet": 2237474000, "ebit": 733796000, "interestExpense": -70016000, "incomeBeforeTax": 2971270000, "incomeTaxExpense": 1972594000, "minorityInterest": 1556936000, "netIncomeFromContinuingOps": 998676000, "discontinuedOperations": {}, "extraordinaryItems": {}, "effectOfAccountingCharges": {}, "otherItems": {}, "netIncome": 782335000, "netIncomeApplicableToCommonShares": 782335000}, {"maxAge": 1, "endDate": "2019-03-31", "totalRevenue": 98651868000, "costOfRevenue": 90317349000, "grossProfit": 8334519000, "researchDevelopment": {}, "sellingGeneralAdministrative": 3473680000, "nonRecurring": {}, "otherOperatingExpenses": 1398518000, "totalOperatingExpenses": 95361893000, "operatingIncome": 3289975000, "totalOtherIncomeExpenseNet": 2399034000, "ebit": 3289975000, "interestExpense": -12928000, "incomeBeforeTax": 5689009000, "incomeTaxExpense": 1772610000, "minorityInterest": 1483177000, "netIncomeFromContinuingOps": 3916399000, "discontinuedOperations": {}, "extraordinaryItems": {}, "effectOfAccountingCharges": {}, "otherItems": {}, "netIncome": 3751596000, "netIncomeApplicableToCommonShares": 3751596000}, {"maxAge": 1, "endDate": "2018-03-31", "totalRevenue": 84308417000, "costOfRevenue": 74197636000, "grossProfit": 10110781000, "researchDevelopment": {}, "sellingGeneralAdministrative": 3761127000, "nonRecurring": {}, "otherOperatingExpenses": 1798206000, "totalOperatingExpenses": 79817232000, "operatingIncome": 4491185000, "totalOtherIncomeExpenseNet": 1351298000, "ebit": 4491185000, "interestExpense": -257962000, "incomeBeforeTax": 5842483000, "incomeTaxExpense": 1885266000, "minorityInterest": 1540143000, "netIncomeFromContinuingOps": 3957217000, "discontinuedOperations": {}, "extraordinaryItems": {}, "effectOfAccountingCharges": {}, "otherItems": {}, "netIncome": 3782910000, "netIncomeApplicableToCommonShares": 3782910000}, {"maxAge": 1, "endDate": "2017-03-31", "totalRevenue": 73875457000, "costOfRevenue": 66474655000, "grossProfit": 7400802000, "researchDevelopment": {}, "sellingGeneralAdministrative": 2632650000, "nonRecurring": {}, "otherOperatingExpenses": 982444000, "totalOperatingExpenses": 70143669000, "operatingIncome": 3731788000, "totalOtherIncomeExpenseNet": 812912000, "ebit": 3731788000, "interestExpense": -246398000, "incomeBeforeTax": 4544700000, "incomeTaxExpense": 1289771000, "minorityInterest": 2380940000, "netIncomeFromContinuingOps": 3254929000, "discontinuedOperations": {}, "extraordinaryItems": {}, "effectOfAccountingCharges": {}, "otherItems": {}, "netIncome": 3547157000, "netIncomeApplicableToCommonShares": 3547157000}], "maxAge": 86400}, "fundOwnership": {"maxAge": 1, "ownershipList": [{"maxAge": 1, "reportDate": "2021-01-31", "organization": "Vanguard International Stock Index-Total Intl Stock Indx", "pctHeld": 0.0034999999, "position": 6309590, "value": 196859208}, {"maxAge": 1, "reportDate": "2021-01-31", "organization": "Vanguard International Stock Index-Emerging Markets Stk", "pctHeld": 0.0032, "position": 5789599, "value": 180635488}, {"maxAge": 1, "reportDate": "2020-12-31", "organization": "Matthews International Fds-Matthews Asia  ESG Fd", "pctHeld": 0.0016, "position": 2921513, "value": 85162103}, {"maxAge": 1, "reportDate": "2021-01-31", "organization": "DFA Emerging Markets Core Equity Portfolio", "pctHeld": 0.0013, "position": 2301094, "value": 71794132}, {"maxAge": 1, "reportDate": "2021-01-31", "organization": "DFA Emerging Markets Small Cap Series", "pctHeld": 0.0011, "position": 1986749, "value": 61986568}, {"maxAge": 1, "reportDate": "2021-02-28", "organization": "GMO Emerging Markets Fund", "pctHeld": 0.0008, "position": 1413409, "value": 60564575}, {"maxAge": 1, "reportDate": "2021-01-31", "organization": "Vanguard Intl Equity Index Fds-FTSE All World ex U.S.Small Cap Index", "pctHeld": 0.0007, "position": 1333711, "value": 41611783}, {"maxAge": 1, "reportDate": "2021-03-31", "organization": "iShares MSCI India Small Cap ETF", "pctHeld": 0.0007, "position": 1176378, "value": 55054490}, {"maxAge": 1, "reportDate": "2021-03-31", "organization": "iShares Core MSCI Total International Stock ETF", "pctHeld": 0.0004, "position": 801797, "value": 37524099}, {"maxAge": 1, "reportDate": "2020-12-31", "organization": "College Retirement Equities Fund-Stock Account", "pctHeld": 0.00029999999, "position": 469836, "value": 13695719}]}, "summaryDetail": {"maxAge": 1, "priceHint": 2, "previousClose": 41.15, "open": 40.0, "dayLow": 40.0, "dayHigh": 41.5, "regularMarketPreviousClose": 41.15, "regularMarketOpen": 40.0, "regularMarketDayLow": 40.0, "regularMarketDayHigh": 41.5, "dividendRate": 0.14, "dividendYield": 0.0033000002, "exDividendDate": "2020-11-26 05:30:00", "payoutRatio": 0.1103, "beta": 1.452261, "trailingPE": 33.58147, "forwardPE": 15.037036, "volume": 5487081, "regularMarketVolume": 5487081, "averageVolume": 19050406, "averageVolume10days": 6821980, "averageDailyVolume10Day": 6821980, "bid": 0.0, "ask": 0.0, "bidSize": 0, "askSize": 0, "marketCap": 73079996416, "fiftyTwoWeekLow": 16.8, "fiftyTwoWeekHigh": 54.05, "priceToSalesTrailing12Months": 1.0910479, "fiftyDayAverage": 44.218056, "twoHundredDayAverage": 34.091034, "trailingAnnualDividendRate": 0.135, "trailingAnnualDividendYield": 0.0032806804, "currency": "INR", "fromCurrency": null, "toCurrency": null, "lastMarket": null, "algorithm": null, "tradeable": false}, "insiderHolders": {"holders": [{"maxAge": 1, "name": "President of India", "relation": "Promoter", "url": "", "transactionDescription": "Purchase", "latestTransDate": "2020-02-04", "positionDirect": 1111579093, "positionDirectDate": "2020-02-04"}], "maxAge": 1}, "calendarEvents": {"maxAge": 1, "earnings": {"earningsDate": [], "revenueAverage": 21701400000, "revenueLow": 24975000000, "revenueHigh": 24975000000}, "exDividendDate": "2020-11-26 05:30:00"}, "price": {"maxAge": 1, "regularMarketChangePercent": -0.013365809, "regularMarketChange": -0.55000305, "regularMarketTime": "2021-04-30 15:29:59", "priceHint": 2, "regularMarketPrice": 40.6, "regularMarketDayHigh": 41.5, "regularMarketDayLow": 40.0, "regularMarketVolume": 5487081, "averageDailyVolume10Day": 6821980, "averageDailyVolume3Month": 19050406, "regularMarketPreviousClose": 41.15, "regularMarketSource": "FREE_REALTIME", "regularMarketOpen": 40.0, "exchange": "NSI", "exchangeName": "NSE", "exchangeDataDelayedBy": 15, "marketState": "CLOSED", "quoteType": "EQUITY", "symbol": "NBCC.NS", "underlyingSymbol": null, "shortName": "NBCC (INDIA) LTD", "longName": "NBCC (India) Limited", "currency": "INR", "quoteSourceName": "Delayed Quote", "currencySymbol": "\u20b9", "fromCurrency": null, "toCurrency": null, "lastMarket": null, "marketCap": 73079996416}, "balanceSheetHistory": {"balanceSheetStatements": [{"maxAge": 1, "endDate": "2020-03-31", "cash": 19488118000, "shortTermInvestments": 4975127000, "netReceivables": 20968715000, "inventory": 17675383000, "otherCurrentAssets": 53147392000, "totalCurrentAssets": 116288419000, "longTermInvestments": 704521000, "propertyPlantEquipment": 1636318000, "intangibleAssets": 1409000, "otherAssets": 6733319000, "deferredLongTermAssetCharges": 3805952000, "totalAssets": 125363986000, "accountsPayable": 35521995000, "otherCurrentLiab": 68314836000, "otherLiab": 4302252000, "minorityInterest": 1556936000, "totalCurrentLiabilities": 105000942000, "totalLiab": 109304993000, "commonStock": 1800000000, "retainedEarnings": 11856963000, "treasuryStock": 845094000, "otherStockholderEquity": 845094000, "totalStockholderEquity": 14502057000, "netTangibleAssets": 14500648000}, {"maxAge": 1, "endDate": "2019-03-31", "cash": 19075504000, "shortTermInvestments": 6054825000, "netReceivables": 27199025000, "inventory": 18332953000, "otherCurrentAssets": 51685193000, "totalCurrentAssets": 122357836000, "longTermInvestments": 274396000, "propertyPlantEquipment": 1800096000, "intangibleAssets": 1734000, "otherAssets": 6520258000, "deferredLongTermAssetCharges": 5074030000, "totalAssets": 130954320000, "accountsPayable": 42340252000, "otherCurrentLiab": 68496655000, "otherLiab": 2338913000, "minorityInterest": 1483177000, "totalCurrentLiabilities": 112048118000, "totalLiab": 114387031000, "commonStock": 1800000000, "retainedEarnings": 12489630000, "treasuryStock": 794482000, "otherStockholderEquity": 794482000, "totalStockholderEquity": 15084112000, "netTangibleAssets": 15082378000}, {"maxAge": 1, "endDate": "2018-03-31", "cash": 16281800000, "shortTermInvestments": 5868683000, "netReceivables": 31486998000, "inventory": 16581819000, "otherCurrentAssets": 47922704000, "totalCurrentAssets": 118184229000, "longTermInvestments": 277812000, "propertyPlantEquipment": 1278286000, "intangibleAssets": 2340000, "otherAssets": 2943097000, "deferredLongTermAssetCharges": 1909372000, "totalAssets": 122685764000, "accountsPayable": 39203087000, "otherCurrentLiab": 58757938000, "otherLiab": 1065101000, "minorityInterest": 1540143000, "totalCurrentLiabilities": 99418669000, "totalLiab": 100483770000, "commonStock": 1800000000, "retainedEarnings": 17915894000, "treasuryStock": 945957000, "otherStockholderEquity": 945957000, "totalStockholderEquity": 20661851000, "netTangibleAssets": 20659511000}, {"maxAge": 1, "endDate": "2017-03-31", "cash": 12715318000, "shortTermInvestments": 8192858000, "netReceivables": 27607070000, "inventory": 15713108000, "otherCurrentAssets": 11997656000, "totalCurrentAssets": 76276221000, "longTermInvestments": 272044000, "propertyPlantEquipment": 1219177000, "intangibleAssets": 429000, "otherAssets": 2890752000, "deferredLongTermAssetCharges": 1228315000, "totalAssets": 80658623000, "accountsPayable": 30871406000, "shortLongTermDebt": 59346000, "otherCurrentLiab": 27259117000, "otherLiab": 1944693000, "minorityInterest": 2380940000, "totalCurrentLiabilities": 59394597000, "totalLiab": 61339290000, "commonStock": 1800000000, "retainedEarnings": 15143147000, "treasuryStock": -4754000, "otherStockholderEquity": -4754000, "totalStockholderEquity": 16938393000, "netTangibleAssets": 16937964000}], "maxAge": 86400}, "earningsTrend": {"trend": [{"maxAge": 1, "period": "0q", "endDate": "2018-03-31", "growth": {}, "earningsEstimate": {"avg": 0.0, "low": 0.0, "high": 0.0, "yearAgoEps": {}, "numberOfAnalysts": 0, "growth": {}}, "revenueEstimate": {"avg": 21701400000, "low": 24975000000, "high": 24975000000, "numberOfAnalysts": 1, "yearAgoRevenue": 23420000000, "growth": -0.073}, "epsTrend": {"current": 0.0, "7daysAgo": 1.29, "30daysAgo": 1.29, "60daysAgo": 1.29, "90daysAgo": 2.4}, "epsRevisions": {"upLast7days": 0, "upLast30days": 0, "downLast30days": 0, "downLast90days": {}}}, {"maxAge": 1, "period": "+1q", "endDate": "2018-06-30", "growth": 0.257, "earningsEstimate": {"avg": 0.44, "low": 0.4, "high": 0.48, "yearAgoEps": 0.35, "numberOfAnalysts": 2, "growth": 0.257}, "revenueEstimate": {"avg": 15078000000, "low": 15078000000, "high": 15078000000, "numberOfAnalysts": 1, "yearAgoRevenue": 12605600000, "growth": 0.19600001}, "epsTrend": {"current": 0.44, "7daysAgo": 0.48, "30daysAgo": 0.0, "60daysAgo": 0.0, "90daysAgo": 0.0}, "epsRevisions": {"upLast7days": 0, "upLast30days": 0, "downLast30days": 0, "downLast90days": {}}}, {"maxAge": 1, "period": "0y", "endDate": "2018-03-31", "growth": {}, "earningsEstimate": {"avg": 0.0, "low": 0.0, "high": 0.0, "yearAgoEps": {}, "numberOfAnalysts": 0, "growth": {}}, "revenueEstimate": {"avg": 58716900000, "low": 58033800000, "high": 71585000000, "numberOfAnalysts": 7, "yearAgoRevenue": 62111700000, "growth": -0.055}, "epsTrend": {"current": 0.0, "7daysAgo": 2.03, "30daysAgo": 2.03, "60daysAgo": 2.46, "90daysAgo": 4.71}, "epsRevisions": {"upLast7days": 0, "upLast30days": 0, "downLast30days": 0, "downLast90days": {}}}, {"maxAge": 1, "period": "+1y", "endDate": "2019-03-31", "growth": {}, "earningsEstimate": {"avg": 2.7, "low": 2.3, "high": 4.3, "yearAgoEps": {}, "numberOfAnalysts": 7, "growth": {}}, "revenueEstimate": {"avg": 82560900000, "low": 73245000000, "high": 108093000000, "numberOfAnalysts": 7, "yearAgoRevenue": 58716900000, "growth": 0.406}, "epsTrend": {"current": 2.7, "7daysAgo": 2.7, "30daysAgo": 2.7, "60daysAgo": 3.34, "90daysAgo": 6.1}, "epsRevisions": {"upLast7days": 0, "upLast30days": 0, "downLast30days": 0, "downLast90days": {}}}, {"maxAge": 1, "period": "+5y", "endDate": null, "growth": 0.337, "earningsEstimate": {"avg": {}, "low": {}, "high": {}, "yearAgoEps": {}, "numberOfAnalysts": {}, "growth": {}}, "revenueEstimate": {"avg": {}, "low": {}, "high": {}, "numberOfAnalysts": {}, "yearAgoRevenue": {}, "growth": {}}, "epsTrend": {"current": {}, "7daysAgo": {}, "30daysAgo": {}, "60daysAgo": {}, "90daysAgo": {}}, "epsRevisions": {"upLast7days": {}, "upLast30days": {}, "downLast30days": {}, "downLast90days": {}}}, {"maxAge": 1, "period": "-5y", "endDate": null, "growth": 0.11568, "earningsEstimate": {"avg": {}, "low": {}, "high": {}, "yearAgoEps": {}, "numberOfAnalysts": {}, "growth": {}}, "revenueEstimate": {"avg": {}, "low": {}, "high": {}, "numberOfAnalysts": {}, "yearAgoRevenue": {}, "growth": {}}, "epsTrend": {"current": {}, "7daysAgo": {}, "30daysAgo": {}, "60daysAgo": {}, "90daysAgo": {}}, "epsRevisions": {"upLast7days": {}, "upLast30days": {}, "downLast30days": {}, "downLast90days": {}}}], "maxAge": 1}, "institutionOwnership": {"maxAge": 1, "ownershipList": []}, "majorHoldersBreakdown": {"maxAge": 1, "insidersPercentHeld": 0.61755, "institutionsPercentHeld": 0.1499, "institutionsFloatPercentHeld": 0.39195, "institutionsCount": 25}, "balanceSheetHistoryQuarterly": {"balanceSheetStatements": [{"maxAge": 1, "endDate": "2020-12-31", "totalStockholderEquity": 14988753000, "netTangibleAssets": 14987395000}, {"maxAge": 1, "endDate": "2020-09-30", "cash": 47782464000, "shortTermInvestments": 18205156000, "netReceivables": 16529741000, "inventory": 17587532000, "otherCurrentAssets": 11502656000, "totalCurrentAssets": 111607549000, "longTermInvestments": 182773000, "propertyPlantEquipment": 1608592000, "intangibleAssets": 1358000, "otherAssets": 6969489000, "deferredLongTermAssetCharges": 3849919000, "totalAssets": 120369761000, "accountsPayable": 28641939000, "otherCurrentLiab": 70939553000, "otherLiab": 4170867000, "minorityInterest": 1628649000, "totalCurrentLiabilities": 99581492000, "totalLiab": 103752359000, "commonStock": 1800000000, "treasuryStock": 13188753000, "otherStockholderEquity": 13188753000, "totalStockholderEquity": 14988753000, "netTangibleAssets": 14987395000}, {"maxAge": 1, "endDate": "2020-06-30", "totalStockholderEquity": 14502057000, "netTangibleAssets": 14500648000}, {"maxAge": 1, "endDate": "2020-03-31", "cash": 19488118000, "shortTermInvestments": 4975127000, "netReceivables": 20968715000, "inventory": 17675383000, "otherCurrentAssets": 53147392000, "totalCurrentAssets": 116288419000, "longTermInvestments": 704521000, "propertyPlantEquipment": 1636318000, "intangibleAssets": 1409000, "otherAssets": 6733319000, "deferredLongTermAssetCharges": 3805952000, "totalAssets": 125363986000, "accountsPayable": 35521995000, "otherCurrentLiab": 68314836000, "otherLiab": 4302252000, "minorityInterest": 1556936000, "totalCurrentLiabilities": 105000942000, "totalLiab": 109304993000, "commonStock": 1800000000, "retainedEarnings": 11856963000, "treasuryStock": 845094000, "otherStockholderEquity": 845094000, "totalStockholderEquity": 14502057000, "netTangibleAssets": 14500648000}], "maxAge": 86400}, "earningsHistory": {"history": [{"maxAge": 1, "epsActual": {}, "epsEstimate": {}, "epsDifference": {}, "surprisePercent": {}, "quarter": {}, "period": "-4q"}, {"maxAge": 1, "epsActual": 0.35, "epsEstimate": 0.34, "epsDifference": 0.01, "surprisePercent": 0.029000001, "quarter": "2016-12-31", "period": "-3q"}, {"maxAge": 1, "epsActual": 0.41, "epsEstimate": 0.3, "epsDifference": 0.11, "surprisePercent": 0.367, "quarter": "2017-09-30", "period": "-2q"}, {"maxAge": 1, "epsActual": 0.35, "epsEstimate": 0.35, "epsDifference": 0.0, "surprisePercent": 0.0, "quarter": "2017-12-31", "period": "-1q"}], "maxAge": 86400}, "summaryProfile": {"address1": "NBCC Bhawan", "address2": "Lodhi Road", "city": "New Delhi", "zip": "110003", "country": "India", "phone": "91 11 2436 7314", "fax": "91 11 2436 6995", "website": "http://www.nbccindia.com", "industry": "Engineering & Construction", "sector": "Industrials", "longBusinessSummary": "NBCC (India) Limited engages in project management consultancy and real estate development businesses in India and internationally. The company also provides engineering, procurement, and construction (EPC) contracting services. Its Project Management Consultancy segment offers services for various civil construction projects, including residential and commercial complexes, re-development of colonies, hospitals, educational institutions, infrastructure works for security personnel, and border fencing projects, as well as infrastructure projects, such as roads, water supply systems, storm water drainage systems, water storage solutions, and solid waste management schemes. The company's EPC segment executes various projects, which include chimneys, cooling towers, coal handling plants, roads, bridges, flyovers, metro stations, metro elevated tracks, water and sewage treatment plants, solid waste management systems, TV towers, airports, runways, border fencing, etc. Its Real Estate Development segment develops residential, commercial, and institutional projects. The company is also involved in the provision of post-construction maintenance services; construction of harbors and electricity network; implementation of integrated steel plants; procurement, supply, installation, and commissioning of medical equipment; and environment and sustainability business. The company was formerly known as National Buildings Construction Corporation Limited and changed its name to NBCC (India) Limited in May 2016. NBCC (India) Limited was founded in 1960 and is headquartered in New Delhi, India.", "fullTimeEmployees": 1699, "companyOfficers": [], "maxAge": 86400}, "netSharePurchaseActivity": {"maxAge": 1, "period": "6m", "buyInfoCount": 0, "buyInfoShares": 0, "sellInfoCount": 0, "netInfoCount": 0, "netInfoShares": 0, "netPercentInsiderShares": 0.0, "totalInsiderShares": 1109512960}, "insiderTransactions": {"transactions": [{"maxAge": 1, "shares": 193396115, "filerUrl": "", "transactionText": "", "filerName": "President of India", "filerRelation": "Promoter", "moneyText": "", "startDate": "2020-02-04", "ownership": "D"}, {"maxAge": 1, "shares": 250920000, "filerUrl": "", "transactionText": "", "filerName": "President of India", "filerRelation": "Promoter", "moneyText": "", "startDate": "2020-01-28", "ownership": "D"}, {"maxAge": 1, "shares": 882235, "filerUrl": "", "transactionText": "", "filerName": "President of India", "filerRelation": "Promoter", "moneyText": "", "startDate": "2019-10-15", "ownership": "D"}, {"maxAge": 1, "shares": 18478681, "filerUrl": "", "transactionText": "", "filerName": "President of India", "filerRelation": "Promoter", "moneyText": "", "startDate": "2019-10-01", "ownership": "D"}, {"maxAge": 1, "shares": 1966703, "filerUrl": "", "transactionText": "", "filerName": "President of India", "filerRelation": "Promoter", "moneyText": "", "startDate": "2019-07-26", "ownership": "D"}, {"maxAge": 1, "shares": 42575914, "filerUrl": "", "transactionText": "", "filerName": "President of India", "filerRelation": "Promoter", "moneyText": "", "startDate": "2019-07-16", "ownership": "D"}, {"maxAge": 1, "shares": 4656429, "filerUrl": "", "transactionText": "", "filerName": "President of India", "filerRelation": "Promoter", "moneyText": "", "startDate": "2019-03-25", "ownership": "D"}, {"maxAge": 1, "shares": 31093284, "filerUrl": "", "transactionText": "", "filerName": "President of India", "filerRelation": "Promoter", "moneyText": "", "startDate": "2019-03-18", "ownership": "D"}, {"maxAge": 1, "shares": 16507062, "filerUrl": "", "transactionText": "", "filerName": "President of India", "filerRelation": "Promoter", "moneyText": "", "startDate": "2019-02-21", "ownership": "D"}, {"maxAge": 1, "shares": 56127310, "filerUrl": "", "transactionText": "", "filerName": "President of India", "filerRelation": "Promoter", "moneyText": "", "startDate": "2018-12-04", "ownership": "D"}, {"maxAge": 1, "shares": 2826949, "filerUrl": "", "transactionText": "", "filerName": "President of India", "filerRelation": "Promoter", "moneyText": "", "startDate": "2018-06-15", "ownership": "D"}, {"maxAge": 1, "shares": 660598562, "filerUrl": "", "transactionText": "", "filerName": "President of India", "filerRelation": "Promoter", "moneyText": "", "startDate": "2018-06-12", "ownership": "D"}, {"maxAge": 1, "shares": 1919416, "filerUrl": "", "transactionText": "", "filerName": "President of India", "filerRelation": "Promoter", "moneyText": "", "startDate": "2018-02-02", "ownership": "D"}, {"maxAge": 1, "shares": 356923, "filerUrl": "", "transactionText": "", "filerName": "President of India", "filerRelation": "Promoter", "moneyText": "", "startDate": "2017-11-21", "ownership": "D"}, {"maxAge": 1, "shares": 220884588, "filerUrl": "", "transactionText": "", "filerName": "President of India", "filerRelation": "Promoter", "moneyText": "", "startDate": "2017-11-15", "ownership": "D"}, {"maxAge": 1, "shares": 18000000, "filerUrl": "", "transactionText": "", "filerName": "President of India", "filerRelation": "Promoter", "moneyText": "", "startDate": "2016-10-21", "ownership": "D"}, {"maxAge": 1, "shares": 72000000, "filerUrl": "", "transactionText": "", "filerName": "President of India", "filerRelation": "Promoter", "moneyText": "", "startDate": "2016-10-20", "ownership": "D"}], "maxAge": 1}, "sectorTrend": {"maxAge": 1, "symbol": null, "estimates": []}, "incomeStatementHistoryQuarterly": {"incomeStatementHistory": [{"maxAge": 1, "endDate": "2020-12-31", "totalRevenue": 20781846000, "costOfRevenue": 19375882000, "grossProfit": 1405964000, "researchDevelopment": {}, "sellingGeneralAdministrative": 773611000, "nonRecurring": {}, "otherOperatingExpenses": 254501000, "totalOperatingExpenses": 20411669000, "operatingIncome": 370177000, "totalOtherIncomeExpenseNet": 697419000, "ebit": 370177000, "interestExpense": -13847000, "incomeBeforeTax": 1067596000, "incomeTaxExpense": 97765000, "minorityInterest": {}, "netIncomeFromContinuingOps": 969831000, "discontinuedOperations": {}, "extraordinaryItems": {}, "effectOfAccountingCharges": {}, "otherItems": {}, "netIncome": 934251000, "netIncomeApplicableToCommonShares": 934251000}, {"maxAge": 1, "endDate": "2020-09-30", "totalRevenue": 13601230000, "costOfRevenue": 12644682000, "grossProfit": 956548000, "researchDevelopment": {}, "sellingGeneralAdministrative": 818062000, "nonRecurring": {}, "otherOperatingExpenses": 152975000, "totalOperatingExpenses": 13633401000, "operatingIncome": -32171000, "totalOtherIncomeExpenseNet": 647577000, "ebit": -32171000, "interestExpense": -13679000, "incomeBeforeTax": 615406000, "incomeTaxExpense": 159264000, "minorityInterest": 1628649000, "netIncomeFromContinuingOps": 456142000, "discontinuedOperations": {}, "extraordinaryItems": {}, "effectOfAccountingCharges": {}, "otherItems": {}, "netIncome": 428096000, "netIncomeApplicableToCommonShares": 428096000}, {"maxAge": 1, "endDate": "2020-06-30", "totalRevenue": 6769532000, "costOfRevenue": 6262399000, "grossProfit": 507133000, "researchDevelopment": {}, "sellingGeneralAdministrative": 781167000, "nonRecurring": {}, "otherOperatingExpenses": 130463000, "totalOperatingExpenses": 7214854000, "operatingIncome": -445322000, "totalOtherIncomeExpenseNet": 518492000, "ebit": -445322000, "interestExpense": -13498000, "incomeBeforeTax": 73170000, "incomeTaxExpense": -29645000, "minorityInterest": 1628649000, "netIncomeFromContinuingOps": 102815000, "discontinuedOperations": {}, "extraordinaryItems": {}, "effectOfAccountingCharges": {}, "otherItems": {}, "netIncome": 59281000, "netIncomeApplicableToCommonShares": 59281000}, {"maxAge": 1, "endDate": "2020-03-31", "totalRevenue": 25549311000, "costOfRevenue": 24183195000, "grossProfit": 1366116000, "researchDevelopment": {}, "sellingGeneralAdministrative": 821078000, "nonRecurring": {}, "otherOperatingExpenses": 781880000, "totalOperatingExpenses": 25284793000, "operatingIncome": 264518000, "totalOtherIncomeExpenseNet": 731190000, "ebit": 264518000, "interestExpense": -16674000, "incomeBeforeTax": 995708000, "incomeTaxExpense": 157955000, "minorityInterest": 1556936000, "netIncomeFromContinuingOps": 837753000, "discontinuedOperations": {}, "extraordinaryItems": {}, "effectOfAccountingCharges": {}, "otherItems": {}, "netIncome": 789815000, "netIncomeApplicableToCommonShares": 789815000}], "maxAge": 86400}, "cashflowStatementHistoryQuarterly": {"cashflowStatements": [{"maxAge": 1, "endDate": "2020-12-31", "netIncome": 934251000, "changeToLiabilities": 0}, {"maxAge": 1, "endDate": "2020-09-30", "netIncome": 428096000, "changeToLiabilities": 0}, {"maxAge": 1, "endDate": "2020-06-30", "netIncome": 59281000, "changeToLiabilities": 0}, {"maxAge": 1, "endDate": "2020-03-31", "netIncome": 789815000, "changeToLiabilities": 0}], "maxAge": 86400}, "earnings": {"maxAge": 86400, "earningsChart": {"quarterly": [{"date": "4Q2016", "actual": 0.35, "estimate": 0.34}, {"date": "3Q2017", "actual": 0.41, "estimate": 0.3}, {"date": "4Q2017", "actual": 0.35, "estimate": 0.35}], "currentQuarterEstimateDate": "1Q", "currentQuarterEstimateYear": 2018, "earningsDate": []}, "financialsChart": {"yearly": [{"date": 2017, "revenue": 73875457000, "earnings": 3547157000}, {"date": 2018, "revenue": 84308417000, "earnings": 3782910000}, {"date": 2019, "revenue": 98651868000, "earnings": 3751596000}, {"date": 2020, "revenue": 80416559000, "earnings": 782335000}], "quarterly": [{"date": "1Q2020", "revenue": 25549311000, "earnings": 789815000}, {"date": "2Q2020", "revenue": 6769532000, "earnings": 59281000}, {"date": "3Q2020", "revenue": 13601230000, "earnings": 428096000}, {"date": "4Q2020", "revenue": 20781846000, "earnings": 934251000}]}, "financialCurrency": "INR"}, "financialData": {"maxAge": 86400, "currentPrice": 40.6, "targetHighPrice": 158.0, "targetLowPrice": 67.0, "targetMeanPrice": 114.95, "targetMedianPrice": 115.0, "recommendationMean": 1.9, "recommendationKey": "buy", "numberOfAnalystOpinions": 11, "totalCash": 65987620864, "totalCashPerShare": 36.728, "ebitda": 510830240, "totalDebt": 0, "totalRevenue": 66981474304, "revenuePerShare": 36.748, "grossProfits": 5485067000, "earningsGrowth": 0.857, "revenueGrowth": 0.077, "grossMargins": 0.06741, "ebitdaMargins": 0.00763, "operatingMargins": 0.0065200003, "profitMargins": 0.033010002, "financialCurrency": "INR"}}}