{"NBCC.BO": {"recommendationTrend": {"trend": [{"period": "0m", "strongBuy": 0, "buy": 0, "hold": 0, "sell": 0, "strongSell": 0}, {"period": "-1m", "strongBuy": 0, "buy": 0, "hold": 0, "sell": 0, "strongSell": 0}, {"period": "-2m", "strongBuy": 0, "buy": 0, "hold": 0, "sell": 0, "strongSell": 0}, {"period": "-3m", "strongBuy": 0, "buy": 0, "hold": 0, "sell": 0, "strongSell": 0}], "maxAge": 86400}, "cashflowStatementHistory": {"cashflowStatements": [{"maxAge": 1, "endDate": "2020-03-31", "netIncome": 782335000, "depreciation": 65027000, "changeToNetincome": 943499000, "changeToAccountReceivables": 4617210000, "changeToLiabilities": -6477076000, "changeToInventory": 474995000, "changeToOperatingActivities": 1109550000, "totalCashFromOperatingActivities": 1128334000, "capitalExpenditures": -126462000, "investments": -1197114000, "otherCashflowsFromInvestingActivities": 1853290000, "totalCashflowsFromInvestingActivities": 881409000, "dividendsPaid": -1523849000, "netBorrowings": -6419000, "otherCashflowsFromFinancingActivities": -66861000, "totalCashFromFinancingActivities": -1597129000, "changeInCash": 412614000}, {"maxAge": 1, "endDate": "2019-03-31", "netIncome": 3751596000, "depreciation": 42966000, "changeToNetincome": -686506000, "changeToAccountReceivables": 665085000, "changeToLiabilities": 2942361000, "changeToInventory": 1644360000, "changeToOperatingActivities": -1952575000, "totalCashFromOperatingActivities": 6378568000, "capitalExpenditures": -61776000, "investments": -1181132000, "otherCashflowsFromInvestingActivities": 2001866000, "totalCashflowsFromInvestingActivities": -2087199000, "dividendsPaid": -1153432000, "netBorrowings": -6419000, "otherCashflowsFromFinancingActivities": -344233000, "totalCashFromFinancingActivities": -1497665000, "changeInCash": 2793704000}, {"maxAge": 1, "endDate": "2018-03-31", "netIncome": 3782910000, "depreciation": 58363000, "changeToNetincome": 718605000, "changeToAccountReceivables": -1948850000, "changeToLiabilities": 6264112000, "changeToInventory": -868711000, "changeToOperatingActivities": 1018601000, "totalCashFromOperatingActivities": 9067444000, "capitalExpenditures": -51396000, "investments": -6059839000, "otherCashflowsFromInvestingActivities": 1366804000, "totalCashflowsFromInvestingActivities": -4742270000, "dividendsPaid": -1918631000, "netBorrowings": -59346000, "otherCashflowsFromFinancingActivities": -297832000, "totalCashFromFinancingActivities": -2473548000, "changeInCash": 1851626000, "repurchaseOfStock": -495571000}, {"maxAge": 1, "endDate": "2017-03-31", "netIncome": 3547157000, "depreciation": 53691000, "changeToNetincome": -670380000, "changeToAccountReceivables": -4796829000, "changeToLiabilities": 6321503000, "changeToInventory": -1480083000, "changeToOperatingActivities": 3446205000, "totalCashFromOperatingActivities": 6049206000, "capitalExpenditures": -140793000, "investments": 1615121000, "otherCashflowsFromInvestingActivities": 1345600000, "totalCashflowsFromInvestingActivities": 2821315000, "dividendsPaid": -1677000000, "netBorrowings": -5240557000, "otherCashflowsFromFinancingActivities": 1900134000, "totalCashFromFinancingActivities": -5017423000, "changeInCash": 3853097000, "repurchaseOfStock": -495571000}], "maxAge": 86400}, "institutionOwnership": {"ownershipList": [], "maxAge": 1}, "balanceSheetHistoryQuarterly": {"balanceSheetStatements": [{"maxAge": 1, "endDate": "2020-06-30", "totalStockholderEquity": 14502057000, "netTangibleAssets": 14500648000}, {"maxAge": 1, "endDate": "2020-03-31", "cash": 52063899000, "shortTermInvestments": 16121480000, "netReceivables": 18555741000, "inventory": 17675383000, "otherCurrentAssets": 11871916000, "totalCurrentAssets": 116288419000, "longTermInvestments": 183996000, "propertyPlantEquipment": 1636318000, "intangibleAssets": 1409000, "otherAssets": 7253844000, "deferredLongTermAssetCharges": 3805952000, "totalAssets": 125363986000, "accountsPayable": 35521995000, "otherCurrentLiab": 69478947000, "otherLiab": 4304051000, "minorityInterest": 1556936000, "totalCurrentLiabilities": 105000942000, "totalLiab": 109304993000, "commonStock": 1800000000, "treasuryStock": 12702057000, "otherStockholderEquity": 12702057000, "totalStockholderEquity": 14502057000, "netTangibleAssets": 14500648000}, {"maxAge": 1, "endDate": "2019-12-31", "totalStockholderEquity": 13177360000, "netTangibleAssets": 13175834000}, {"maxAge": 1, "endDate": "2019-09-30", "cash": 47739067000, "shortTermInvestments": 17507425000, "netReceivables": 22683552000, "inventory": 18568659000, "otherCurrentAssets": 13327497000, "totalCurrentAssets": 119826200000, "longTermInvestments": 280738000, "propertyPlantEquipment": 1780931000, "intangibleAssets": 1526000, "otherAssets": 6651215000, "deferredLongTermAssetCharges": 3814054000, "totalAssets": 128540610000, "accountsPayable": 34985877000, "otherCurrentLiab": 77681193000, "otherLiab": 1241077000, "minorityInterest": 1455103000, "totalCurrentLiabilities": 112667070000, "totalLiab": 113908147000, "commonStock": 1800000000, "treasuryStock": 11377360000, "otherStockholderEquity": 11377360000, "totalStockholderEquity": 13177360000, "netTangibleAssets": 13175834000}], "maxAge": 86400}, "earningsHistory": {"history": [{"maxAge": 1, "epsActual": {}, "epsEstimate": {}, "epsDifference": {}, "surprisePercent": {}, "quarter": {}, "period": "-4q"}, {"maxAge": 1, "epsActual": 0.35, "epsEstimate": 0.34, "epsDifference": 0.01, "surprisePercent": 0.029000001, "quarter": "2016-12-31", "period": "-3q"}, {"maxAge": 1, "epsActual": 0.41, "epsEstimate": 0.3, "epsDifference": 0.11, "surprisePercent": 0.367, "quarter": "2017-09-30", "period": "-2q"}, {"maxAge": 1, "epsActual": 0.35, "epsEstimate": 0.35, "epsDifference": 0.0, "surprisePercent": 0.0, "quarter": "2017-12-31", "period": "-1q"}], "maxAge": 86400}, "indexTrend": {"maxAge": 1, "symbol": "SP5", "peRatio": 19.7411, "pegRatio": 1.34172, "estimates": [{"period": "0q", "growth": 0.549}, {"period": "+1q", "growth": 0.431}, {"period": "0y", "growth": 0.305}, {"period": "+1y", "growth": 0.109}, {"period": "+5y", "growth": 0.120865}, {"period": "-5y"}]}, "industryTrend": {"maxAge": 1, "symbol": null, "estimates": []}, "insiderTransactions": {"transactions": [{"maxAge": 1, "shares": 193396115, "filerUrl": "", "transactionText": "", "filerName": "President of India", "filerRelation": "Promoter", "moneyText": "", "startDate": "2020-02-04", "ownership": "D"}, {"maxAge": 1, "shares": 250920000, "filerUrl": "", "transactionText": "", "filerName": "President of India", "filerRelation": "Promoter", "moneyText": "", "startDate": "2020-01-28", "ownership": "D"}, {"maxAge": 1, "shares": 882235, "filerUrl": "", "transactionText": "", "filerName": "President of India", "filerRelation": "Promoter", "moneyText": "", "startDate": "2019-10-15", "ownership": "D"}, {"maxAge": 1, "shares": 18478681, "filerUrl": "", "transactionText": "", "filerName": "President of India", "filerRelation": "Promoter", "moneyText": "", "startDate": "2019-10-01", "ownership": "D"}, {"maxAge": 1, "shares": 1966703, "filerUrl": "", "transactionText": "", "filerName": "President of India", "filerRelation": "Promoter", "moneyText": "", "startDate": "2019-07-26", "ownership": "D"}, {"maxAge": 1, "shares": 42575914, "filerUrl": "", "transactionText": "", "filerName": "President of India", "filerRelation": "Promoter", "moneyText": "", "startDate": "2019-07-16", "ownership": "D"}, {"maxAge": 1, "shares": 4656429, "filerUrl": "", "transactionText": "", "filerName": "President of India", "filerRelation": "Promoter", "moneyText": "", "startDate": "2019-03-25", "ownership": "D"}, {"maxAge": 1, "shares": 31093284, "filerUrl": "", "transactionText": "", "filerName": "President of India", "filerRelation": "Promoter", "moneyText": "", "startDate": "2019-03-18", "ownership": "D"}, {"maxAge": 1, "shares": 16507062, "filerUrl": "", "transactionText": "", "filerName": "President of India", "filerRelation": "Promoter", "moneyText": "", "startDate": "2019-02-21", "ownership": "D"}, {"maxAge": 1, "shares": 56127310, "filerUrl": "", "transactionText": "", "filerName": "President of India", "filerRelation": "Promoter", "moneyText": "", "startDate": "2018-12-04", "ownership": "D"}, {"maxAge": 1, "shares": 2826949, "filerUrl": "", "transactionText": "", "filerName": "President of India", "filerRelation": "Promoter", "moneyText": "", "startDate": "2018-06-15", "ownership": "D"}, {"maxAge": 1, "shares": 660598562, "filerUrl": "", "transactionText": "", "filerName": "President of India", "filerRelation": "Promoter", "moneyText": "", "startDate": "2018-06-12", "ownership": "D"}, {"maxAge": 1, "shares": 1919416, "filerUrl": "", "transactionText": "", "filerName": "President of India", "filerRelation": "Promoter", "moneyText": "", "startDate": "2018-02-02", "ownership": "D"}, {"maxAge": 1, "shares": 356923, "filerUrl": "", "transactionText": "", "filerName": "President of India", "filerRelation": "Promoter", "moneyText": "", "startDate": "2017-11-21", "ownership": "D"}, {"maxAge": 1, "shares": 220884588, "filerUrl": "", "transactionText": "", "filerName": "President of India", "filerRelation": "Promoter", "moneyText": "", "startDate": "2017-11-15", "ownership": "D"}, {"maxAge": 1, "shares": 18000000, "filerUrl": "", "transactionText": "", "filerName": "President of India", "filerRelation": "Promoter", "moneyText": "", "startDate": "2016-10-21", "ownership": "D"}, {"maxAge": 1, "shares": 72000000, "filerUrl": "", "transactionText": "", "filerName": "President of India", "filerRelation": "Promoter", "moneyText": "", "startDate": "2016-10-20", "ownership": "D"}], "maxAge": 1}, "quoteType": {"exchange": "BSE", "quoteType": "EQUITY", "symbol": "NBCC.BO", "underlyingSymbol": "NBCC.BO", "shortName": "NBCC (India) Limited", "longName": "NBCC (India) Limited", "firstTradeDateEpochUtc": "2012-04-13 09:15:00", "timeZoneFullName": "Asia/Kolkata", "timeZoneShortName": "IST", "uuid": "586c0ad1-2601-3b61-a46b-cbcf5a17d14f", "gmtOffSetMilliseconds": 19800000, "maxAge": 1}, "incomeStatementHistory": {"incomeStatementHistory": [{"maxAge": 1, "endDate": "2020-03-31", "totalRevenue": 80870737000, "costOfRevenue": 75327566000, "grossProfit": 5543171000, "researchDevelopment": {}, "sellingGeneralAdministrative": 3302996000, "nonRecurring": {}, "otherOperatingExpenses": 1204855000, "totalOperatingExpenses": 79900444000, "operatingIncome": 970293000, "totalOtherIncomeExpenseNet": 2000977000, "ebit": 970293000, "interestExpense": -66861000, "incomeBeforeTax": 2971270000, "incomeTaxExpense": 1972594000, "minorityInterest": 1556936000, "netIncomeFromContinuingOps": 998676000, "discontinuedOperations": {}, "extraordinaryItems": {}, "effectOfAccountingCharges": {}, "otherItems": {}, "netIncome": 782335000, "netIncomeApplicableToCommonShares": 782335000}, {"maxAge": 1, "endDate": "2019-03-31", "totalRevenue": 98651868000, "costOfRevenue": 90446301000, "grossProfit": 8205567000, "researchDevelopment": {}, "sellingGeneralAdministrative": 3344728000, "nonRecurring": {}, "otherOperatingExpenses": 1254625000, "totalOperatingExpenses": 95218000000, "operatingIncome": 3433868000, "totalOtherIncomeExpenseNet": 2255141000, "ebit": 3433868000, "interestExpense": -12928000, "incomeBeforeTax": 5689009000, "incomeTaxExpense": 1772610000, "minorityInterest": 1483177000, "netIncomeFromContinuingOps": 3916399000, "discontinuedOperations": {}, "extraordinaryItems": {}, "effectOfAccountingCharges": {}, "otherItems": {}, "netIncome": 3751596000, "netIncomeApplicableToCommonShares": 3751596000}, {"maxAge": 1, "endDate": "2018-03-31", "totalRevenue": 84308417000, "costOfRevenue": 74197636000, "grossProfit": 10110781000, "researchDevelopment": {}, "sellingGeneralAdministrative": 3761127000, "nonRecurring": {}, "otherOperatingExpenses": 1798206000, "totalOperatingExpenses": 79817232000, "operatingIncome": 4491185000, "totalOtherIncomeExpenseNet": 1351298000, "ebit": 4491185000, "interestExpense": -257962000, "incomeBeforeTax": 5842483000, "incomeTaxExpense": 1885266000, "minorityInterest": 1540143000, "netIncomeFromContinuingOps": 3957217000, "discontinuedOperations": {}, "extraordinaryItems": {}, "effectOfAccountingCharges": {}, "otherItems": {}, "netIncome": 3782910000, "netIncomeApplicableToCommonShares": 3782910000}, {"maxAge": 1, "endDate": "2017-03-31", "totalRevenue": 73875457000, "costOfRevenue": 66474655000, "grossProfit": 7400802000, "researchDevelopment": {}, "sellingGeneralAdministrative": 2632650000, "nonRecurring": {}, "otherOperatingExpenses": 982444000, "totalOperatingExpenses": 70143669000, "operatingIncome": 3731788000, "totalOtherIncomeExpenseNet": 812912000, "ebit": 3731788000, "interestExpense": -246398000, "incomeBeforeTax": 4544700000, "incomeTaxExpense": 1289771000, "minorityInterest": 2380940000, "netIncomeFromContinuingOps": 3254929000, "discontinuedOperations": {}, "extraordinaryItems": {}, "effectOfAccountingCharges": {}, "otherItems": {}, "netIncome": 3547157000, "netIncomeApplicableToCommonShares": 3547157000}], "maxAge": 86400}, "fundOwnership": {"ownershipList": [{"maxAge": 1, "reportDate": "2020-07-31", "organization": "Vanguard International Stock Index-Total Intl Stock Indx", "pctHeld": 0.0043, "position": 7670971, "value": 177582978}, {"maxAge": 1, "reportDate": "2020-07-31", "organization": "Vanguard International Stock Index-Emerging Markets Stk", "pctHeld": 0.0032, "position": 5789599, "value": 134029216}, {"maxAge": 1, "reportDate": "2020-07-31", "organization": "DFA Emerging Markets Core Equity Portfolio", "pctHeld": 0.0015, "position": 2649256, "value": 61330276}, {"maxAge": 1, "reportDate": "2020-06-30", "organization": "Matthews International Fds-Matthews Asia  ESG Fd", "pctHeld": 0.0013, "position": 2324874, "value": 54169564}, {"maxAge": 1, "reportDate": "2020-07-31", "organization": "DFA Emerging Markets Small Cap Series", "pctHeld": 0.0011, "position": 1986749, "value": 45993239}, {"maxAge": 1, "reportDate": "2020-07-31", "organization": "Vanguard Intl Equity Index Fds-FTSE All World ex U.S.Small Cap Index", "pctHeld": 0.0007, "position": 1218046, "value": 28197764}, {"maxAge": 1, "reportDate": "2020-08-31", "organization": "iShares MSCI India Small Cap ETF", "pctHeld": 0.0005, "position": 959280, "value": 25660740}, {"maxAge": 1, "reportDate": "2020-08-31", "organization": "WisdomTree Tr-WisdomTree India Earnings Fd", "pctHeld": 0.00029999999, "position": 536602, "value": 14354103}, {"maxAge": 1, "reportDate": "2020-07-31", "organization": "Russell Inv Co-Emerging Markets Fund", "pctHeld": 0.0002, "position": 388630, "value": 8996784}, {"maxAge": 1, "reportDate": "2020-08-31", "organization": "iShares Core MSCI Total International Stock ETF", "pctHeld": 0.0002, "position": 381442, "value": 10203573}], "maxAge": 1}, "summaryDetail": {"maxAge": 1, "priceHint": 2, "previousClose": 41.15, "open": 40.9, "dayLow": 40.05, "dayHigh": 41.5, "regularMarketPreviousClose": 41.15, "regularMarketOpen": 40.9, "regularMarketDayLow": 40.05, "regularMarketDayHigh": 41.5, "trailingPE": 213.6842, "forwardPE": 4.155578, "volume": 275890, "regularMarketVolume": 275890, "averageVolume": 1317408, "averageVolume10days": 695638, "averageDailyVolume10Day": 695638, "bid": 40.6, "ask": 0.0, "bidSize": 0, "askSize": 0, "marketCap": 73079996416, "fiftyTwoWeekLow": 14.1, "fiftyTwoWeekHigh": 41.5, "fiftyDayAverage": 31.195456, "twoHundredDayAverage": 26.654043, "trailingAnnualDividendRate": 0.135, "trailingAnnualDividendYield": 0.0032806804, "currency": "INR", "fromCurrency": null, "lastMarket": null, "algorithm": null, "tradeable": false}, "sectorTrend": {"maxAge": 1, "symbol": null, "estimates": []}, "incomeStatementHistoryQuarterly": {"incomeStatementHistory": [{"maxAge": 1, "endDate": "2020-06-30", "totalRevenue": 6844717000, "costOfRevenue": 6288689000, "grossProfit": 556028000, "researchDevelopment": {}, "sellingGeneralAdministrative": 781167000, "nonRecurring": {}, "otherOperatingExpenses": 130463000, "totalOperatingExpenses": 7214854000, "operatingIncome": -370137000, "totalOtherIncomeExpenseNet": 443307000, "ebit": -370137000, "interestExpense": -13498000, "incomeBeforeTax": 73170000, "incomeTaxExpense": -29645000, "minorityInterest": {}, "netIncomeFromContinuingOps": 102815000, "discontinuedOperations": {}, "extraordinaryItems": {}, "effectOfAccountingCharges": {}, "otherItems": {}, "netIncome": 59281000, "netIncomeApplicableToCommonShares": 59281000}, {"maxAge": 1, "endDate": "2020-03-31", "totalRevenue": 26003489000, "costOfRevenue": 23931837000, "grossProfit": 2071652000, "researchDevelopment": {}, "sellingGeneralAdministrative": 769308000, "nonRecurring": {}, "otherOperatingExpenses": 693862000, "totalOperatingExpenses": 25502474000, "operatingIncome": 501015000, "totalOtherIncomeExpenseNet": 494694000, "ebit": 501015000, "interestExpense": -13519000, "incomeBeforeTax": 995709000, "incomeTaxExpense": 157955000, "minorityInterest": 1556936000, "netIncomeFromContinuingOps": 837754000, "discontinuedOperations": {}, "extraordinaryItems": {}, "effectOfAccountingCharges": {}, "otherItems": {}, "netIncome": 789815000, "netIncomeApplicableToCommonShares": 789815000}, {"maxAge": 1, "endDate": "2019-12-31", "totalRevenue": 19300204000, "costOfRevenue": 17853941000, "grossProfit": 1446263000, "researchDevelopment": {}, "sellingGeneralAdministrative": 829345000, "nonRecurring": {}, "otherOperatingExpenses": 169152000, "totalOperatingExpenses": 19057511000, "operatingIncome": 242693000, "totalOtherIncomeExpenseNet": 484960000, "ebit": 242693000, "interestExpense": -13382000, "incomeBeforeTax": 727653000, "incomeTaxExpense": 172247000, "minorityInterest": 1556936000, "netIncomeFromContinuingOps": 555406000, "discontinuedOperations": {}, "extraordinaryItems": {}, "effectOfAccountingCharges": {}, "otherItems": {}, "netIncome": 495379000, "netIncomeApplicableToCommonShares": 495379000}, {"maxAge": 1, "endDate": "2019-09-30", "totalRevenue": 16655748000, "costOfRevenue": 15606999000, "grossProfit": 1048749000, "researchDevelopment": {}, "sellingGeneralAdministrative": 875254000, "nonRecurring": {}, "otherOperatingExpenses": 188168000, "totalOperatingExpenses": 16679937000, "operatingIncome": -24189000, "totalOtherIncomeExpenseNet": 536377000, "ebit": -24189000, "interestExpense": -13442000, "incomeBeforeTax": 512188000, "incomeTaxExpense": 1421302000, "minorityInterest": 1455103000, "netIncomeFromContinuingOps": -909114000, "discontinuedOperations": {}, "extraordinaryItems": {}, "effectOfAccountingCharges": {}, "otherItems": {}, "netIncome": -991860000, "netIncomeApplicableToCommonShares": -991860000}], "maxAge": 86400}, "cashflowStatementHistoryQuarterly": {"cashflowStatements": [{"maxAge": 1, "endDate": "2020-06-30", "netIncome": 59281000, "changeToLiabilities": 0}, {"maxAge": 1, "endDate": "2020-03-31", "netIncome": 789815000, "changeToLiabilities": 0}, {"maxAge": 1, "endDate": "2019-12-31", "netIncome": 495379000, "changeToLiabilities": 0}, {"maxAge": 1, "endDate": "2019-09-30", "netIncome": -991860000, "changeToLiabilities": 0}], "maxAge": 86400}, "insiderHolders": {"holders": [{"maxAge": 1, "name": "President of India", "relation": "Promoter", "url": "", "transactionDescription": "Purchase", "latestTransDate": "2020-02-04", "positionDirect": 1111579093, "positionDirectDate": "2020-02-04"}], "maxAge": 1}, "earnings": {"maxAge": 86400, "earningsChart": {"quarterly": [{"date": "4Q2016", "actual": 0.35, "estimate": 0.34}, {"date": "3Q2017", "actual": 0.41, "estimate": 0.3}, {"date": "4Q2017", "actual": 0.35, "estimate": 0.35}], "currentQuarterEstimateDate": "1Q", "currentQuarterEstimateYear": 2018, "earningsDate": ["2020-07-06 05:30:S"]}, "financialsChart": {"yearly": [{"date": 2017, "revenue": 73875457000, "earnings": 3547157000}, {"date": 2018, "revenue": 84308417000, "earnings": 3782910000}, {"date": 2019, "revenue": 98651868000, "earnings": 3751596000}, {"date": 2020, "revenue": 80870737000, "earnings": 782335000}], "quarterly": [{"date": "3Q2019", "revenue": 16655748000, "earnings": -991860000}, {"date": "4Q2019", "revenue": 19300204000, "earnings": 495379000}, {"date": "1Q2020", "revenue": 26003489000, "earnings": 789815000}, {"date": "2Q2020", "revenue": 6844717000, "earnings": 59281000}]}, "financialCurrency": "INR"}, "calendarEvents": {"maxAge": 1, "earnings": {"earningsDate": ["2020-07-06 05:30:S"], "revenueAverage": 21701400000, "revenueLow": 24975000000, "revenueHigh": 24975000000}}, "upgradeDowngradeHistory": {"history": [], "maxAge": 86400}, "price": {"maxAge": 1, "regularMarketChangePercent": -0.013365809, "regularMarketChange": -0.55000305, "regularMarketTime": "2021-04-30 15:52:17", "priceHint": 2, "regularMarketPrice": 40.6, "regularMarketDayHigh": 41.5, "regularMarketDayLow": 40.05, "regularMarketVolume": 275890, "averageDailyVolume10Day": 695638, "averageDailyVolume3Month": 1317408, "regularMarketPreviousClose": 41.15, "regularMarketSource": "FREE_REALTIME", "regularMarketOpen": 40.9, "exchange": "BSE", "exchangeName": "BSE", "exchangeDataDelayedBy": 0, "marketState": "CLOSED", "quoteType": "EQUITY", "symbol": "NBCC.BO", "underlyingSymbol": null, "shortName": "NBCC (India) Limited", "longName": "NBCC (India) Limited", "currency": "INR", "quoteSourceName": "Delayed Quote", "currencySymbol": "\u20b9", "fromCurrency": null, "lastMarket": null, "marketCap": 73079996416}, "balanceSheetHistory": {"balanceSheetStatements": [{"maxAge": 1, "endDate": "2020-03-31", "cash": 52063899000, "shortTermInvestments": 16121480000, "netReceivables": 18555741000, "inventory": 17675383000, "otherCurrentAssets": 11871916000, "totalCurrentAssets": 116288419000, "longTermInvestments": 183996000, "propertyPlantEquipment": 1636318000, "intangibleAssets": 1409000, "otherAssets": 7253844000, "deferredLongTermAssetCharges": 3805952000, "totalAssets": 125363986000, "accountsPayable": 35521995000, "otherCurrentLiab": 69478947000, "otherLiab": 4304051000, "minorityInterest": 1556936000, "totalCurrentLiabilities": 105000942000, "totalLiab": 109304993000, "commonStock": 1800000000, "treasuryStock": 12702057000, "otherStockholderEquity": 12702057000, "totalStockholderEquity": 14502057000, "netTangibleAssets": 14500648000}, {"maxAge": 1, "endDate": "2019-03-31", "cash": 19075504000, "shortTermInvestments": 6054825000, "netReceivables": 27199025000, "inventory": 18332953000, "otherCurrentAssets": 51718071000, "totalCurrentAssets": 122412839000, "longTermInvestments": 274396000, "propertyPlantEquipment": 1800096000, "intangibleAssets": 1734000, "otherAssets": 6465255000, "deferredLongTermAssetCharges": 5074030000, "totalAssets": 130954320000, "accountsPayable": 42362163000, "otherCurrentLiab": 69583066000, "otherLiab": 1252391000, "minorityInterest": 1483177000, "totalCurrentLiabilities": 113134640000, "totalLiab": 114387031000, "commonStock": 1800000000, "retainedEarnings": 12489630000, "treasuryStock": 794482000, "otherStockholderEquity": 794482000, "totalStockholderEquity": 15084112000, "netTangibleAssets": 15082378000}, {"maxAge": 1, "endDate": "2018-03-31", "cash": 16281800000, "shortTermInvestments": 5868683000, "netReceivables": 31486998000, "inventory": 16581819000, "otherCurrentAssets": 47922704000, "totalCurrentAssets": 118184229000, "longTermInvestments": 277812000, "propertyPlantEquipment": 1278286000, "intangibleAssets": 2340000, "otherAssets": 2943097000, "deferredLongTermAssetCharges": 1909372000, "totalAssets": 122685764000, "accountsPayable": 39203087000, "otherCurrentLiab": 58757938000, "otherLiab": 1065101000, "minorityInterest": 1540143000, "totalCurrentLiabilities": 99418669000, "totalLiab": 100483770000, "commonStock": 1800000000, "retainedEarnings": 17915894000, "treasuryStock": 945957000, "otherStockholderEquity": 945957000, "totalStockholderEquity": 20661851000, "netTangibleAssets": 20659511000}, {"maxAge": 1, "endDate": "2017-03-31", "cash": 12715318000, "shortTermInvestments": 8066379000, "netReceivables": 27733549000, "inventory": 15713108000, "otherCurrentAssets": 11997656000, "totalCurrentAssets": 76276221000, "longTermInvestments": 272044000, "propertyPlantEquipment": 1219177000, "intangibleAssets": 429000, "otherAssets": 2890752000, "deferredLongTermAssetCharges": 1228315000, "totalAssets": 80658623000, "accountsPayable": 30871406000, "shortLongTermDebt": 59346000, "otherCurrentLiab": 27259117000, "otherLiab": 1944693000, "minorityInterest": 2380940000, "totalCurrentLiabilities": 59394597000, "totalLiab": 61339290000, "commonStock": 1800000000, "retainedEarnings": 15143147000, "treasuryStock": -4754000, "otherStockholderEquity": -4754000, "totalStockholderEquity": 16938393000, "netTangibleAssets": 16937964000}], "maxAge": 86400}, "earningsTrend": {"trend": [{"maxAge": 1, "period": "0q", "endDate": "2018-03-31", "growth": {}, "earningsEstimate": {"avg": 0.0, "low": 0.0, "high": 0.0, "yearAgoEps": {}, "numberOfAnalysts": 0, "growth": {}}, "revenueEstimate": {"avg": 21701400000, "low": 24975000000, "high": 24975000000, "numberOfAnalysts": 1, "yearAgoRevenue": 23420000000, "growth": -0.073}, "epsTrend": {"current": 0.0, "7daysAgo": 1.29, "30daysAgo": 1.29, "60daysAgo": 1.29, "90daysAgo": 1.29}, "epsRevisions": {"upLast7days": 0, "upLast30days": 0, "downLast30days": 0, "downLast90days": {}}}, {"maxAge": 1, "period": "+1q", "endDate": "2018-06-30", "growth": {}, "earningsEstimate": {"avg": 0.0, "low": 0.0, "high": 0.0, "yearAgoEps": 0.35, "numberOfAnalysts": 0, "growth": {}}, "revenueEstimate": {"avg": 16334800000, "low": 15078000000, "high": 15452000000, "numberOfAnalysts": 2, "yearAgoRevenue": 12605600000, "growth": 0.296}, "epsTrend": {"current": 0.0, "7daysAgo": 0.43, "30daysAgo": 0.43, "60daysAgo": 0.43, "90daysAgo": 0.43}, "epsRevisions": {"upLast7days": 0, "upLast30days": 0, "downLast30days": 0, "downLast90days": {}}}, {"maxAge": 1, "period": "0y", "endDate": "2018-03-31", "growth": {}, "earningsEstimate": {"avg": 0.0, "low": 0.0, "high": 0.0, "yearAgoEps": {}, "numberOfAnalysts": 0, "growth": {}}, "revenueEstimate": {"avg": 58716900000, "low": 58033800000, "high": 71585000000, "numberOfAnalysts": 7, "yearAgoRevenue": 62111700000, "growth": -0.055}, "epsTrend": {"current": 0.0, "7daysAgo": 2.03, "30daysAgo": 2.03, "60daysAgo": 2.03, "90daysAgo": 2.03}, "epsRevisions": {"upLast7days": 0, "upLast30days": 0, "downLast30days": 0, "downLast90days": {}}}, {"maxAge": 1, "period": "+1y", "endDate": "2019-03-31", "growth": {}, "earningsEstimate": {"avg": 0.0, "low": 0.0, "high": 0.0, "yearAgoEps": {}, "numberOfAnalysts": 0, "growth": {}}, "revenueEstimate": {"avg": 78007900000, "low": 72431000000, "high": 94937000000, "numberOfAnalysts": 6, "yearAgoRevenue": 58716900000, "growth": 0.32900003}, "epsTrend": {"current": 0.0, "7daysAgo": 2.2, "30daysAgo": 2.2, "60daysAgo": 2.2, "90daysAgo": 2.2}, "epsRevisions": {"upLast7days": 0, "upLast30days": 0, "downLast30days": 0, "downLast90days": {}}}, {"maxAge": 1, "period": "+5y", "endDate": null, "growth": 0.273, "earningsEstimate": {"avg": {}, "low": {}, "high": {}, "yearAgoEps": {}, "numberOfAnalysts": {}, "growth": {}}, "revenueEstimate": {"avg": {}, "low": {}, "high": {}, "numberOfAnalysts": {}, "yearAgoRevenue": {}, "growth": {}}, "epsTrend": {"current": {}, "7daysAgo": {}, "30daysAgo": {}, "60daysAgo": {}, "90daysAgo": {}}, "epsRevisions": {"upLast7days": {}, "upLast30days": {}, "downLast30days": {}, "downLast90days": {}}}, {"maxAge": 1, "period": "-5y", "endDate": null, "growth": {}, "earningsEstimate": {"avg": {}, "low": {}, "high": {}, "yearAgoEps": {}, "numberOfAnalysts": {}, "growth": {}}, "revenueEstimate": {"avg": {}, "low": {}, "high": {}, "numberOfAnalysts": {}, "yearAgoRevenue": {}, "growth": {}}, "epsTrend": {"current": {}, "7daysAgo": {}, "30daysAgo": {}, "60daysAgo": {}, "90daysAgo": {}}, "epsRevisions": {"upLast7days": {}, "upLast30days": {}, "downLast30days": {}, "downLast90days": {}}}], "maxAge": 1}, "financialData": {"maxAge": 86400, "currentPrice": 40.6, "targetHighPrice": 115.0, "targetLowPrice": 67.0, "targetMeanPrice": 81.4, "targetMedianPrice": 81.0, "recommendationKey": "none", "numberOfAnalystOpinions": 10, "grossProfits": 5543171000, "financialCurrency": "INR"}}}