{"NBIFIN.NS": {"assetProfile": {"address1": "21, Strand Road", "address2": "Ground Floor", "city": "Kolkata", "zip": "700 001", "country": "India", "phone": "91 33 2230 9601", "fax": "91 33 2213 1650", "website": "http://www.nbi-india.co.in", "industry": "Capital Markets", "sector": "Financial Services", "longBusinessSummary": "N.B.I. Industrial Finance Company Limited, a non-banking financial company, invests in shares, securities, and other financial activities. The company was formerly known as The New Bank of India Limited and changed its name to N.B.I. Industrial Finance Company Limited in May 1951. N.B.I. Industrial Finance Company Limited was incorporated in 1936 and is based in Kolkata, India.", "fullTimeEmployees": 5, "companyOfficers": [{"maxAge": 1, "name": "Mr. S. P. Kumar", "title": "Mang. & CFO", "fiscalYear": 2020, "totalPay": 1660227, "exercisedValue": 0, "unexercisedValue": 0}, {"maxAge": 1, "name": "Nisha  Laddha", "title": "Company Sec. & Compliance Officer", "fiscalYear": 2020, "totalPay": 181936, "exercisedValue": 0, "unexercisedValue": 0}], "compensationAsOfEpochDate": "2020-12-31 05:30:00", "maxAge": 86400}, "cashflowStatementHistory": {"cashflowStatements": [{"maxAge": 1, "endDate": "2020-03-31", "netIncome": 129625668, "depreciation": 40999, "changeToNetincome": -144105425, "changeToLiabilities": 0, "changeToOperatingActivities": 1361684, "totalCashFromOperatingActivities": -13077074, "investments": -153221008, "otherCashflowsFromInvestingActivities": 139850241, "totalCashflowsFromInvestingActivities": -13370767, "changeInCash": -26447841}, {"maxAge": 1, "endDate": "2019-03-31", "netIncome": 42478930, "depreciation": 34488, "changeToNetincome": -59174691, "changeToLiabilities": 0, "changeToOperatingActivities": 552731, "totalCashFromOperatingActivities": -16108542, "capitalExpenditures": -36000, "investments": -27275222, "otherCashflowsFromInvestingActivities": 58231731, "totalCashflowsFromInvestingActivities": 30920509, "changeInCash": 14811967}, {"maxAge": 1, "endDate": "2018-03-31", "netIncome": 38349631, "depreciation": 31926, "changeToNetincome": -59827774, "changeToLiabilities": 0, "changeToOperatingActivities": 148515256, "totalCashFromOperatingActivities": 127069039, "capitalExpenditures": -37500, "investments": -168784067, "otherCashflowsFromInvestingActivities": 53453624, "totalCashflowsFromInvestingActivities": -115367943, "dividendsPaid": -1228403, "otherCashflowsFromFinancingActivities": -250074, "totalCashFromFinancingActivities": -1478477, "changeInCash": 10222619}, {"maxAge": 1, "endDate": "2017-03-31", "netIncome": 806767964, "depreciation": 22099, "changeToNetincome": -1006490398, "changeToLiabilities": 0, "changeToOperatingActivities": -121760841, "totalCashFromOperatingActivities": -321461176, "capitalExpenditures": -52782, "investments": 207601833, "otherCashflowsFromInvestingActivities": 103448611, "totalCashflowsFromInvestingActivities": 310997662, "dividendsPaid": -1228403, "otherCashflowsFromFinancingActivities": -250074, "totalCashFromFinancingActivities": -1478477, "changeInCash": -10463514}], "maxAge": 86400}, "institutionOwnership": {"maxAge": 1, "ownershipList": []}, "majorHoldersBreakdown": {"maxAge": 1}, "balanceSheetHistoryQuarterly": {"balanceSheetStatements": [{"maxAge": 1, "endDate": "2020-12-31", "totalStockholderEquity": 18351345000, "netTangibleAssets": 18351345000}, {"maxAge": 1, "endDate": "2020-09-30", "cash": 37512000, "shortTermInvestments": 18570873000, "totalCurrentAssets": 18608385000, "propertyPlantEquipment": 115000, "otherAssets": 2872000, "totalAssets": 18611372000, "otherCurrentLiab": 603000, "otherLiab": 259424000, "totalCurrentLiabilities": 603000, "totalLiab": 260027000, "commonStock": 12284000, "treasuryStock": 18339061000, "otherStockholderEquity": 18339061000, "totalStockholderEquity": 18351345000, "netTangibleAssets": 18351345000}, {"maxAge": 1, "endDate": "2020-06-30", "totalStockholderEquity": 16169114590, "netTangibleAssets": 16169114590}, {"maxAge": 1, "endDate": "2020-03-31", "cash": 4873513, "shortTermInvestments": 27000000, "netReceivables": 3324339, "otherCurrentAssets": 246753, "totalCurrentAssets": 16171277597, "propertyPlantEquipment": 55187, "otherAssets": 3649266, "deferredLongTermAssetCharges": 1281761, "totalAssets": 16174982050, "otherCurrentLiab": 341441, "otherLiab": 4944788, "totalCurrentLiabilities": 922672, "totalLiab": 5867460, "commonStock": 12284030, "retainedEarnings": 1266615831, "treasuryStock": 14888564003, "capitalSurplus": 1650726, "otherStockholderEquity": 14888564003, "totalStockholderEquity": 16169114590, "netTangibleAssets": 16169114590}], "maxAge": 86400}, "indexTrend": {"maxAge": 1, "symbol": "SP5", "peRatio": 19.7411, "pegRatio": 1.34172, "estimates": [{"period": "0q", "growth": 0.549}, {"period": "+1q", "growth": 0.431}, {"period": "0y", "growth": 0.305}, {"period": "+1y", "growth": 0.109}, {"period": "+5y", "growth": 0.120865}, {"period": "-5y"}]}, "defaultKeyStatistics": {"maxAge": 1, "priceHint": 2, "enterpriseValue": -13814870016, "profitMargins": 0.92233, "floatShares": 1181224, "sharesOutstanding": 2456810, "beta": 1.092447, "category": null, "bookValue": 7485.078, "priceToBook": 0.261694, "fundFamily": null, "legalType": null, "lastFiscalYearEnd": "2020-03-31 05:30:00", "nextFiscalYearEnd": "2022-03-31 05:30:00", "mostRecentQuarter": "2020-12-31 05:30:00", "earningsQuarterlyGrowth": 0.037, "netIncomeToCommon": 106404672, "trailingEps": 43.329, "lastSplitFactor": "2:1", "lastSplitDate": "2017-12-07 05:30:00", "enterpriseToRevenue": -119.75, "enterpriseToEbitda": -139.315, "52WeekChange": 0.484558, "SandP52WeekChange": 0.48148263, "lastDividendValue": 0.5, "lastDividendDate": 1504742400}, "summaryProfile": {"address1": "21, Strand Road", "address2": "Ground Floor", "city": "Kolkata", "zip": "700 001", "country": "India", "phone": "91 33 2230 9601", "fax": "91 33 2213 1650", "website": "http://www.nbi-india.co.in", "industry": "Capital Markets", "sector": "Financial Services", "longBusinessSummary": "N.B.I. Industrial Finance Company Limited, a non-banking financial company, invests in shares, securities, and other financial activities. The company was formerly known as The New Bank of India Limited and changed its name to N.B.I. Industrial Finance Company Limited in May 1951. N.B.I. Industrial Finance Company Limited was incorporated in 1936 and is based in Kolkata, India.", "fullTimeEmployees": 5, "companyOfficers": [], "maxAge": 86400}, "netSharePurchaseActivity": {"maxAge": 1, "period": "6m", "buyInfoCount": 0, "buyInfoShares": 0, "sellInfoCount": 0, "netInfoCount": 0, "netInfoShares": 0, "totalInsiderShares": 0}, "quoteType": {"exchange": "NSI", "quoteType": "EQUITY", "symbol": "NBIFIN.NS", "underlyingSymbol": "NBIFIN.NS", "shortName": "N.B.I. INDUSTRIAL", "longName": "N.B.I. Industrial Finance Company Limited", "firstTradeDateEpochUtc": "2016-12-07 09:15:00", "timeZoneFullName": "Asia/Kolkata", "timeZoneShortName": "IST", "uuid": "1caafc3d-9fe9-3c65-a3a1-744a504967c8", "messageBoardId": "finmb_54615949", "gmtOffSetMilliseconds": 19800000, "maxAge": 1}, "incomeStatementHistory": {"incomeStatementHistory": [{"maxAge": 1, "endDate": "2020-03-31", "totalRevenue": 143816687, "costOfRevenue": 38602, "grossProfit": 143778085, "researchDevelopment": {}, "sellingGeneralAdministrative": 6501019, "nonRecurring": {}, "otherOperatingExpenses": 7774216, "totalOperatingExpenses": 14354836, "operatingIncome": 129461851, "totalOtherIncomeExpenseNet": -3483, "ebit": 129461851, "interestExpense": {}, "incomeBeforeTax": 129458368, "incomeTaxExpense": -167300, "minorityInterest": {}, "netIncomeFromContinuingOps": 129625668, "discontinuedOperations": {}, "extraordinaryItems": {}, "effectOfAccountingCharges": {}, "otherItems": {}, "netIncome": 129625668, "netIncomeApplicableToCommonShares": 129625668}, {"maxAge": 1, "endDate": "2019-03-31", "totalRevenue": 62886801, "costOfRevenue": 4303058, "grossProfit": 58583743, "researchDevelopment": {}, "sellingGeneralAdministrative": 6302627, "nonRecurring": {}, "otherOperatingExpenses": 8378079, "totalOperatingExpenses": 19018252, "operatingIncome": 43868549, "totalOtherIncomeExpenseNet": 0, "ebit": 43868549, "interestExpense": {}, "incomeBeforeTax": 43868549, "incomeTaxExpense": 1389619, "minorityInterest": {}, "netIncomeFromContinuingOps": 42478930, "discontinuedOperations": {}, "extraordinaryItems": {}, "effectOfAccountingCharges": {}, "otherItems": {}, "netIncome": 42478930, "netIncomeApplicableToCommonShares": 42478930}, {"maxAge": 1, "endDate": "2018-03-31", "totalRevenue": 57255875, "costOfRevenue": 35927, "grossProfit": 57219948, "researchDevelopment": {}, "sellingGeneralAdministrative": 11595799, "nonRecurring": {}, "otherOperatingExpenses": 7226621, "totalOperatingExpenses": 18890273, "operatingIncome": 38365602, "totalOtherIncomeExpenseNet": 0, "ebit": 38365602, "interestExpense": {}, "incomeBeforeTax": 38365602, "incomeTaxExpense": 15971, "minorityInterest": {}, "netIncomeFromContinuingOps": 38349631, "discontinuedOperations": {}, "extraordinaryItems": {}, "effectOfAccountingCharges": {}, "otherItems": {}, "netIncome": 38349631, "netIncomeApplicableToCommonShares": 38349631}, {"maxAge": 1, "endDate": "2017-03-31", "totalRevenue": 1008891869, "costOfRevenue": 46989, "grossProfit": 1008844880, "researchDevelopment": {}, "sellingGeneralAdministrative": 5235976, "nonRecurring": {}, "otherOperatingExpenses": 3171543, "totalOperatingExpenses": 8476607, "operatingIncome": 1000415262, "totalOtherIncomeExpenseNet": -2500000, "ebit": 1000415262, "interestExpense": {}, "incomeBeforeTax": 997915262, "incomeTaxExpense": 191147298, "minorityInterest": {}, "netIncomeFromContinuingOps": 806767964, "discontinuedOperations": {}, "extraordinaryItems": {}, "effectOfAccountingCharges": {}, "otherItems": {}, "netIncome": 806767964, "netIncomeApplicableToCommonShares": 806767964}], "maxAge": 86400}, "fundOwnership": {"maxAge": 1, "ownershipList": []}, "summaryDetail": {"maxAge": 1, "priceHint": 2, "previousClose": 1926.9, "open": 1939.55, "dayLow": 1922.3, "dayHigh": 1979.0, "regularMarketPreviousClose": 1926.9, "regularMarketOpen": 1939.55, "regularMarketDayLow": 1922.3, "regularMarketDayHigh": 1979.0, "exDividendDate": "2017-09-07 05:30:00", "payoutRatio": 0.0, "beta": 1.092447, "trailingPE": 45.2076, "volume": 354, "regularMarketVolume": 354, "averageVolume": 1667, "averageVolume10days": 542, "averageDailyVolume10Day": 542, "bid": 0.0, "ask": 0.0, "bidSize": 0, "askSize": 0, "marketCap": 4812399616, "fiftyTwoWeekLow": 1250.15, "fiftyTwoWeekHigh": 2040.0, "priceToSalesTrailing12Months": 41.71467, "fiftyDayAverage": 1851.9288, "twoHundredDayAverage": 1728.4365, "currency": "INR", "fromCurrency": null, "toCurrency": null, "lastMarket": null, "algorithm": null, "tradeable": false}, "incomeStatementHistoryQuarterly": {"incomeStatementHistory": [{"maxAge": 1, "endDate": "2020-12-31", "totalRevenue": 5480000, "costOfRevenue": 0, "grossProfit": 5480000, "researchDevelopment": {}, "sellingGeneralAdministrative": 1665000, "nonRecurring": {}, "otherOperatingExpenses": 2085000, "totalOperatingExpenses": 3762000, "operatingIncome": 1718000, "totalOtherIncomeExpenseNet": 0, "ebit": 1718000, "interestExpense": {}, "incomeBeforeTax": 1718000, "incomeTaxExpense": 421000, "minorityInterest": {}, "netIncomeFromContinuingOps": 1297000, "discontinuedOperations": {}, "extraordinaryItems": {}, "effectOfAccountingCharges": {}, "otherItems": {}, "netIncome": 1297000, "netIncomeApplicableToCommonShares": 1297000}, {"maxAge": 1, "endDate": "2020-09-30", "totalRevenue": 4361000, "costOfRevenue": 0, "grossProfit": 4361000, "researchDevelopment": {}, "sellingGeneralAdministrative": 1663000, "nonRecurring": {}, "otherOperatingExpenses": 815000, "totalOperatingExpenses": 2496000, "operatingIncome": 1865000, "totalOtherIncomeExpenseNet": 0, "ebit": 1865000, "interestExpense": {}, "incomeBeforeTax": 1865000, "incomeTaxExpense": -268000, "minorityInterest": {}, "netIncomeFromContinuingOps": 2133000, "discontinuedOperations": {}, "extraordinaryItems": {}, "effectOfAccountingCharges": {}, "otherItems": {}, "netIncome": 2133000, "netIncomeApplicableToCommonShares": 2133000}, {"maxAge": 1, "endDate": "2020-06-30", "totalRevenue": 4150000, "costOfRevenue": 0, "grossProfit": 4150000, "researchDevelopment": {}, "sellingGeneralAdministrative": 1541000, "nonRecurring": {}, "otherOperatingExpenses": 482000, "totalOperatingExpenses": 2028000, "operatingIncome": 2122000, "totalOtherIncomeExpenseNet": 0, "ebit": 2122000, "interestExpense": {}, "incomeBeforeTax": 2122000, "incomeTaxExpense": -7606000, "minorityInterest": {}, "netIncomeFromContinuingOps": 9728000, "discontinuedOperations": {}, "extraordinaryItems": {}, "effectOfAccountingCharges": {}, "otherItems": {}, "netIncome": 9728000, "netIncomeApplicableToCommonShares": 9728000}, {"maxAge": 1, "endDate": "2020-03-31", "totalRevenue": 101374687, "costOfRevenue": 38602, "grossProfit": 101336085, "researchDevelopment": {}, "sellingGeneralAdministrative": 1492019, "nonRecurring": {}, "otherOperatingExpenses": 6421216, "totalOperatingExpenses": 7961836, "operatingIncome": 93412851, "totalOtherIncomeExpenseNet": -3483, "ebit": 93412851, "interestExpense": {}, "incomeBeforeTax": 93409368, "incomeTaxExpense": 162700, "minorityInterest": {}, "netIncomeFromContinuingOps": 93246668, "discontinuedOperations": {}, "extraordinaryItems": {}, "effectOfAccountingCharges": {}, "otherItems": {}, "netIncome": 93246668, "netIncomeApplicableToCommonShares": 93246668}], "maxAge": 86400}, "cashflowStatementHistoryQuarterly": {"cashflowStatements": [{"maxAge": 1, "endDate": "2020-12-31", "netIncome": 1297000, "changeToLiabilities": 0}, {"maxAge": 1, "endDate": "2020-09-30", "netIncome": 2133000, "changeToLiabilities": 0}, {"maxAge": 1, "endDate": "2020-06-30", "netIncome": 9728000, "changeToLiabilities": 0}, {"maxAge": 1, "endDate": "2020-03-31", "netIncome": 93246668, "changeToLiabilities": 0}], "maxAge": 86400}, "insiderHolders": {"holders": [], "maxAge": 1}, "calendarEvents": {"maxAge": 1, "earnings": {"earningsDate": []}, "exDividendDate": "2017-09-07 05:30:00"}, "price": {"maxAge": 1, "regularMarketChangePercent": 0.0165551, "regularMarketChange": 31.900024, "regularMarketTime": "2021-04-30 15:27:36", "priceHint": 2, "regularMarketPrice": 1958.8, "regularMarketDayHigh": 1979.0, "regularMarketDayLow": 1922.3, "regularMarketVolume": 354, "averageDailyVolume10Day": 542, "averageDailyVolume3Month": 1667, "regularMarketPreviousClose": 1926.9, "regularMarketSource": "FREE_REALTIME", "regularMarketOpen": 1939.55, "exchange": "NSI", "exchangeName": "NSE", "exchangeDataDelayedBy": 15, "marketState": "CLOSED", "quoteType": "EQUITY", "symbol": "NBIFIN.NS", "underlyingSymbol": null, "shortName": "N.B.I. INDUSTRIAL", "longName": "N.B.I. Industrial Finance Company Limited", "currency": "INR", "quoteSourceName": "Delayed Quote", "currencySymbol": "\u20b9", "fromCurrency": null, "toCurrency": null, "lastMarket": null, "marketCap": 4812399616}, "balanceSheetHistory": {"balanceSheetStatements": [{"maxAge": 1, "endDate": "2020-03-31", "cash": 4873513, "shortTermInvestments": 27000000, "netReceivables": 3324339, "otherCurrentAssets": 246753, "totalCurrentAssets": 16171277597, "propertyPlantEquipment": 55187, "otherAssets": 3649266, "deferredLongTermAssetCharges": 1281761, "totalAssets": 16174982050, "otherCurrentLiab": 341441, "otherLiab": 4944788, "totalCurrentLiabilities": 922672, "totalLiab": 5867460, "commonStock": 12284030, "retainedEarnings": 1266615831, "treasuryStock": 14888564003, "capitalSurplus": 1650726, "otherStockholderEquity": 14888564003, "totalStockholderEquity": 16169114590, "netTangibleAssets": 16169114590}, {"maxAge": 1, "endDate": "2019-03-31", "cash": 31321354, "shortTermInvestments": 27000000, "netReceivables": 637966, "otherCurrentAssets": 396817, "totalCurrentAssets": 17096003460, "propertyPlantEquipment": 96186, "otherAssets": 3433286, "deferredLongTermAssetCharges": 1114461, "totalAssets": 17099532932, "otherCurrentLiab": 341505, "otherLiab": 4251134, "totalCurrentLiabilities": 480956, "totalLiab": 4732090, "commonStock": 12284030, "retainedEarnings": 1136990162, "treasuryStock": 15943875924, "capitalSurplus": 1650726, "otherStockholderEquity": 15943875924, "totalStockholderEquity": 17094800842, "netTangibleAssets": 17094800842}, {"maxAge": 1, "endDate": "2018-03-31", "cash": 16674645, "shortTermInvestments": 10333537, "netReceivables": 2114437, "otherCurrentAssets": 2292495, "totalCurrentAssets": 31415114, "longTermInvestments": 1080221674, "propertyPlantEquipment": 94674, "otherAssets": 1050490, "deferredLongTermAssetCharges": 1019690, "totalAssets": 1112781952, "otherCurrentLiab": 407057, "otherLiab": 3844158, "totalCurrentLiabilities": 565006, "totalLiab": 4409164, "commonStock": 12284030, "retainedEarnings": 1094382777, "treasuryStock": 55255, "capitalSurplus": 1650726, "otherStockholderEquity": 55255, "totalStockholderEquity": 1108372788, "netTangibleAssets": 1108372788}, {"maxAge": 1, "endDate": "2017-03-31", "cash": 6286768, "shortTermInvestments": 327939071, "netReceivables": 2808113, "otherCurrentAssets": 132296906, "totalCurrentAssets": 469330858, "longTermInvestments": 604658449, "propertyPlantEquipment": 89100, "otherAssets": 2038327, "deferredLongTermAssetCharges": 1029831, "totalAssets": 1076116734, "otherCurrentLiab": 2669191, "otherLiab": 3221232, "totalCurrentLiabilities": 2872345, "totalLiab": 6093577, "commonStock": 12284030, "retainedEarnings": 1056033146, "treasuryStock": 55255, "capitalSurplus": 1650726, "otherStockholderEquity": 55255, "totalStockholderEquity": 1070023157, "netTangibleAssets": 1070023157}], "maxAge": 86400}, "financialData": {"maxAge": 86400, "currentPrice": 1958.8, "recommendationKey": "none", "totalCash": 18608384000, "totalCashPerShare": 7604.046, "ebitda": 99162736, "totalDebt": 0, "totalRevenue": 115364688, "revenuePerShare": 46.979, "grossProfits": 143778085, "earningsGrowth": 0.039, "revenueGrowth": 1.196, "grossMargins": 0.99966, "ebitdaMargins": 0.85956, "operatingMargins": 0.85916, "profitMargins": 0.92233, "financialCurrency": "INR"}}}