{"NCLRESE.BO": {"cashflowStatementHistory": {"cashflowStatements": [{"maxAge": 1, "endDate": "2020-03-31", "netIncome": 155000, "changeToNetincome": -100, "changeToLiabilities": 0, "changeToOperatingActivities": 777800, "totalCashFromOperatingActivities": 932700, "changeInCash": 932700}, {"maxAge": 1, "endDate": "2019-03-31", "netIncome": 1120535, "depreciation": 1352, "changeToNetincome": 98114, "changeToAccountReceivables": -2892034, "changeToLiabilities": 4904853, "changeToInventory": 3864235, "changeToOperatingActivities": -10252947, "totalCashFromOperatingActivities": -3155892, "changeInCash": -3155892}, {"maxAge": 1, "endDate": "2018-03-31", "netIncome": 657700, "depreciation": 22580, "changeToNetincome": 315678, "changeToAccountReceivables": -2892034, "changeToLiabilities": -807353, "changeToInventory": -15880530, "changeToOperatingActivities": 14629392, "totalCashFromOperatingActivities": -1062533, "changeInCash": -1062535}, {"maxAge": 1, "endDate": "2017-03-31", "netIncome": -538424, "depreciation": 27030, "changeToNetincome": -167903, "changeToAccountReceivables": 2143725, "changeToLiabilities": 573980, "changeToInventory": -15880530, "changeToOperatingActivities": -39724951, "totalCashFromOperatingActivities": -37686543, "investments": 30570450, "totalCashflowsFromInvestingActivities": 30570450, "changeInCash": -7116092}], "maxAge": 86400}, "institutionOwnership": {"maxAge": 1, "ownershipList": []}, "balanceSheetHistoryQuarterly": {"balanceSheetStatements": [{"maxAge": 1, "endDate": "2020-06-30", "totalStockholderEquity": 618712700, "netTangibleAssets": 618712700}, {"maxAge": 1, "endDate": "2020-03-31", "cash": 6382500, "shortTermInvestments": 98971000, "netReceivables": 500684100, "inventory": 13953900, "totalCurrentAssets": 619991500, "propertyPlantEquipment": 227300, "totalAssets": 620218800, "otherCurrentLiab": 1448800, "otherLiab": 57300, "totalCurrentLiabilities": 1448800, "totalLiab": 1506100, "commonStock": 290850000, "treasuryStock": 327862700, "otherStockholderEquity": 327862700, "totalStockholderEquity": 618712700, "netTangibleAssets": 618712700}, {"maxAge": 1, "endDate": "2019-12-31", "totalStockholderEquity": 618856500, "netTangibleAssets": 618856500}, {"maxAge": 1, "endDate": "2019-09-30", "cash": 1893500, "shortTermInvestments": 78341000, "netReceivables": 537691500, "inventory": 18038900, "totalCurrentAssets": 635964900, "propertyPlantEquipment": 227300, "totalAssets": 636192200, "accountsPayable": 6052800, "otherCurrentLiab": 11225700, "otherLiab": 57200, "totalCurrentLiabilities": 17278500, "totalLiab": 17335700, "commonStock": 290850000, "treasuryStock": 328006500, "otherStockholderEquity": 328006500, "totalStockholderEquity": 618856500, "netTangibleAssets": 618856500}], "maxAge": 86400}, "indexTrend": {"maxAge": 1, "symbol": "SP5", "peRatio": 19.7411, "pegRatio": 1.34172, "estimates": [{"period": "0q", "growth": 0.549}, {"period": "+1q", "growth": 0.431}, {"period": "0y", "growth": 0.305}, {"period": "+1y", "growth": 0.109}, {"period": "+5y", "growth": 0.120859005}, {"period": "-5y"}]}, "insiderTransactions": {"transactions": [{"maxAge": 1, "shares": 28500, "filerUrl": "", "transactionText": "", "filerName": "Baid (Inder Chand)", "filerRelation": "Promoter", "moneyText": "", "startDate": "2012-06-28", "ownership": "D"}, {"maxAge": 1, "shares": 18000, "filerUrl": "", "transactionText": "", "filerName": "GCM Securities Ltd", "filerRelation": "Promoter", "moneyText": "", "startDate": "2012-06-27", "ownership": "D"}, {"maxAge": 1, "shares": 8500, "filerUrl": "", "transactionText": "", "filerName": "Global Capital Market & Infrastructures Ltd.", "filerRelation": "Promoter", "moneyText": "", "startDate": "2012-06-26", "ownership": "D"}, {"maxAge": 1, "shares": 15500, "filerUrl": "", "transactionText": "", "filerName": "GCM Securities Ltd", "filerRelation": "Promoter", "moneyText": "", "startDate": "2012-06-26", "ownership": "D"}, {"maxAge": 1, "shares": 24150, "filerUrl": "", "transactionText": "", "filerName": "GCM Securities Ltd", "filerRelation": "Promoter", "moneyText": "", "startDate": "2012-06-20", "ownership": "D"}, {"maxAge": 1, "shares": 20410, "filerUrl": "", "transactionText": "", "filerName": "GCM Securities Ltd", "filerRelation": "Promoter", "moneyText": "", "startDate": "2012-05-21", "ownership": "D"}, {"maxAge": 1, "shares": 5000, "filerUrl": "", "transactionText": "", "filerName": "GCM Securities Ltd", "filerRelation": "Promoter", "moneyText": "", "startDate": "2012-05-16", "ownership": "D"}, {"maxAge": 1, "shares": 6000, "filerUrl": "", "transactionText": "", "filerName": "GCM Securities Ltd", "filerRelation": "Promoter", "moneyText": "", "startDate": "2012-05-11", "ownership": "D"}, {"maxAge": 1, "shares": 12000, "filerUrl": "", "transactionText": "", "filerName": "Baid (Samir)", "filerRelation": "Promoter", "moneyText": "", "startDate": "2012-05-09", "ownership": "D"}, {"maxAge": 1, "shares": 30010, "filerUrl": "", "transactionText": "", "filerName": "Global Capital Market & Infrastructures Ltd.", "filerRelation": "Promoter", "moneyText": "", "startDate": "2012-05-09", "ownership": "D"}, {"maxAge": 1, "shares": 5600, "filerUrl": "", "transactionText": "", "filerName": "Global Capital Market & Infrastructures Ltd.", "filerRelation": "Promoter", "moneyText": "", "startDate": "2012-05-08", "ownership": "D"}, {"maxAge": 1, "shares": 13000, "filerUrl": "", "transactionText": "", "filerName": "Baid (Samir)", "filerRelation": "Promoter", "moneyText": "", "startDate": "2012-05-07", "ownership": "D"}, {"maxAge": 1, "shares": 8000, "filerUrl": "", "transactionText": "", "filerName": "Global Capital Market & Infrastructures Ltd.", "filerRelation": "Promoter", "moneyText": "", "startDate": "2012-05-04", "ownership": "D"}, {"maxAge": 1, "shares": 30200, "filerUrl": "", "transactionText": "", "filerName": "GCM Securities Ltd", "filerRelation": "Promoter", "moneyText": "", "startDate": "2012-05-03", "ownership": "D"}, {"maxAge": 1, "shares": 35000, "filerUrl": "", "transactionText": "", "filerName": "Global Capital Market & Infrastructures Ltd.", "filerRelation": "Promoter", "moneyText": "", "startDate": "2012-05-03", "ownership": "D"}, {"maxAge": 1, "shares": 42000, "filerUrl": "", "transactionText": "", "filerName": "Global Capital Market & Infrastructures Ltd.", "filerRelation": "Promoter", "moneyText": "", "startDate": "2012-04-30", "ownership": "D"}, {"maxAge": 1, "shares": 26000, "filerUrl": "", "transactionText": "", "filerName": "Baid (Saroj)", "filerRelation": "Promoter", "moneyText": "", "startDate": "2012-04-23", "ownership": "D"}, {"maxAge": 1, "shares": 5000, "filerUrl": "", "transactionText": "", "filerName": "Baid (Samir)", "filerRelation": "Promoter", "moneyText": "", "startDate": "2012-04-23", "ownership": "D"}], "maxAge": 1}, "quoteType": {"exchange": "BSE", "quoteType": "EQUITY", "symbol": "NCLRESE.BO", "underlyingSymbol": "NCLRESE.BO", "shortName": "NCL RESEARCH & FINANCIAL SERVI", "longName": "NCL Research & Financial Services Limited", "firstTradeDateEpochUtc": "2010-07-20 09:15:00", "timeZoneFullName": "Asia/Kolkata", "timeZoneShortName": "IST", "uuid": "0a7e0fe3-1689-3c8c-a539-1b0a4e95cc70", "messageBoardId": null, "gmtOffSetMilliseconds": 19800000, "maxAge": 1}, "incomeStatementHistory": {"incomeStatementHistory": [{"maxAge": 1, "endDate": "2020-03-31", "totalRevenue": 24317300, "costOfRevenue": 15307900, "grossProfit": 9009400, "researchDevelopment": {}, "sellingGeneralAdministrative": 6530200, "nonRecurring": {}, "otherOperatingExpenses": 1845700, "totalOperatingExpenses": 23683800, "operatingIncome": 633500, "totalOtherIncomeExpenseNet": -421100, "ebit": 633500, "interestExpense": {}, "incomeBeforeTax": 212400, "incomeTaxExpense": 57400, "minorityInterest": {}, "netIncomeFromContinuingOps": 155000, "discontinuedOperations": {}, "extraordinaryItems": {}, "effectOfAccountingCharges": {}, "otherItems": {}, "netIncome": 155000, "netIncomeApplicableToCommonShares": 155000}, {"maxAge": 1, "endDate": "2019-03-31", "totalRevenue": 33730413, "costOfRevenue": 20725319, "grossProfit": 13005094, "researchDevelopment": {}, "sellingGeneralAdministrative": 7721241, "nonRecurring": {}, "otherOperatingExpenses": 3930875, "totalOperatingExpenses": 32378787, "operatingIncome": 1351626, "totalOtherIncomeExpenseNet": 240563, "ebit": 1351626, "interestExpense": {}, "incomeBeforeTax": 1592189, "incomeTaxExpense": 471654, "minorityInterest": {}, "netIncomeFromContinuingOps": 1120535, "discontinuedOperations": {}, "extraordinaryItems": {}, "effectOfAccountingCharges": {}, "otherItems": {}, "netIncome": 1120535, "netIncomeApplicableToCommonShares": 1120535}, {"maxAge": 1, "endDate": "2018-03-31", "totalRevenue": 27813610, "costOfRevenue": 12394614, "grossProfit": 15418996, "researchDevelopment": {}, "sellingGeneralAdministrative": 7316371, "nonRecurring": {}, "otherOperatingExpenses": 7120026, "totalOperatingExpenses": 26853591, "operatingIncome": 960019, "totalOtherIncomeExpenseNet": 252672, "ebit": 960019, "interestExpense": {}, "incomeBeforeTax": 1212691, "incomeTaxExpense": 554991, "minorityInterest": {}, "netIncomeFromContinuingOps": 657700, "discontinuedOperations": {}, "extraordinaryItems": {}, "effectOfAccountingCharges": {}, "otherItems": {}, "netIncome": 657700, "netIncomeApplicableToCommonShares": 657700}, {"maxAge": 1, "endDate": "2017-03-31", "totalRevenue": 73518713, "costOfRevenue": 64908069, "grossProfit": 8610644, "researchDevelopment": {}, "sellingGeneralAdministrative": 5882690, "nonRecurring": {}, "otherOperatingExpenses": 3370065, "totalOperatingExpenses": 74187854, "operatingIncome": -669141, "totalOtherIncomeExpenseNet": 0, "ebit": -669141, "interestExpense": {}, "incomeBeforeTax": -669141, "incomeTaxExpense": -130717, "minorityInterest": {}, "netIncomeFromContinuingOps": -538424, "discontinuedOperations": {}, "extraordinaryItems": {}, "effectOfAccountingCharges": {}, "otherItems": {}, "netIncome": -538424, "netIncomeApplicableToCommonShares": -538424}], "maxAge": 86400}, "fundOwnership": {"maxAge": 1, "ownershipList": []}, "summaryDetail": {"maxAge": 1, "priceHint": 4, "previousClose": 0.55, "open": 0.57, "dayLow": 0.53, "dayHigh": 0.57, "regularMarketPreviousClose": 0.55, "regularMarketOpen": 0.57, "regularMarketDayLow": 0.53, "regularMarketDayHigh": 0.57, "volume": 15268, "regularMarketVolume": 15268, "averageVolume": 47199, "averageVolume10days": 33234, "averageDailyVolume10Day": 33234, "bid": 0.0, "ask": 0.53, "bidSize": 0, "askSize": 0, "marketCap": 77075240, "fiftyTwoWeekLow": 0.19, "fiftyTwoWeekHigh": 0.57, "fiftyDayAverage": 0.35628572, "twoHundredDayAverage": 0.2710949, "currency": "INR", "fromCurrency": null, "toCurrency": null, "lastMarket": null, "algorithm": null, "tradeable": false}, "incomeStatementHistoryQuarterly": {"incomeStatementHistory": [{"maxAge": 1, "endDate": "2020-06-30", "totalRevenue": 4888900, "costOfRevenue": 239200, "grossProfit": 4649700, "researchDevelopment": {}, "sellingGeneralAdministrative": 1339800, "nonRecurring": {}, "otherOperatingExpenses": 426500, "totalOperatingExpenses": 2005500, "operatingIncome": 2883400, "totalOtherIncomeExpenseNet": -133000, "ebit": 2883400, "interestExpense": {}, "incomeBeforeTax": 2750400, "incomeTaxExpense": 715000, "minorityInterest": {}, "netIncomeFromContinuingOps": 2035400, "discontinuedOperations": {}, "extraordinaryItems": {}, "effectOfAccountingCharges": {}, "otherItems": {}, "netIncome": 2035400, "netIncomeApplicableToCommonShares": 2035400}, {"maxAge": 1, "endDate": "2020-03-31", "totalRevenue": 2723100, "costOfRevenue": -386000, "grossProfit": 3109100, "researchDevelopment": {}, "sellingGeneralAdministrative": 1486000, "nonRecurring": {}, "otherOperatingExpenses": 493000, "totalOperatingExpenses": 1593000, "operatingIncome": 1130100, "totalOtherIncomeExpenseNet": -4300, "ebit": 1130100, "interestExpense": {}, "incomeBeforeTax": 1125800, "incomeTaxExpense": -54500, "minorityInterest": {}, "netIncomeFromContinuingOps": 1180300, "discontinuedOperations": {}, "extraordinaryItems": {}, "effectOfAccountingCharges": {}, "otherItems": {}, "netIncome": 1180300, "netIncomeApplicableToCommonShares": 1180300}, {"maxAge": 1, "endDate": "2019-12-31", "totalRevenue": 5220900, "costOfRevenue": 4470600, "grossProfit": 750300, "researchDevelopment": {}, "sellingGeneralAdministrative": 1441300, "nonRecurring": {}, "otherOperatingExpenses": 503300, "totalOperatingExpenses": 6415200, "operatingIncome": -1194300, "totalOtherIncomeExpenseNet": -144600, "ebit": -1194300, "interestExpense": {}, "incomeBeforeTax": -1338900, "incomeTaxExpense": -111900, "minorityInterest": {}, "netIncomeFromContinuingOps": -1227000, "discontinuedOperations": {}, "extraordinaryItems": {}, "effectOfAccountingCharges": {}, "otherItems": {}, "netIncome": -1227000, "netIncomeApplicableToCommonShares": -1227000}, {"maxAge": 1, "endDate": "2019-09-30", "totalRevenue": 5310500, "costOfRevenue": 10969700, "grossProfit": -5659200, "researchDevelopment": {}, "sellingGeneralAdministrative": 1438400, "nonRecurring": {}, "otherOperatingExpenses": 1081000, "totalOperatingExpenses": 13489100, "operatingIncome": -8178600, "totalOtherIncomeExpenseNet": 0, "ebit": -8178600, "interestExpense": {}, "incomeBeforeTax": -8178600, "incomeTaxExpense": -2125200, "minorityInterest": {}, "netIncomeFromContinuingOps": -6053400, "discontinuedOperations": {}, "extraordinaryItems": {}, "effectOfAccountingCharges": {}, "otherItems": {}, "netIncome": -6053400, "netIncomeApplicableToCommonShares": -6053400}], "maxAge": 86400}, "cashflowStatementHistoryQuarterly": {"cashflowStatements": [{"maxAge": 1, "endDate": "2020-06-30", "netIncome": 2035400, "changeToLiabilities": 0}, {"maxAge": 1, "endDate": "2020-03-31", "netIncome": 1180300, "changeToLiabilities": 0}, {"maxAge": 1, "endDate": "2019-12-31", "netIncome": -1227000, "changeToLiabilities": 0}, {"maxAge": 1, "endDate": "2019-09-30", "netIncome": -6053400, "changeToLiabilities": 0}], "maxAge": 86400}, "insiderHolders": {"holders": [{"maxAge": 1, "name": "Baid (Inder Chand)", "relation": "Promoter", "url": "", "transactionDescription": "Sale", "latestTransDate": "2012-06-28", "positionDirect": 4500, "positionDirectDate": "2012-06-28"}, {"maxAge": 1, "name": "Baid (Samir)", "relation": "Promoter", "url": "", "transactionDescription": "Sale", "latestTransDate": "2012-05-09", "positionDirect": 300, "positionDirectDate": "2012-05-09"}, {"maxAge": 1, "name": "Baid (Saroj)", "relation": "Promoter", "url": "", "transactionDescription": "Sale", "latestTransDate": "2012-04-23", "positionDirect": 7800, "positionDirectDate": "2012-04-23"}, {"maxAge": 1, "name": "GCM Securities Ltd", "relation": "Promoter", "url": "", "transactionDescription": "Sale", "latestTransDate": "2012-06-27", "positionDirect": 2540, "positionDirectDate": "2012-06-27"}, {"maxAge": 1, "name": "Global Capital Market & Infrastructures Ltd.", "relation": "Promoter", "url": "", "transactionDescription": "Sale", "latestTransDate": "2012-06-26", "positionDirect": 390, "positionDirectDate": "2012-06-26"}], "maxAge": 1}, "calendarEvents": {"maxAge": 1, "earnings": {"earningsDate": ["2020-09-15 05:30:S"]}}, "price": {"maxAge": 1, "regularMarketChangePercent": -0.03636371, "regularMarketChange": -0.02000004, "regularMarketTime": "2021-04-30 15:15:00", "priceHint": 4, "regularMarketPrice": 0.53, "regularMarketDayHigh": 0.57, "regularMarketDayLow": 0.53, "regularMarketVolume": 15268, "averageDailyVolume10Day": 33234, "averageDailyVolume3Month": 47199, "regularMarketPreviousClose": 0.55, "regularMarketSource": "FREE_REALTIME", "regularMarketOpen": 0.57, "exchange": "BSE", "exchangeName": "BSE", "exchangeDataDelayedBy": 0, "marketState": "CLOSED", "quoteType": "EQUITY", "symbol": "NCLRESE.BO", "underlyingSymbol": null, "shortName": "NCL RESEARCH & FINANCIAL SERVI", "longName": "NCL Research & Financial Services Limited", "currency": "INR", "quoteSourceName": "Delayed Quote", "currencySymbol": "\u20b9", "fromCurrency": null, "toCurrency": null, "lastMarket": null, "marketCap": 77075240}, "balanceSheetHistory": {"balanceSheetStatements": [{"maxAge": 1, "endDate": "2020-03-31", "cash": 6382500, "shortTermInvestments": 98971000, "netReceivables": 500684100, "inventory": 13953900, "totalCurrentAssets": 619991500, "propertyPlantEquipment": 227300, "totalAssets": 620218800, "otherCurrentLiab": 1448800, "otherLiab": 57300, "totalCurrentLiabilities": 1448800, "totalLiab": 1506100, "commonStock": 290850000, "treasuryStock": 327862700, "otherStockholderEquity": 327862700, "totalStockholderEquity": 618712700, "netTangibleAssets": 618712700}, {"maxAge": 1, "endDate": "2019-03-31", "cash": 5449796, "shortTermInvestments": 78341000, "netReceivables": 28480551, "otherCurrentAssets": 495348515, "totalCurrentAssets": 625078807, "propertyPlantEquipment": 227316, "totalAssets": 625306123, "accountsPayable": 5000000, "otherCurrentLiab": 1726814, "otherLiab": 55977, "totalCurrentLiabilities": 6734214, "totalLiab": 6790191, "commonStock": 290850000, "retainedEarnings": 37345932, "capitalSurplus": 290320000, "totalStockholderEquity": 618515932, "netTangibleAssets": 618515932}, {"maxAge": 1, "endDate": "2018-03-31", "cash": 8605688, "shortTermInvestments": 67500000, "netReceivables": 26447422, "otherCurrentAssets": 494714263, "totalCurrentAssets": 618606553, "propertyPlantEquipment": 228668, "otherAssets": 42137, "deferredLongTermAssetCharges": 42137, "totalAssets": 618877358, "accountsPayable": 95147, "otherCurrentLiab": 1374849, "totalCurrentLiabilities": 1499496, "totalLiab": 1499496, "commonStock": 290850000, "retainedEarnings": 36207862, "capitalSurplus": 290320000, "totalStockholderEquity": 617377862, "netTangibleAssets": 617377862}, {"maxAge": 1, "endDate": "2017-03-31", "cash": 9668223, "shortTermInvestments": 62500000, "netReceivables": 509494993, "otherCurrentAssets": 31200000, "totalCurrentAssets": 618334047, "propertyPlantEquipment": 251248, "otherAssets": 357814, "deferredLongTermAssetCharges": 357815, "totalAssets": 618943109, "accountsPayable": 902500, "otherCurrentLiab": 1275996, "totalCurrentLiabilities": 2212016, "totalLiab": 2212016, "commonStock": 290850000, "retainedEarnings": 35561093, "capitalSurplus": 290320000, "totalStockholderEquity": 616731093, "netTangibleAssets": 616731093}], "maxAge": 86400}, "financialData": {"maxAge": 86400, "currentPrice": 0.53, "recommendationKey": "none", "grossProfits": 9009400, "financialCurrency": "INR"}}}