{"NDTV.NS": {"assetProfile": {"address1": "B 50-A, Archana Complex", "address2": "2nd Floo Greater Kailash-I", "city": "New Delhi", "zip": "110048", "country": "India", "phone": "91 11 2644 6666", "fax": "91 11 4986 2990", "website": "http://www.ndtv.com", "industry": "Broadcasting", "sector": "Communication Services", "longBusinessSummary": "New Delhi Television Limited, together with its subsidiaries, engages in television media business in India, the United States, Europe, and internationally. The company operates through two segments, Television Media and Related Operations; and Retail/E-commerce. It operates NDTV 24X7, an English news channel; NDTV India, a Hindi news channel; and NDTV Profit- NDTV Prime, a business and infotainment channel. The company also operates various e-commerce platforms, such as Car and Bike.com, Gadgets 360\u00c2\u00b0, BandBaajaa.com, SmartCooky, and Mojarto.com. New Delhi Television Limited was founded in 1988 and is based in New Delhi, India.", "fullTimeEmployees": 490, "companyOfficers": [{"maxAge": 1, "name": "Dr. Prannoy  Roy", "age": 70, "title": "Exec. Co-Chairperson", "yearBorn": 1950, "fiscalYear": 2020, "totalPay": 7019285, "exercisedValue": 0, "unexercisedValue": 0}, {"maxAge": 1, "name": "Ms. Radhika  Roy", "age": 70, "title": "Exec. Co-Chairperson", "yearBorn": 1950, "fiscalYear": 2020, "totalPay": 6097689, "exercisedValue": 0, "unexercisedValue": 0}, {"maxAge": 1, "name": "Mr. Rajneesh Kumar Gupta", "age": 51, "title": "Chief Financial Officer", "yearBorn": 1969, "fiscalYear": 2020, "totalPay": 9505598, "exercisedValue": 0, "unexercisedValue": 0}, {"maxAge": 1, "name": "Mr. Ajay  Mankotia", "title": "Pres of Corp. Planning and Operations", "exercisedValue": 0, "unexercisedValue": 0}, {"maxAge": 1, "name": "Ms. Tannu  Sharma", "title": "Company Sec. & Compliance Officer", "exercisedValue": 0, "unexercisedValue": 0}, {"maxAge": 1, "name": "Mr. P. C. Jameskutty", "title": "Exec. VP of Corp. Office", "exercisedValue": 0, "unexercisedValue": 0}, {"maxAge": 1, "name": "Mr. Kuljeet  Singh", "title": "Exec. VP of Broadcast Services & Facilities - NDTV Imagine", "exercisedValue": 0, "unexercisedValue": 0}, {"maxAge": 1, "name": "Mr. Vikramaditya  Chandra", "title": "Consulting Editor", "fiscalYear": 2017, "exercisedValue": 0, "unexercisedValue": 0}, {"maxAge": 1, "name": "Mr. Kawaljit Singh Bedi", "title": "Managing Director of Red Pixels Ventures Limited", "exercisedValue": 0, "unexercisedValue": 0}, {"maxAge": 1, "name": "Mr. Sameer  Nair", "age": 55, "title": "Chief Exec. Officer of NDTV Imagine Limited", "yearBorn": 1965, "fiscalYear": 2011, "exercisedValue": 0, "unexercisedValue": 0}], "compensationAsOfEpochDate": "2020-12-31 05:30:00", "maxAge": 86400}, "recommendationTrend": {"trend": [{"period": "0m", "strongBuy": 0, "buy": 0, "hold": 0, "sell": 0, "strongSell": 0}, {"period": "-1m", "strongBuy": 0, "buy": 0, "hold": 0, "sell": 0, "strongSell": 0}, {"period": "-2m", "strongBuy": 0, "buy": 0, "hold": 0, "sell": 0, "strongSell": 0}, {"period": "-3m", "strongBuy": 0, "buy": 0, "hold": 0, "sell": 0, "strongSell": 0}], "maxAge": 86400}, "cashflowStatementHistory": {"cashflowStatements": [{"maxAge": 1, "endDate": "2020-03-31", "netIncome": 242300000, "depreciation": 96660000, "changeToNetincome": 151970000, "changeToAccountReceivables": -280710000, "changeToLiabilities": 207240000, "changeToInventory": 1200000, "changeToOperatingActivities": -267380000, "totalCashFromOperatingActivities": 162780000, "capitalExpenditures": -62880000, "investments": 741330000, "otherCashflowsFromInvestingActivities": 56550000, "totalCashflowsFromInvestingActivities": 739180000, "netBorrowings": -502950000, "otherCashflowsFromFinancingActivities": -214330000, "totalCashFromFinancingActivities": -717280000, "changeInCash": 184680000}, {"maxAge": 1, "endDate": "2019-03-31", "netIncome": 102320000, "depreciation": 103510000, "changeToNetincome": 254030000, "changeToAccountReceivables": -58370000, "changeToLiabilities": 94150000, "changeToInventory": 14500000, "changeToOperatingActivities": -260480000, "totalCashFromOperatingActivities": 265310000, "capitalExpenditures": -80130000, "investments": -125260000, "otherCashflowsFromInvestingActivities": 48740000, "totalCashflowsFromInvestingActivities": -153740000, "netBorrowings": -350490000, "otherCashflowsFromFinancingActivities": -232590000, "totalCashFromFinancingActivities": -583080000, "changeInCash": -471510000}, {"maxAge": 1, "endDate": "2018-03-31", "netIncome": -800100000, "depreciation": 136000000, "changeToNetincome": 368630000, "changeToAccountReceivables": 5570000, "changeToLiabilities": 433060000, "changeToInventory": -11720000, "changeToOperatingActivities": 262480000, "totalCashFromOperatingActivities": 412420000, "capitalExpenditures": -31150000, "investments": -13270000, "otherCashflowsFromInvestingActivities": 54410000, "totalCashflowsFromInvestingActivities": 51520000, "netBorrowings": 255500000, "otherCashflowsFromFinancingActivities": -233170000, "totalCashFromFinancingActivities": 22330000, "changeInCash": 486270000}, {"maxAge": 1, "endDate": "2017-03-31", "netIncome": -803980000, "depreciation": 164060000, "changeToNetincome": 281530000, "changeToAccountReceivables": -300740000, "changeToLiabilities": 359920000, "changeToInventory": 123130000, "changeToOperatingActivities": 82500000, "totalCashFromOperatingActivities": -73110000, "capitalExpenditures": -66420000, "investments": 123360000, "otherCashflowsFromInvestingActivities": 30550000, "totalCashflowsFromInvestingActivities": 90430000, "netBorrowings": 150520000, "otherCashflowsFromFinancingActivities": -210990000, "totalCashFromFinancingActivities": -60470000, "changeInCash": -43150000}], "maxAge": 86400}, "indexTrend": {"maxAge": 1, "symbol": "SP5", "peRatio": 19.7411, "pegRatio": 1.34172, "estimates": [{"period": "0q", "growth": 0.549}, {"period": "+1q", "growth": 0.431}, {"period": "0y", "growth": 0.305}, {"period": "+1y", "growth": 0.109}, {"period": "+5y", "growth": 0.120865}, {"period": "-5y"}]}, "defaultKeyStatistics": {"maxAge": 1, "priceHint": 2, "enterpriseValue": 3821661952, "profitMargins": 0.14445, "floatShares": 13988546, "sharesOutstanding": 64471300, "heldPercentInsiders": 0.75513, "heldPercentInstitutions": 0.044239998, "beta": -0.042941, "category": null, "bookValue": 17.451, "priceToBook": 3.1087043, "fundFamily": null, "legalType": null, "lastFiscalYearEnd": "2020-03-31 05:30:00", "nextFiscalYearEnd": "2022-03-31 05:30:00", "mostRecentQuarter": "2020-12-31 05:30:00", "earningsQuarterlyGrowth": 0.806, "netIncomeToCommon": 528000000, "trailingEps": 8.184, "lastSplitFactor": null, "enterpriseToRevenue": 1.046, "enterpriseToEbitda": 4.729, "52WeekChange": 1.1700001, "SandP52WeekChange": 0.48148263, "lastDividendValue": 0.8, "lastDividendDate": 1221177600}, "industryTrend": {"maxAge": 1, "symbol": null, "estimates": []}, "quoteType": {"exchange": "NSI", "quoteType": "EQUITY", "symbol": "NDTV.NS", "underlyingSymbol": "NDTV.NS", "shortName": "NEW DELHI TELEVISI", "longName": "New Delhi Television Limited", "firstTradeDateEpochUtc": "2004-05-19 09:15:00", "timeZoneFullName": "Asia/Kolkata", "timeZoneShortName": "IST", "uuid": "f59324af-07f8-3b66-88ec-2d6157b727a4", "messageBoardId": "finmb_6981979", "gmtOffSetMilliseconds": 19800000, "maxAge": 1}, "incomeStatementHistory": {"incomeStatementHistory": [{"maxAge": 1, "endDate": "2020-03-31", "totalRevenue": 3731660000, "costOfRevenue": 2049220000, "grossProfit": 1682440000, "researchDevelopment": {}, "sellingGeneralAdministrative": 1125340000, "nonRecurring": {}, "otherOperatingExpenses": -230000, "totalOperatingExpenses": 3304610000, "operatingIncome": 427050000, "totalOtherIncomeExpenseNet": -71970000, "ebit": 427050000, "interestExpense": -206200000, "incomeBeforeTax": 355080000, "incomeTaxExpense": 75810000, "minorityInterest": 127940000, "netIncomeFromContinuingOps": 279270000, "discontinuedOperations": {}, "extraordinaryItems": {}, "effectOfAccountingCharges": {}, "otherItems": {}, "netIncome": 242300000, "netIncomeApplicableToCommonShares": 242300000}, {"maxAge": 1, "endDate": "2019-03-31", "totalRevenue": 3987330000, "costOfRevenue": 2242960000, "grossProfit": 1744370000, "researchDevelopment": {}, "sellingGeneralAdministrative": 1212320000, "nonRecurring": {}, "otherOperatingExpenses": -720000, "totalOperatingExpenses": 3617790000, "operatingIncome": 369540000, "totalOtherIncomeExpenseNet": -163990000, "ebit": 369540000, "interestExpense": -254800000, "incomeBeforeTax": 205550000, "incomeTaxExpense": 91890000, "minorityInterest": 94880000, "netIncomeFromContinuingOps": 113660000, "discontinuedOperations": {}, "extraordinaryItems": {}, "effectOfAccountingCharges": {}, "otherItems": {}, "netIncome": 102320000, "netIncomeApplicableToCommonShares": 102320000}, {"maxAge": 1, "endDate": "2018-03-31", "totalRevenue": 4256410000, "costOfRevenue": 2901940000, "grossProfit": 1354470000, "researchDevelopment": {}, "sellingGeneralAdministrative": 1685510000, "nonRecurring": {}, "otherOperatingExpenses": -5800000, "totalOperatingExpenses": 4802370000, "operatingIncome": -545960000, "totalOtherIncomeExpenseNet": -189830000, "ebit": -545960000, "interestExpense": -194990000, "incomeBeforeTax": -735790000, "incomeTaxExpense": 107810000, "minorityInterest": 57540000, "netIncomeFromContinuingOps": -843600000, "discontinuedOperations": {}, "extraordinaryItems": {}, "effectOfAccountingCharges": {}, "otherItems": {}, "netIncome": -800100000, "netIncomeApplicableToCommonShares": -800100000}, {"maxAge": 1, "endDate": "2017-03-31", "totalRevenue": 4899890000, "costOfRevenue": 3351850000, "grossProfit": 1548040000, "researchDevelopment": {}, "sellingGeneralAdministrative": 1971260000, "nonRecurring": {}, "otherOperatingExpenses": -5510000, "totalOperatingExpenses": 5502130000, "operatingIncome": -602240000, "totalOtherIncomeExpenseNet": -180780000, "ebit": -602240000, "interestExpense": -189130000, "incomeBeforeTax": -783020000, "incomeTaxExpense": 78740000, "minorityInterest": 82590000, "netIncomeFromContinuingOps": -861760000, "discontinuedOperations": {}, "extraordinaryItems": {}, "effectOfAccountingCharges": {}, "otherItems": {}, "netIncome": -803980000, "netIncomeApplicableToCommonShares": -803980000}], "maxAge": 86400}, "fundOwnership": {"maxAge": 1, "ownershipList": []}, "summaryDetail": {"maxAge": 1, "priceHint": 2, "previousClose": 55.05, "open": 55.55, "dayLow": 54.05, "dayHigh": 55.55, "regularMarketPreviousClose": 55.05, "regularMarketOpen": 55.55, "regularMarketDayLow": 54.05, "regularMarketDayHigh": 55.55, "exDividendDate": "2008-09-12 05:30:00", "payoutRatio": 0.0, "beta": -0.042941, "trailingPE": 6.628788, "volume": 14519, "regularMarketVolume": 14519, "averageVolume": 73665, "averageVolume10days": 34735, "averageDailyVolume10Day": 34735, "bid": 0.0, "ask": 0.0, "bidSize": 0, "askSize": 0, "marketCap": 3494388992, "fiftyTwoWeekLow": 24.2, "fiftyTwoWeekHigh": 65.65, "priceToSalesTrailing12Months": 0.9560153, "fiftyDayAverage": 57.225758, "twoHundredDayAverage": 43.452484, "currency": "INR", "fromCurrency": null, "toCurrency": null, "lastMarket": null, "algorithm": null, "tradeable": false}, "insiderHolders": {"holders": [{"maxAge": 1, "name": "GS Mace Holdings Ltd", "relation": "UNREPORTED", "url": "", "transactionDescription": "Sale", "latestTransDate": "2011-04-07", "positionDirect": 0, "positionDirectDate": "2011-04-07"}, {"maxAge": 1, "name": "Merrill Lynch Capital Markets Espana S.A.S.V.", "relation": "UNREPORTED", "url": "", "transactionDescription": "Acquisition", "latestTransDate": "2011-12-20", "positionDirect": 0, "positionDirectDate": "2011-12-20"}, {"maxAge": 1, "name": "Nomura Mauritius Ltd", "relation": "Institution- Corporation", "url": "", "transactionDescription": "Acquisition", "latestTransDate": "2011-04-07", "positionDirect": 4030376, "positionDirectDate": "2011-04-07"}, {"maxAge": 1, "name": "Oswal Greentech Ltd", "relation": "Institution- Corporation", "url": "", "transactionDescription": "Acquisition", "latestTransDate": "2011-12-20", "positionDirect": 9136894, "positionDirectDate": "2011-12-20"}, {"maxAge": 1, "name": "RRPR Holding Pvt Ltd", "relation": "Institution- Corporation", "url": "", "transactionDescription": "Acquisition", "latestTransDate": "2010-03-08", "positionDirect": 16499166, "positionDirectDate": "2010-03-08"}, {"maxAge": 1, "name": "Rao (Narayan K V L)", "relation": "Executive Vice Chairman", "url": "", "transactionDescription": "Sale", "latestTransDate": "2014-01-16", "positionDirect": 122288, "positionDirectDate": "2014-01-16"}, {"maxAge": 1, "name": "Roy (Prannoy & Radhika)", "relation": "UNREPORTED", "url": "", "transactionDescription": "Sale", "latestTransDate": "2010-03-08", "positionDirect": 0, "positionDirectDate": "2010-03-08"}, {"maxAge": 1, "name": "Roy (Prannoy)", "relation": "Chairman of the Board", "url": "", "transactionDescription": "Acquisition", "latestTransDate": "2010-03-08", "positionDirect": 12591753, "positionDirectDate": "2010-03-08"}, {"maxAge": 1, "name": "Roy (Radhika)", "relation": "Managing Director", "url": "", "transactionDescription": "Acquisition", "latestTransDate": "2010-03-09", "positionDirect": 12839011, "positionDirectDate": "2010-03-09"}], "maxAge": 1}, "calendarEvents": {"maxAge": 1, "earnings": {"earningsDate": []}, "exDividendDate": "2008-09-12 05:30:00"}, "price": {"maxAge": 1, "regularMarketChangePercent": -0.01453223, "regularMarketChange": -0.79999924, "regularMarketTime": "2021-04-30 15:29:41", "priceHint": 2, "regularMarketPrice": 54.25, "regularMarketDayHigh": 55.55, "regularMarketDayLow": 54.05, "regularMarketVolume": 14519, "averageDailyVolume10Day": 34735, "averageDailyVolume3Month": 73665, "regularMarketPreviousClose": 55.05, "regularMarketSource": "FREE_REALTIME", "regularMarketOpen": 55.55, "exchange": "NSI", "exchangeName": "NSE", "exchangeDataDelayedBy": 15, "marketState": "CLOSED", "quoteType": "EQUITY", "symbol": "NDTV.NS", "underlyingSymbol": null, "shortName": "NEW DELHI TELEVISI", "longName": "New Delhi Television Limited", "currency": "INR", "quoteSourceName": "Delayed Quote", "currencySymbol": "\u20b9", "fromCurrency": null, "toCurrency": null, "lastMarket": null, "marketCap": 3494388992}, "balanceSheetHistory": {"balanceSheetStatements": [{"maxAge": 1, "endDate": "2020-03-31", "cash": 285370000, "shortTermInvestments": 150140000, "netReceivables": 3211240000, "inventory": 5690000, "otherCurrentAssets": 36830000, "totalCurrentAssets": 3742380000, "longTermInvestments": 102420000, "propertyPlantEquipment": 352100000, "goodWill": 77660000, "intangibleAssets": 33920000, "otherAssets": 635350000, "deferredLongTermAssetCharges": 29840000, "totalAssets": 4943830000, "accountsPayable": 1831190000, "shortLongTermDebt": 110320000, "otherCurrentLiab": 545710000, "longTermDebt": 182530000, "otherLiab": 157950000, "minorityInterest": 127940000, "totalCurrentLiabilities": 3521740000, "totalLiab": 3933740000, "commonStock": 257890000, "retainedEarnings": -3143960000, "treasuryStock": 1008830000, "capitalSurplus": 2759390000, "otherStockholderEquity": 1008830000, "totalStockholderEquity": 882150000, "netTangibleAssets": 770570000}, {"maxAge": 1, "endDate": "2019-03-31", "cash": 100690000, "shortTermInvestments": 418590000, "netReceivables": 2874440000, "inventory": 6890000, "otherCurrentAssets": 24870000, "totalCurrentAssets": 3482460000, "longTermInvestments": 424150000, "propertyPlantEquipment": 277310000, "goodWill": 77660000, "intangibleAssets": 45490000, "otherAssets": 626870000, "deferredLongTermAssetCharges": 24690000, "totalAssets": 4933940000, "accountsPayable": 1684460000, "shortLongTermDebt": 100020000, "otherCurrentLiab": 532510000, "longTermDebt": 504670000, "otherLiab": 195280000, "minorityInterest": 94880000, "totalCurrentLiabilities": 3471560000, "totalLiab": 4181510000, "commonStock": 257890000, "retainedEarnings": -3368560000, "treasuryStock": 1008830000, "capitalSurplus": 2759390000, "otherStockholderEquity": 1008830000, "totalStockholderEquity": 657550000, "netTangibleAssets": 534400000}, {"maxAge": 1, "endDate": "2018-03-31", "cash": 601900000, "shortTermInvestments": 309550000, "netReceivables": 2639580000, "inventory": 21390000, "otherCurrentAssets": 58230000, "totalCurrentAssets": 3666880000, "longTermInvestments": 195570000, "propertyPlantEquipment": 336240000, "goodWill": 77660000, "intangibleAssets": 57200000, "otherAssets": 701090000, "deferredLongTermAssetCharges": 22110000, "totalAssets": 5034640000, "accountsPayable": 1729960000, "shortLongTermDebt": 66820000, "otherCurrentLiab": 374610000, "longTermDebt": 642660000, "otherLiab": 136750000, "minorityInterest": 57540000, "totalCurrentLiabilities": 3696170000, "totalLiab": 4485580000, "commonStock": 257890000, "retainedEarnings": -3676450000, "treasuryStock": 1150700000, "capitalSurplus": 2759380000, "otherStockholderEquity": 1150700000, "totalStockholderEquity": 491520000, "netTangibleAssets": 356660000}, {"maxAge": 1, "endDate": "2017-03-31", "cash": 115620000, "shortTermInvestments": 358420000, "netReceivables": 2775250000, "inventory": 9680000, "otherCurrentAssets": 95500000, "totalCurrentAssets": 3374290000, "longTermInvestments": 129110000, "propertyPlantEquipment": 466670000, "goodWill": 77660000, "intangibleAssets": 63980000, "otherAssets": 667100000, "deferredLongTermAssetCharges": 11150000, "totalAssets": 4778810000, "accountsPayable": 1331760000, "shortLongTermDebt": 78500000, "otherCurrentLiab": 249130000, "longTermDebt": 464310000, "otherLiab": 156930000, "minorityInterest": 82590000, "totalCurrentLiabilities": 3033720000, "totalLiab": 3664960000, "commonStock": 257890000, "retainedEarnings": -2876360000, "treasuryStock": 890340000, "capitalSurplus": 2759390000, "otherStockholderEquity": 890340000, "totalStockholderEquity": 1031260000, "netTangibleAssets": 889620000}], "maxAge": 86400}, "earningsTrend": {"trend": [{"maxAge": 1, "period": "0q", "endDate": null, "growth": {}, "earningsEstimate": {"avg": 0.0, "low": 0.0, "high": 0.0, "yearAgoEps": {}, "numberOfAnalysts": 0, "growth": {}}, "revenueEstimate": {"avg": 0, "low": 0, "high": 0, "numberOfAnalysts": 0, "yearAgoRevenue": {}, "growth": {}}, "epsTrend": {"current": 0.0, "7daysAgo": 0.0, "30daysAgo": 0.0, "60daysAgo": 0.0, "90daysAgo": 0.0}, "epsRevisions": {"upLast7days": 0, "upLast30days": 0, "downLast30days": 0, "downLast90days": {}}}, {"maxAge": 1, "period": "+1q", "endDate": null, "growth": {}, "earningsEstimate": {"avg": 0.0, "low": 0.0, "high": 0.0, "yearAgoEps": {}, "numberOfAnalysts": 0, "growth": {}}, "revenueEstimate": {"avg": 0, "low": 0, "high": 0, "numberOfAnalysts": 0, "yearAgoRevenue": {}, "growth": {}}, "epsTrend": {"current": 0.0, "7daysAgo": 0.0, "30daysAgo": 0.0, "60daysAgo": 0.0, "90daysAgo": 0.0}, "epsRevisions": {"upLast7days": 0, "upLast30days": 0, "downLast30days": 0, "downLast90days": {}}}, {"maxAge": 1, "period": "0y", "endDate": null, "growth": {}, "earningsEstimate": {"avg": 0.0, "low": 0.0, "high": 0.0, "yearAgoEps": {}, "numberOfAnalysts": 0, "growth": {}}, "revenueEstimate": {"avg": 0, "low": 0, "high": 0, "numberOfAnalysts": 0, "yearAgoRevenue": {}, "growth": {}}, "epsTrend": {"current": 0.0, "7daysAgo": 0.0, "30daysAgo": 0.0, "60daysAgo": 0.0, "90daysAgo": 0.0}, "epsRevisions": {"upLast7days": 0, "upLast30days": 0, "downLast30days": 0, "downLast90days": {}}}, {"maxAge": 1, "period": "+1y", "endDate": null, "growth": {}, "earningsEstimate": {"avg": 0.0, "low": 0.0, "high": 0.0, "yearAgoEps": {}, "numberOfAnalysts": 0, "growth": {}}, "revenueEstimate": {"avg": 0, "low": 0, "high": 0, "numberOfAnalysts": 0, "yearAgoRevenue": {}, "growth": {}}, "epsTrend": {"current": 0.0, "7daysAgo": 0.0, "30daysAgo": 0.0, "60daysAgo": 0.0, "90daysAgo": 0.0}, "epsRevisions": {"upLast7days": 0, "upLast30days": 0, "downLast30days": 0, "downLast90days": {}}}, {"maxAge": 1, "period": "+5y", "endDate": null, "growth": {}, "earningsEstimate": {"avg": {}, "low": {}, "high": {}, "yearAgoEps": {}, "numberOfAnalysts": {}, "growth": {}}, "revenueEstimate": {"avg": {}, "low": {}, "high": {}, "numberOfAnalysts": {}, "yearAgoRevenue": {}, "growth": {}}, "epsTrend": {"current": {}, "7daysAgo": {}, "30daysAgo": {}, "60daysAgo": {}, "90daysAgo": {}}, "epsRevisions": {"upLast7days": {}, "upLast30days": {}, "downLast30days": {}, "downLast90days": {}}}, {"maxAge": 1, "period": "-5y", "endDate": null, "growth": -0.27912, "earningsEstimate": {"avg": {}, "low": {}, "high": {}, "yearAgoEps": {}, "numberOfAnalysts": {}, "growth": {}}, "revenueEstimate": {"avg": {}, "low": {}, "high": {}, "numberOfAnalysts": {}, "yearAgoRevenue": {}, "growth": {}}, "epsTrend": {"current": {}, "7daysAgo": {}, "30daysAgo": {}, "60daysAgo": {}, "90daysAgo": {}}, "epsRevisions": {"upLast7days": {}, "upLast30days": {}, "downLast30days": {}, "downLast90days": {}}}], "maxAge": 1}, "institutionOwnership": {"maxAge": 1, "ownershipList": []}, "majorHoldersBreakdown": {"maxAge": 1, "insidersPercentHeld": 0.75513, "institutionsPercentHeld": 0.044239998, "institutionsFloatPercentHeld": 0.18065001, "institutionsCount": 1}, "balanceSheetHistoryQuarterly": {"balanceSheetStatements": [{"maxAge": 1, "endDate": "2020-12-31", "totalStockholderEquity": 1124400000, "netTangibleAssets": 1015900000}, {"maxAge": 1, "endDate": "2020-09-30", "cash": 441700000, "shortTermInvestments": 338600000, "netReceivables": 2098200000, "inventory": 5700000, "otherCurrentAssets": 629600000, "totalCurrentAssets": 3513800000, "longTermInvestments": 112400000, "propertyPlantEquipment": 321900000, "intangibleAssets": 108500000, "otherAssets": 602200000, "deferredLongTermAssetCharges": 30400000, "totalAssets": 4658800000, "accountsPayable": 1494500000, "otherCurrentLiab": 833300000, "longTermDebt": 218400000, "otherLiab": 155800000, "minorityInterest": 163900000, "totalCurrentLiabilities": 2940600000, "totalLiab": 3370500000, "commonStock": 257900000, "treasuryStock": 866500000, "otherStockholderEquity": 866500000, "totalStockholderEquity": 1124400000, "netTangibleAssets": 1015900000}, {"maxAge": 1, "endDate": "2020-06-30", "totalStockholderEquity": 882200000, "netTangibleAssets": 770600000}, {"maxAge": 1, "endDate": "2020-03-31", "cash": 285370000, "shortTermInvestments": 150140000, "netReceivables": 3211240000, "inventory": 5690000, "otherCurrentAssets": 36830000, "totalCurrentAssets": 3742380000, "longTermInvestments": 102420000, "propertyPlantEquipment": 352100000, "goodWill": 77660000, "intangibleAssets": 33920000, "otherAssets": 635350000, "deferredLongTermAssetCharges": 29840000, "totalAssets": 4943830000, "accountsPayable": 1831190000, "shortLongTermDebt": 110320000, "otherCurrentLiab": 545710000, "longTermDebt": 182530000, "otherLiab": 157950000, "minorityInterest": 127940000, "totalCurrentLiabilities": 3521740000, "totalLiab": 3933740000, "commonStock": 257890000, "retainedEarnings": -3143960000, "treasuryStock": 1008830000, "capitalSurplus": 2759390000, "otherStockholderEquity": 1008830000, "totalStockholderEquity": 882150000, "netTangibleAssets": 770570000}], "maxAge": 86400}, "earningsHistory": {"history": [{"maxAge": 1, "epsActual": {}, "epsEstimate": {}, "epsDifference": {}, "surprisePercent": {}, "quarter": {}, "period": "-4q"}, {"maxAge": 1, "epsActual": {}, "epsEstimate": {}, "epsDifference": {}, "surprisePercent": {}, "quarter": {}, "period": "-3q"}, {"maxAge": 1, "epsActual": {}, "epsEstimate": {}, "epsDifference": {}, "surprisePercent": {}, "quarter": {}, "period": "-2q"}, {"maxAge": 1, "epsActual": {}, "epsEstimate": {}, "epsDifference": {}, "surprisePercent": {}, "quarter": {}, "period": "-1q"}], "maxAge": 86400}, "summaryProfile": {"address1": "B 50-A, Archana Complex", "address2": "2nd Floo Greater Kailash-I", "city": "New Delhi", "zip": "110048", "country": "India", "phone": "91 11 2644 6666", "fax": "91 11 4986 2990", "website": "http://www.ndtv.com", "industry": "Broadcasting", "sector": "Communication Services", "longBusinessSummary": "New Delhi Television Limited, together with its subsidiaries, engages in television media business in India, the United States, Europe, and internationally. The company operates through two segments, Television Media and Related Operations; and Retail/E-commerce. It operates NDTV 24X7, an English news channel; NDTV India, a Hindi news channel; and NDTV Profit- NDTV Prime, a business and infotainment channel. The company also operates various e-commerce platforms, such as Car and Bike.com, Gadgets 360\u00c2\u00b0, BandBaajaa.com, SmartCooky, and Mojarto.com. New Delhi Television Limited was founded in 1988 and is based in New Delhi, India.", "fullTimeEmployees": 490, "companyOfficers": [], "maxAge": 86400}, "netSharePurchaseActivity": {"maxAge": 1, "period": "6m", "buyInfoCount": 0, "buyInfoShares": 0, "sellInfoCount": 0, "netInfoCount": 0, "netInfoShares": 0, "netPercentInsiderShares": 0.0, "totalInsiderShares": 48711876}, "insiderTransactions": {"transactions": [{"maxAge": 1, "shares": 28000, "filerUrl": "", "transactionText": "", "filerName": "Rao (Narayan K V L)", "filerRelation": "Executive Vice Chairman", "moneyText": "", "startDate": "2014-01-16", "ownership": "D"}, {"maxAge": 1, "shares": 35515, "filerUrl": "", "transactionText": "", "filerName": "Rao (Narayan K V L)", "filerRelation": "Executive Vice Chairman", "moneyText": "", "startDate": "2013-12-20", "ownership": "D"}, {"maxAge": 1, "shares": 9136894, "filerUrl": "", "transactionText": "", "filerName": "Oswal Greentech Ltd", "filerRelation": "Institution- Corporation", "moneyText": "", "startDate": "2011-12-20", "ownership": "D"}, {"maxAge": 1, "shares": 5106518, "filerUrl": "", "transactionText": "", "filerName": "Merrill Lynch Capital Markets Espana S.A.S.V.", "filerRelation": "UNREPORTED", "moneyText": "", "startDate": "2011-12-20", "ownership": "D"}, {"maxAge": 1, "shares": 4030376, "filerUrl": "", "transactionText": "", "filerName": "Nomura Mauritius Ltd", "filerRelation": "Institution- Corporation", "moneyText": "", "startDate": "2011-04-07", "ownership": "D"}, {"maxAge": 1, "shares": 5106518, "filerUrl": "", "transactionText": "", "filerName": "Merrill Lynch Capital Markets Espana S.A.S.V.", "filerRelation": "UNREPORTED", "moneyText": "", "startDate": "2011-04-07", "ownership": "D"}, {"maxAge": 1, "shares": 4030376, "filerUrl": "", "transactionText": "", "filerName": "GS Mace Holdings Ltd", "filerRelation": "UNREPORTED", "moneyText": "", "startDate": "2011-04-07", "ownership": "D"}, {"maxAge": 1, "shares": 3478925, "filerUrl": "", "transactionText": "", "filerName": "Roy (Radhika)", "filerRelation": "Managing Director", "moneyText": "", "startDate": "2010-03-09", "ownership": "D"}, {"maxAge": 1, "shares": 2314762, "filerUrl": "", "transactionText": "", "filerName": "Roy (Radhika)", "filerRelation": "Managing Director", "moneyText": "", "startDate": "2010-03-09", "ownership": "D"}, {"maxAge": 1, "shares": 4836850, "filerUrl": "", "transactionText": "", "filerName": "Roy (Prannoy & Radhika)", "filerRelation": "UNREPORTED", "moneyText": "", "startDate": "2010-03-08", "ownership": "D"}, {"maxAge": 1, "shares": 2314762, "filerUrl": "", "transactionText": "", "filerName": "RRPR Holding Pvt Ltd", "filerRelation": "Institution- Corporation", "moneyText": "", "startDate": "2010-03-08", "ownership": "D"}, {"maxAge": 1, "shares": 3478925, "filerUrl": "", "transactionText": "", "filerName": "Roy (Prannoy)", "filerRelation": "Chairman of the Board", "moneyText": "", "startDate": "2010-03-08", "ownership": "D"}, {"maxAge": 1, "shares": 2314762, "filerUrl": "", "transactionText": "", "filerName": "RRPR Holding Pvt Ltd", "filerRelation": "Institution- Corporation", "moneyText": "", "startDate": "2010-03-08", "ownership": "D"}, {"maxAge": 1, "shares": 2328326, "filerUrl": "", "transactionText": "", "filerName": "RRPR Holding Pvt Ltd", "filerRelation": "Institution- Corporation", "moneyText": "", "startDate": "2010-03-08", "ownership": "D"}, {"maxAge": 1, "shares": 2314762, "filerUrl": "", "transactionText": "", "filerName": "Roy (Prannoy)", "filerRelation": "Chairman of the Board", "moneyText": "", "startDate": "2010-03-08", "ownership": "D"}, {"maxAge": 1, "shares": 3478925, "filerUrl": "", "transactionText": "", "filerName": "RRPR Holding Pvt Ltd", "filerRelation": "Institution- Corporation", "moneyText": "", "startDate": "2010-03-08", "ownership": "D"}, {"maxAge": 1, "shares": 6957850, "filerUrl": "", "transactionText": "", "filerName": "RRPR Holding Pvt Ltd", "filerRelation": "Institution- Corporation", "moneyText": "", "startDate": "2010-03-08", "ownership": "D"}], "maxAge": 1}, "sectorTrend": {"maxAge": 1, "symbol": null, "estimates": []}, "incomeStatementHistoryQuarterly": {"incomeStatementHistory": [{"maxAge": 1, "endDate": "2020-12-31", "totalRevenue": 1058300000, "costOfRevenue": 496800000, "grossProfit": 561500000, "researchDevelopment": {}, "sellingGeneralAdministrative": 255100000, "nonRecurring": {}, "otherOperatingExpenses": {}, "totalOperatingExpenses": 771800000, "operatingIncome": 286500000, "totalOtherIncomeExpenseNet": -12600000, "ebit": 286500000, "interestExpense": -52200000, "incomeBeforeTax": 273900000, "incomeTaxExpense": 47000000, "minorityInterest": {}, "netIncomeFromContinuingOps": 226900000, "discontinuedOperations": {}, "extraordinaryItems": {}, "effectOfAccountingCharges": {}, "otherItems": {}, "netIncome": 203200000, "netIncomeApplicableToCommonShares": 203200000}, {"maxAge": 1, "endDate": "2020-09-30", "totalRevenue": 943500000, "costOfRevenue": 409100000, "grossProfit": 534400000, "researchDevelopment": {}, "sellingGeneralAdministrative": 257100000, "nonRecurring": {}, "otherOperatingExpenses": {}, "totalOperatingExpenses": 689100000, "operatingIncome": 254400000, "totalOtherIncomeExpenseNet": 1300000, "ebit": 254400000, "interestExpense": -50500000, "incomeBeforeTax": 255700000, "incomeTaxExpense": 50300000, "minorityInterest": 163900000, "netIncomeFromContinuingOps": 205400000, "discontinuedOperations": {}, "extraordinaryItems": {}, "effectOfAccountingCharges": {}, "otherItems": {}, "netIncome": 175900000, "netIncomeApplicableToCommonShares": 175900000}, {"maxAge": 1, "endDate": "2020-06-30", "totalRevenue": 727300000, "costOfRevenue": 338600000, "grossProfit": 388700000, "researchDevelopment": {}, "sellingGeneralAdministrative": 228900000, "nonRecurring": {}, "otherOperatingExpenses": {}, "totalOperatingExpenses": 593200000, "operatingIncome": 134100000, "totalOtherIncomeExpenseNet": -40800000, "ebit": 134100000, "interestExpense": -53200000, "incomeBeforeTax": 93300000, "incomeTaxExpense": 17800000, "minorityInterest": 163900000, "netIncomeFromContinuingOps": 75500000, "discontinuedOperations": {}, "extraordinaryItems": {}, "effectOfAccountingCharges": {}, "otherItems": {}, "netIncome": 68900000, "netIncomeApplicableToCommonShares": 68900000}, {"maxAge": 1, "endDate": "2020-03-31", "totalRevenue": 926060000, "costOfRevenue": 469320000, "grossProfit": 456740000, "researchDevelopment": {}, "sellingGeneralAdministrative": 313740000, "nonRecurring": {}, "otherOperatingExpenses": -230000, "totalOperatingExpenses": 830210000, "operatingIncome": 95850000, "totalOtherIncomeExpenseNet": 19530000, "ebit": 95850000, "interestExpense": -15000000, "incomeBeforeTax": 115380000, "incomeTaxExpense": 23510000, "minorityInterest": 127940000, "netIncomeFromContinuingOps": 91870000, "discontinuedOperations": {}, "extraordinaryItems": {}, "effectOfAccountingCharges": {}, "otherItems": {}, "netIncome": 80000000, "netIncomeApplicableToCommonShares": 80000000}], "maxAge": 86400}, "cashflowStatementHistoryQuarterly": {"cashflowStatements": [{"maxAge": 1, "endDate": "2020-12-31", "netIncome": 203200000, "changeToLiabilities": 0}, {"maxAge": 1, "endDate": "2020-09-30", "netIncome": 175900000, "changeToLiabilities": 0}, {"maxAge": 1, "endDate": "2020-06-30", "netIncome": 68900000, "changeToLiabilities": 0}, {"maxAge": 1, "endDate": "2020-03-31", "netIncome": 80000000, "changeToLiabilities": 0}], "maxAge": 86400}, "earnings": {"maxAge": 86400, "earningsChart": {"quarterly": [], "earningsDate": []}, "financialsChart": {"yearly": [{"date": 2017, "revenue": 4899890000, "earnings": -803980000}, {"date": 2018, "revenue": 4256410000, "earnings": -800100000}, {"date": 2019, "revenue": 3987330000, "earnings": 102320000}, {"date": 2020, "revenue": 3731660000, "earnings": 242300000}], "quarterly": [{"date": "1Q2020", "revenue": 926060000, "earnings": 80000000}, {"date": "2Q2020", "revenue": 727300000, "earnings": 68900000}, {"date": "3Q2020", "revenue": 943500000, "earnings": 175900000}, {"date": "4Q2020", "revenue": 1058300000, "earnings": 203200000}]}, "financialCurrency": "INR"}, "financialData": {"maxAge": 86400, "currentPrice": 54.25, "recommendationKey": "none", "totalCash": 780300032, "totalCashPerShare": 12.096, "ebitda": 808174976, "totalDebt": 886899968, "totalRevenue": 3655160064, "debtToEquity": 68.843, "revenuePerShare": 56.658, "grossProfits": 1682440000, "earningsGrowth": 0.8, "revenueGrowth": 0.13, "grossMargins": 0.53112, "ebitdaMargins": 0.2211, "operatingMargins": 0.21089001, "profitMargins": 0.14445, "financialCurrency": "INR"}}}