{"NDTV.BO": {"recommendationTrend": {"trend": [{"period": "0m", "strongBuy": 0, "buy": 0, "hold": 0, "sell": 0, "strongSell": 0}, {"period": "-1m", "strongBuy": 0, "buy": 0, "hold": 0, "sell": 0, "strongSell": 0}, {"period": "-2m", "strongBuy": 0, "buy": 0, "hold": 0, "sell": 0, "strongSell": 0}, {"period": "-3m", "strongBuy": 0, "buy": 0, "hold": 0, "sell": 0, "strongSell": 0}], "maxAge": 86400}, "cashflowStatementHistory": {"cashflowStatements": [{"maxAge": 1, "endDate": "2020-03-31", "netIncome": 242300000, "depreciation": 96660000, "changeToNetincome": 151970000, "changeToAccountReceivables": -280710000, "changeToLiabilities": 207240000, "changeToInventory": 1200000, "changeToOperatingActivities": -267380000, "totalCashFromOperatingActivities": 162780000, "capitalExpenditures": -62880000, "investments": 741330000, "otherCashflowsFromInvestingActivities": 56550000, "totalCashflowsFromInvestingActivities": 739180000, "netBorrowings": -502950000, "otherCashflowsFromFinancingActivities": -214330000, "totalCashFromFinancingActivities": -717280000, "changeInCash": 184680000}, {"maxAge": 1, "endDate": "2019-03-31", "netIncome": 102320000, "depreciation": 103510000, "changeToNetincome": 254030000, "changeToAccountReceivables": -58370000, "changeToLiabilities": 94150000, "changeToInventory": 14500000, "changeToOperatingActivities": -260480000, "totalCashFromOperatingActivities": 265310000, "capitalExpenditures": -80130000, "investments": -125260000, "otherCashflowsFromInvestingActivities": 48740000, "totalCashflowsFromInvestingActivities": -153740000, "netBorrowings": -350490000, "otherCashflowsFromFinancingActivities": -232590000, "totalCashFromFinancingActivities": -583080000, "changeInCash": -471510000}, {"maxAge": 1, "endDate": "2018-03-31", "netIncome": -800100000, "depreciation": 136000000, "changeToNetincome": 368630000, "changeToAccountReceivables": 5570000, "changeToLiabilities": 433060000, "changeToInventory": -11720000, "changeToOperatingActivities": 262480000, "totalCashFromOperatingActivities": 412420000, "capitalExpenditures": -31150000, "investments": -13270000, "otherCashflowsFromInvestingActivities": 54410000, "totalCashflowsFromInvestingActivities": 51520000, "netBorrowings": 255500000, "otherCashflowsFromFinancingActivities": -233170000, "totalCashFromFinancingActivities": 22330000, "changeInCash": 486270000}, {"maxAge": 1, "endDate": "2017-03-31", "netIncome": -803980000, "depreciation": 164060000, "changeToNetincome": 281530000, "changeToAccountReceivables": -300740000, "changeToLiabilities": 359920000, "changeToInventory": 123130000, "changeToOperatingActivities": 82500000, "totalCashFromOperatingActivities": -73110000, "capitalExpenditures": -66420000, "investments": 123360000, "otherCashflowsFromInvestingActivities": 30550000, "totalCashflowsFromInvestingActivities": 90430000, "netBorrowings": 150520000, "otherCashflowsFromFinancingActivities": -210990000, "totalCashFromFinancingActivities": -60470000, "changeInCash": -43150000}], "maxAge": 86400}, "institutionOwnership": {"ownershipList": [], "maxAge": 1}, "balanceSheetHistoryQuarterly": {"balanceSheetStatements": [{"maxAge": 1, "endDate": "2020-06-30", "totalStockholderEquity": 882200000, "netTangibleAssets": 770600000}, {"maxAge": 1, "endDate": "2020-03-31", "cash": 285370000, "shortTermInvestments": 150140000, "netReceivables": 3211240000, "inventory": 5690000, "otherCurrentAssets": 36830000, "totalCurrentAssets": 3742380000, "longTermInvestments": 102420000, "propertyPlantEquipment": 352100000, "goodWill": 77660000, "intangibleAssets": 33920000, "otherAssets": 635350000, "deferredLongTermAssetCharges": 29840000, "totalAssets": 4943830000, "accountsPayable": 1831190000, "shortLongTermDebt": 110320000, "otherCurrentLiab": 545710000, "longTermDebt": 182530000, "otherLiab": 157950000, "minorityInterest": 127940000, "totalCurrentLiabilities": 3521740000, "totalLiab": 3933740000, "commonStock": 257890000, "retainedEarnings": -3143960000, "treasuryStock": 1008830000, "capitalSurplus": 2759390000, "otherStockholderEquity": 1008830000, "totalStockholderEquity": 882150000, "netTangibleAssets": 770570000}, {"maxAge": 1, "endDate": "2019-12-31", "totalStockholderEquity": 698600000, "netTangibleAssets": 580600000}, {"maxAge": 1, "endDate": "2019-09-30", "cash": 761900000, "shortTermInvestments": 133200000, "netReceivables": 2210200000, "inventory": 5900000, "otherCurrentAssets": 529200000, "totalCurrentAssets": 3640400000, "longTermInvestments": 122300000, "propertyPlantEquipment": 342200000, "intangibleAssets": 118000000, "otherAssets": 681100000, "deferredLongTermAssetCharges": 30800000, "totalAssets": 4904000000, "accountsPayable": 1652800000, "otherCurrentLiab": 1059500000, "longTermDebt": 263800000, "otherLiab": 248600000, "minorityInterest": 110800000, "totalCurrentLiabilities": 3582200000, "totalLiab": 4094600000, "commonStock": 257900000, "treasuryStock": 440700000, "otherStockholderEquity": 440700000, "totalStockholderEquity": 698600000, "netTangibleAssets": 580600000}], "maxAge": 86400}, "earningsHistory": {"history": [{"maxAge": 1, "epsActual": {}, "epsEstimate": {}, "epsDifference": {}, "surprisePercent": {}, "quarter": {}, "period": "-4q"}, {"maxAge": 1, "epsActual": {}, "epsEstimate": {}, "epsDifference": {}, "surprisePercent": {}, "quarter": {}, "period": "-3q"}, {"maxAge": 1, "epsActual": {}, "epsEstimate": {}, "epsDifference": {}, "surprisePercent": {}, "quarter": {}, "period": "-2q"}, {"maxAge": 1, "epsActual": {}, "epsEstimate": {}, "epsDifference": {}, "surprisePercent": {}, "quarter": {}, "period": "-1q"}], "maxAge": 86400}, "indexTrend": {"maxAge": 1, "symbol": "SP5", "peRatio": 19.7411, "pegRatio": 1.34172, "estimates": [{"period": "0q", "growth": 0.549}, {"period": "+1q", "growth": 0.431}, {"period": "0y", "growth": 0.305}, {"period": "+1y", "growth": 0.109}, {"period": "+5y", "growth": 0.120865}, {"period": "-5y"}]}, "industryTrend": {"maxAge": 1, "symbol": null, "estimates": []}, "insiderTransactions": {"transactions": [{"maxAge": 1, "shares": 28000, "filerUrl": "", "transactionText": "", "filerName": "Rao (Narayan K V L)", "filerRelation": "Executive Vice Chairman", "moneyText": "", "startDate": "2014-01-16", "ownership": "D"}, {"maxAge": 1, "shares": 35515, "filerUrl": "", "transactionText": "", "filerName": "Rao (Narayan K V L)", "filerRelation": "Executive Vice Chairman", "moneyText": "", "startDate": "2013-12-20", "ownership": "D"}, {"maxAge": 1, "shares": 5106518, "filerUrl": "", "transactionText": "", "filerName": "Merrill Lynch Capital Markets Espana S.A.S.V.", "filerRelation": "UNREPORTED", "moneyText": "", "startDate": "2011-12-20", "ownership": "D"}, {"maxAge": 1, "shares": 9136894, "filerUrl": "", "transactionText": "", "filerName": "Oswal Greentech Ltd", "filerRelation": "Institution- Corporation", "moneyText": "", "startDate": "2011-12-20", "ownership": "D"}, {"maxAge": 1, "shares": 4030376, "filerUrl": "", "transactionText": "", "filerName": "GS Mace Holdings Ltd", "filerRelation": "UNREPORTED", "moneyText": "", "startDate": "2011-04-07", "ownership": "D"}, {"maxAge": 1, "shares": 5106518, "filerUrl": "", "transactionText": "", "filerName": "Merrill Lynch Capital Markets Espana S.A.S.V.", "filerRelation": "UNREPORTED", "moneyText": "", "startDate": "2011-04-07", "ownership": "D"}, {"maxAge": 1, "shares": 4030376, "filerUrl": "", "transactionText": "", "filerName": "Nomura Mauritius Ltd", "filerRelation": "Institution- Corporation", "moneyText": "", "startDate": "2011-04-07", "ownership": "D"}, {"maxAge": 1, "shares": 2314762, "filerUrl": "", "transactionText": "", "filerName": "Roy (Radhika)", "filerRelation": "Managing Director", "moneyText": "", "startDate": "2010-03-09", "ownership": "D"}, {"maxAge": 1, "shares": 3478925, "filerUrl": "", "transactionText": "", "filerName": "Roy (Radhika)", "filerRelation": "Managing Director", "moneyText": "", "startDate": "2010-03-09", "ownership": "D"}, {"maxAge": 1, "shares": 6957850, "filerUrl": "", "transactionText": "", "filerName": "RRPR Holding Pvt Ltd", "filerRelation": "Institution- Corporation", "moneyText": "", "startDate": "2010-03-08", "ownership": "D"}, {"maxAge": 1, "shares": 3478925, "filerUrl": "", "transactionText": "", "filerName": "RRPR Holding Pvt Ltd", "filerRelation": "Institution- Corporation", "moneyText": "", "startDate": "2010-03-08", "ownership": "D"}, {"maxAge": 1, "shares": 2328326, "filerUrl": "", "transactionText": "", "filerName": "RRPR Holding Pvt Ltd", "filerRelation": "Institution- Corporation", "moneyText": "", "startDate": "2010-03-08", "ownership": "D"}, {"maxAge": 1, "shares": 2314762, "filerUrl": "", "transactionText": "", "filerName": "RRPR Holding Pvt Ltd", "filerRelation": "Institution- Corporation", "moneyText": "", "startDate": "2010-03-08", "ownership": "D"}, {"maxAge": 1, "shares": 2314762, "filerUrl": "", "transactionText": "", "filerName": "RRPR Holding Pvt Ltd", "filerRelation": "Institution- Corporation", "moneyText": "", "startDate": "2010-03-08", "ownership": "D"}, {"maxAge": 1, "shares": 2314762, "filerUrl": "", "transactionText": "", "filerName": "Roy (Prannoy)", "filerRelation": "Chairman of the Board", "moneyText": "", "startDate": "2010-03-08", "ownership": "D"}, {"maxAge": 1, "shares": 3478925, "filerUrl": "", "transactionText": "", "filerName": "Roy (Prannoy)", "filerRelation": "Chairman of the Board", "moneyText": "", "startDate": "2010-03-08", "ownership": "D"}, {"maxAge": 1, "shares": 4836850, "filerUrl": "", "transactionText": "", "filerName": "Roy (Prannoy & Radhika)", "filerRelation": "UNREPORTED", "moneyText": "", "startDate": "2010-03-08", "ownership": "D"}], "maxAge": 1}, "quoteType": {"exchange": "BSE", "quoteType": "EQUITY", "symbol": "NDTV.BO", "underlyingSymbol": "NDTV.BO", "shortName": "NEW DELHI TELEVISION LTD.", "longName": "New Delhi Television Limited", "firstTradeDateEpochUtc": "2004-05-19 09:15:00", "timeZoneFullName": "Asia/Kolkata", "timeZoneShortName": "IST", "uuid": "72418cec-885a-3cea-83d2-abfd7ab1bef5", "gmtOffSetMilliseconds": 19800000, "maxAge": 1}, "incomeStatementHistory": {"incomeStatementHistory": [{"maxAge": 1, "endDate": "2020-03-31", "totalRevenue": 3731660000, "costOfRevenue": 2049220000, "grossProfit": 1682440000, "researchDevelopment": {}, "sellingGeneralAdministrative": 1125340000, "nonRecurring": {}, "otherOperatingExpenses": -230000, "totalOperatingExpenses": 3304610000, "operatingIncome": 427050000, "totalOtherIncomeExpenseNet": -71970000, "ebit": 427050000, "interestExpense": -206200000, "incomeBeforeTax": 355080000, "incomeTaxExpense": 75810000, "minorityInterest": 127940000, "netIncomeFromContinuingOps": 279270000, "discontinuedOperations": {}, "extraordinaryItems": {}, "effectOfAccountingCharges": {}, "otherItems": {}, "netIncome": 242300000, "netIncomeApplicableToCommonShares": 242300000}, {"maxAge": 1, "endDate": "2019-03-31", "totalRevenue": 3987330000, "costOfRevenue": 2242960000, "grossProfit": 1744370000, "researchDevelopment": {}, "sellingGeneralAdministrative": 1212320000, "nonRecurring": {}, "otherOperatingExpenses": -720000, "totalOperatingExpenses": 3617790000, "operatingIncome": 369540000, "totalOtherIncomeExpenseNet": -163990000, "ebit": 369540000, "interestExpense": -254800000, "incomeBeforeTax": 205550000, "incomeTaxExpense": 91890000, "minorityInterest": 94880000, "netIncomeFromContinuingOps": 113660000, "discontinuedOperations": {}, "extraordinaryItems": {}, "effectOfAccountingCharges": {}, "otherItems": {}, "netIncome": 102320000, "netIncomeApplicableToCommonShares": 102320000}, {"maxAge": 1, "endDate": "2018-03-31", "totalRevenue": 4256410000, "costOfRevenue": 2901940000, "grossProfit": 1354470000, "researchDevelopment": {}, "sellingGeneralAdministrative": 1685510000, "nonRecurring": {}, "otherOperatingExpenses": -5800000, "totalOperatingExpenses": 4802370000, "operatingIncome": -545960000, "totalOtherIncomeExpenseNet": -189830000, "ebit": -545960000, "interestExpense": -194990000, "incomeBeforeTax": -735790000, "incomeTaxExpense": 107810000, "minorityInterest": 57540000, "netIncomeFromContinuingOps": -843600000, "discontinuedOperations": {}, "extraordinaryItems": {}, "effectOfAccountingCharges": {}, "otherItems": {}, "netIncome": -800100000, "netIncomeApplicableToCommonShares": -800100000}, {"maxAge": 1, "endDate": "2017-03-31", "totalRevenue": 4899890000, "costOfRevenue": 3351850000, "grossProfit": 1548040000, "researchDevelopment": {}, "sellingGeneralAdministrative": 1971260000, "nonRecurring": {}, "otherOperatingExpenses": -5510000, "totalOperatingExpenses": 5502130000, "operatingIncome": -602240000, "totalOtherIncomeExpenseNet": -180780000, "ebit": -602240000, "interestExpense": -189130000, "incomeBeforeTax": -783020000, "incomeTaxExpense": 78740000, "minorityInterest": 82590000, "netIncomeFromContinuingOps": -861760000, "discontinuedOperations": {}, "extraordinaryItems": {}, "effectOfAccountingCharges": {}, "otherItems": {}, "netIncome": -803980000, "netIncomeApplicableToCommonShares": -803980000}], "maxAge": 86400}, "fundOwnership": {"ownershipList": [], "maxAge": 1}, "summaryDetail": {"maxAge": 1, "priceHint": 2, "previousClose": 55.0, "open": 55.0, "dayLow": 54.1, "dayHigh": 56.75, "regularMarketPreviousClose": 55.0, "regularMarketOpen": 55.0, "regularMarketDayLow": 54.1, "regularMarketDayHigh": 56.75, "trailingPE": 22.014624, "volume": 5473, "regularMarketVolume": 5473, "averageVolume": 6347, "averageVolume10days": 2155, "averageDailyVolume10Day": 2155, "bid": 54.2, "ask": 54.85, "bidSize": 0, "askSize": 0, "marketCap": 3494344448, "fiftyTwoWeekLow": 19.2, "fiftyTwoWeekHigh": 56.75, "fiftyDayAverage": 39.165154, "twoHundredDayAverage": 35.35772, "currency": "INR", "fromCurrency": null, "lastMarket": null, "algorithm": null, "tradeable": false}, "sectorTrend": {"maxAge": 1, "symbol": null, "estimates": []}, "incomeStatementHistoryQuarterly": {"incomeStatementHistory": [{"maxAge": 1, "endDate": "2020-06-30", "totalRevenue": 727300000, "costOfRevenue": 338600000, "grossProfit": 388700000, "researchDevelopment": {}, "sellingGeneralAdministrative": 228900000, "nonRecurring": {}, "otherOperatingExpenses": {}, "totalOperatingExpenses": 593200000, "operatingIncome": 134100000, "totalOtherIncomeExpenseNet": -40800000, "ebit": 134100000, "interestExpense": -53200000, "incomeBeforeTax": 93300000, "incomeTaxExpense": 17800000, "minorityInterest": {}, "netIncomeFromContinuingOps": 75500000, "discontinuedOperations": {}, "extraordinaryItems": {}, "effectOfAccountingCharges": {}, "otherItems": {}, "netIncome": 68900000, "netIncomeApplicableToCommonShares": 68900000}, {"maxAge": 1, "endDate": "2020-03-31", "totalRevenue": 926060000, "costOfRevenue": 469320000, "grossProfit": 456740000, "researchDevelopment": {}, "sellingGeneralAdministrative": 313740000, "nonRecurring": {}, "otherOperatingExpenses": -230000, "totalOperatingExpenses": 830210000, "operatingIncome": 95850000, "totalOtherIncomeExpenseNet": 19530000, "ebit": 95850000, "interestExpense": -15000000, "incomeBeforeTax": 115380000, "incomeTaxExpense": 23510000, "minorityInterest": 127940000, "netIncomeFromContinuingOps": 91870000, "discontinuedOperations": {}, "extraordinaryItems": {}, "effectOfAccountingCharges": {}, "otherItems": {}, "netIncome": 80000000, "netIncomeApplicableToCommonShares": 80000000}, {"maxAge": 1, "endDate": "2019-12-31", "totalRevenue": 936700000, "costOfRevenue": 523600000, "grossProfit": 413100000, "researchDevelopment": {}, "sellingGeneralAdministrative": 244300000, "nonRecurring": {}, "otherOperatingExpenses": -230000, "totalOperatingExpenses": 794500000, "operatingIncome": 142200000, "totalOtherIncomeExpenseNet": -10500000, "ebit": 142200000, "interestExpense": -55800000, "incomeBeforeTax": 131700000, "incomeTaxExpense": 10400000, "minorityInterest": 127940000, "netIncomeFromContinuingOps": 121300000, "discontinuedOperations": {}, "extraordinaryItems": {}, "effectOfAccountingCharges": {}, "otherItems": {}, "netIncome": 112500000, "netIncomeApplicableToCommonShares": 112500000}, {"maxAge": 1, "endDate": "2019-09-30", "totalRevenue": 772200000, "costOfRevenue": 500100000, "grossProfit": 272100000, "researchDevelopment": {}, "sellingGeneralAdministrative": 279700000, "nonRecurring": {}, "otherOperatingExpenses": -230000, "totalOperatingExpenses": 807100000, "operatingIncome": -34900000, "totalOtherIncomeExpenseNet": -55800000, "ebit": -34900000, "interestExpense": -68600000, "incomeBeforeTax": -90700000, "incomeTaxExpense": 9800000, "minorityInterest": 110800000, "netIncomeFromContinuingOps": -100500000, "discontinuedOperations": {}, "extraordinaryItems": {}, "effectOfAccountingCharges": {}, "otherItems": {}, "netIncome": -102700000, "netIncomeApplicableToCommonShares": -102700000}], "maxAge": 86400}, "cashflowStatementHistoryQuarterly": {"cashflowStatements": [{"maxAge": 1, "endDate": "2020-06-30", "netIncome": 68900000, "changeToLiabilities": 0}, {"maxAge": 1, "endDate": "2020-03-31", "netIncome": 80000000, "changeToLiabilities": 0}, {"maxAge": 1, "endDate": "2019-12-31", "netIncome": 112500000, "changeToLiabilities": 0}, {"maxAge": 1, "endDate": "2019-09-30", "netIncome": -102700000, "changeToLiabilities": 0}], "maxAge": 86400}, "insiderHolders": {"holders": [{"maxAge": 1, "name": "GS Mace Holdings Ltd", "relation": "UNREPORTED", "url": "", "transactionDescription": "Sale", "latestTransDate": "2011-04-07", "positionDirect": 0, "positionDirectDate": "2011-04-07"}, {"maxAge": 1, "name": "Merrill Lynch Capital Markets Espana S.A.S.V.", "relation": "UNREPORTED", "url": "", "transactionDescription": "Acquisition", "latestTransDate": "2011-12-20", "positionDirect": 0, "positionDirectDate": "2011-12-20"}, {"maxAge": 1, "name": "Nomura Mauritius Ltd", "relation": "Institution- Corporation", "url": "", "transactionDescription": "Acquisition", "latestTransDate": "2011-04-07", "positionDirect": 4030376, "positionDirectDate": "2011-04-07"}, {"maxAge": 1, "name": "Oswal Greentech Ltd", "relation": "Institution- Corporation", "url": "", "transactionDescription": "Acquisition", "latestTransDate": "2011-12-20", "positionDirect": 9136894, "positionDirectDate": "2011-12-20"}, {"maxAge": 1, "name": "RRPR Holding Pvt Ltd", "relation": "Institution- Corporation", "url": "", "transactionDescription": "Sale", "latestTransDate": "2010-03-08", "positionDirect": 14184404, "positionDirectDate": "2010-03-08"}, {"maxAge": 1, "name": "Rao (Narayan K V L)", "relation": "Executive Vice Chairman", "url": "", "transactionDescription": "Sale", "latestTransDate": "2014-01-16", "positionDirect": 122288, "positionDirectDate": "2014-01-16"}, {"maxAge": 1, "name": "Roy (Prannoy & Radhika)", "relation": "UNREPORTED", "url": "", "transactionDescription": "Sale", "latestTransDate": "2010-03-08", "positionDirect": 0, "positionDirectDate": "2010-03-08"}, {"maxAge": 1, "name": "Roy (Prannoy)", "relation": "Chairman of the Board", "url": "", "transactionDescription": "Sale", "latestTransDate": "2010-03-08", "positionDirect": 10276991, "positionDirectDate": "2010-03-08"}, {"maxAge": 1, "name": "Roy (Radhika)", "relation": "Managing Director", "url": "", "transactionDescription": "Sale", "latestTransDate": "2010-03-09", "positionDirect": 10524249, "positionDirectDate": "2010-03-09"}], "maxAge": 1}, "earnings": {"maxAge": 86400, "earningsChart": {"quarterly": [], "earningsDate": ["2020-08-10 05:30:S"]}, "financialsChart": {"yearly": [{"date": 2017, "revenue": 4899890000, "earnings": -803980000}, {"date": 2018, "revenue": 4256410000, "earnings": -800100000}, {"date": 2019, "revenue": 3987330000, "earnings": 102320000}, {"date": 2020, "revenue": 3731660000, "earnings": 242300000}], "quarterly": [{"date": "3Q2019", "revenue": 772200000, "earnings": -102700000}, {"date": "4Q2019", "revenue": 936700000, "earnings": 112500000}, {"date": "1Q2020", "revenue": 926060000, "earnings": 80000000}, {"date": "2Q2020", "revenue": 727300000, "earnings": 68900000}]}, "financialCurrency": "INR"}, "calendarEvents": {"maxAge": 1, "earnings": {"earningsDate": ["2020-08-10 05:30:S"]}}, "upgradeDowngradeHistory": {"history": [], "maxAge": 86400}, "price": {"maxAge": 1, "regularMarketChangePercent": -0.014545441, "regularMarketChange": -0.79999924, "regularMarketTime": "2021-04-30 15:27:41", "priceHint": 2, "regularMarketPrice": 54.2, "regularMarketDayHigh": 56.75, "regularMarketDayLow": 54.1, "regularMarketVolume": 5473, "averageDailyVolume10Day": 2155, "averageDailyVolume3Month": 6347, "regularMarketPreviousClose": 55.0, "regularMarketSource": "FREE_REALTIME", "regularMarketOpen": 55.0, "exchange": "BSE", "exchangeName": "BSE", "exchangeDataDelayedBy": 0, "marketState": "CLOSED", "quoteType": "EQUITY", "symbol": "NDTV.BO", "underlyingSymbol": null, "shortName": "NEW DELHI TELEVISION LTD.", "longName": "New Delhi Television Limited", "currency": "INR", "quoteSourceName": "Delayed Quote", "currencySymbol": "\u20b9", "fromCurrency": null, "lastMarket": null, "marketCap": 3494344448}, "balanceSheetHistory": {"balanceSheetStatements": [{"maxAge": 1, "endDate": "2020-03-31", "cash": 285370000, "shortTermInvestments": 150140000, "netReceivables": 3211240000, "inventory": 5690000, "otherCurrentAssets": 36830000, "totalCurrentAssets": 3742380000, "longTermInvestments": 102420000, "propertyPlantEquipment": 352100000, "goodWill": 77660000, "intangibleAssets": 33920000, "otherAssets": 635350000, "deferredLongTermAssetCharges": 29840000, "totalAssets": 4943830000, "accountsPayable": 1831190000, "shortLongTermDebt": 110320000, "otherCurrentLiab": 545710000, "longTermDebt": 182530000, "otherLiab": 157950000, "minorityInterest": 127940000, "totalCurrentLiabilities": 3521740000, "totalLiab": 3933740000, "commonStock": 257890000, "retainedEarnings": -3143960000, "treasuryStock": 1008830000, "capitalSurplus": 2759390000, "otherStockholderEquity": 1008830000, "totalStockholderEquity": 882150000, "netTangibleAssets": 770570000}, {"maxAge": 1, "endDate": "2019-03-31", "cash": 100690000, "shortTermInvestments": 418590000, "netReceivables": 2874440000, "inventory": 6890000, "otherCurrentAssets": 24870000, "totalCurrentAssets": 3482460000, "longTermInvestments": 424150000, "propertyPlantEquipment": 277310000, "goodWill": 77660000, "intangibleAssets": 45490000, "otherAssets": 626870000, "deferredLongTermAssetCharges": 24690000, "totalAssets": 4933940000, "accountsPayable": 1684460000, "shortLongTermDebt": 100020000, "otherCurrentLiab": 532510000, "longTermDebt": 504670000, "otherLiab": 195280000, "minorityInterest": 94880000, "totalCurrentLiabilities": 3471560000, "totalLiab": 4181510000, "commonStock": 257890000, "retainedEarnings": -3368560000, "treasuryStock": 1008830000, "capitalSurplus": 2759390000, "otherStockholderEquity": 1008830000, "totalStockholderEquity": 657550000, "netTangibleAssets": 534400000}, {"maxAge": 1, "endDate": "2018-03-31", "cash": 601900000, "shortTermInvestments": 309550000, "netReceivables": 2639580000, "inventory": 21390000, "otherCurrentAssets": 58230000, "totalCurrentAssets": 3666880000, "longTermInvestments": 195570000, "propertyPlantEquipment": 336240000, "goodWill": 77660000, "intangibleAssets": 57200000, "otherAssets": 701090000, "deferredLongTermAssetCharges": 22110000, "totalAssets": 5034640000, "accountsPayable": 1729960000, "shortLongTermDebt": 66820000, "otherCurrentLiab": 374610000, "longTermDebt": 642660000, "otherLiab": 136750000, "minorityInterest": 57540000, "totalCurrentLiabilities": 3696170000, "totalLiab": 4485580000, "commonStock": 257890000, "retainedEarnings": -3676450000, "treasuryStock": 1150700000, "capitalSurplus": 2759380000, "otherStockholderEquity": 1150700000, "totalStockholderEquity": 491520000, "netTangibleAssets": 356660000}, {"maxAge": 1, "endDate": "2017-03-31", "cash": 115620000, "shortTermInvestments": 358420000, "netReceivables": 2775250000, "inventory": 9680000, "otherCurrentAssets": 95500000, "totalCurrentAssets": 3374290000, "longTermInvestments": 129110000, "propertyPlantEquipment": 466670000, "goodWill": 77660000, "intangibleAssets": 63980000, "otherAssets": 667100000, "deferredLongTermAssetCharges": 11150000, "totalAssets": 4778810000, "accountsPayable": 1331760000, "shortLongTermDebt": 78500000, "otherCurrentLiab": 249130000, "longTermDebt": 464310000, "otherLiab": 156930000, "minorityInterest": 82590000, "totalCurrentLiabilities": 3033720000, "totalLiab": 3664960000, "commonStock": 257890000, "retainedEarnings": -2876360000, "treasuryStock": 890340000, "capitalSurplus": 2759390000, "otherStockholderEquity": 890340000, "totalStockholderEquity": 1031260000, "netTangibleAssets": 889620000}], "maxAge": 86400}, "earningsTrend": {"trend": [{"maxAge": 1, "period": "0q", "endDate": null, "growth": {}, "earningsEstimate": {"avg": 0.0, "low": 0.0, "high": 0.0, "yearAgoEps": {}, "numberOfAnalysts": 0, "growth": {}}, "revenueEstimate": {"avg": 0, "low": 0, "high": 0, "numberOfAnalysts": 0, "yearAgoRevenue": {}, "growth": {}}, "epsTrend": {"current": 0.0, "7daysAgo": 0.0, "30daysAgo": 0.0, "60daysAgo": 0.0, "90daysAgo": 0.0}, "epsRevisions": {"upLast7days": 0, "upLast30days": 0, "downLast30days": 0, "downLast90days": {}}}, {"maxAge": 1, "period": "+1q", "endDate": null, "growth": {}, "earningsEstimate": {"avg": 0.0, "low": 0.0, "high": 0.0, "yearAgoEps": {}, "numberOfAnalysts": 0, "growth": {}}, "revenueEstimate": {"avg": 0, "low": 0, "high": 0, "numberOfAnalysts": 0, "yearAgoRevenue": {}, "growth": {}}, "epsTrend": {"current": 0.0, "7daysAgo": 0.0, "30daysAgo": 0.0, "60daysAgo": 0.0, "90daysAgo": 0.0}, "epsRevisions": {"upLast7days": 0, "upLast30days": 0, "downLast30days": 0, "downLast90days": {}}}, {"maxAge": 1, "period": "0y", "endDate": null, "growth": {}, "earningsEstimate": {"avg": 0.0, "low": 0.0, "high": 0.0, "yearAgoEps": {}, "numberOfAnalysts": 0, "growth": {}}, "revenueEstimate": {"avg": 0, "low": 0, "high": 0, "numberOfAnalysts": 0, "yearAgoRevenue": {}, "growth": {}}, "epsTrend": {"current": 0.0, "7daysAgo": 0.0, "30daysAgo": 0.0, "60daysAgo": 0.0, "90daysAgo": 0.0}, "epsRevisions": {"upLast7days": 0, "upLast30days": 0, "downLast30days": 0, "downLast90days": {}}}, {"maxAge": 1, "period": "+1y", "endDate": null, "growth": {}, "earningsEstimate": {"avg": 0.0, "low": 0.0, "high": 0.0, "yearAgoEps": {}, "numberOfAnalysts": 0, "growth": {}}, "revenueEstimate": {"avg": 0, "low": 0, "high": 0, "numberOfAnalysts": 0, "yearAgoRevenue": {}, "growth": {}}, "epsTrend": {"current": 0.0, "7daysAgo": 0.0, "30daysAgo": 0.0, "60daysAgo": 0.0, "90daysAgo": 0.0}, "epsRevisions": {"upLast7days": 0, "upLast30days": 0, "downLast30days": 0, "downLast90days": {}}}, {"maxAge": 1, "period": "+5y", "endDate": null, "growth": {}, "earningsEstimate": {"avg": {}, "low": {}, "high": {}, "yearAgoEps": {}, "numberOfAnalysts": {}, "growth": {}}, "revenueEstimate": {"avg": {}, "low": {}, "high": {}, "numberOfAnalysts": {}, "yearAgoRevenue": {}, "growth": {}}, "epsTrend": {"current": {}, "7daysAgo": {}, "30daysAgo": {}, "60daysAgo": {}, "90daysAgo": {}}, "epsRevisions": {"upLast7days": {}, "upLast30days": {}, "downLast30days": {}, "downLast90days": {}}}, {"maxAge": 1, "period": "-5y", "endDate": null, "growth": {}, "earningsEstimate": {"avg": {}, "low": {}, "high": {}, "yearAgoEps": {}, "numberOfAnalysts": {}, "growth": {}}, "revenueEstimate": {"avg": {}, "low": {}, "high": {}, "numberOfAnalysts": {}, "yearAgoRevenue": {}, "growth": {}}, "epsTrend": {"current": {}, "7daysAgo": {}, "30daysAgo": {}, "60daysAgo": {}, "90daysAgo": {}}, "epsRevisions": {"upLast7days": {}, "upLast30days": {}, "downLast30days": {}, "downLast90days": {}}}], "maxAge": 1}, "financialData": {"maxAge": 86400, "currentPrice": 54.2, "recommendationKey": "none", "grossProfits": 1682440000, "financialCurrency": "INR"}}}